2023 3162
267 90 346 123 230
682 69 1111 109 M.V1·rnuv11
1157 64 1500 105 Poimoms

267 154 456 189 macerata
476 140 543 190 [d]
562 140 728 180 ascietur.
758 140 797 176 Si
815 137 859 175 ad
878 134 1010 173 asciam
1031 132 1257 174 offenderint
1278 136 1429 176 calculi,
1451 147 1532 175 non
1551 139 1619 176 erit
1636 147 1857 191 temperata:

269 215 433 253 cumque
447 201 588 239 siccum
600 199 636 236 &
647 207 783 248 purum
800 193 938 230 ferrum
956 191 1133 231 educetur
1145 221 1154 236 ,
1172 190 1352 229 indicabit
1363 203 1448 229 eam
1461 194 1519 238 [e]
1531 195 1724 234 evanidam
1736 199 1773 235 ὅ(
1785 197 1857 234 {iti-

269 259 450 298 culosain:
475 267 564 295 cum
582 266 672 293 vcro
684 251 829 303 pinguis
849 248 960 286 fuerit
971 250 1008 286 ὅ(
1019 249 1117 286 τεᾶς
1129 258 1314 285 macerata
1325 274 1333 288 ,
1359 249 1457 286 circa
1475 248 1511 285 id
1523 248 1787 290 ferramentum
1807 254 1861 290 uti

269 317 458 367 glutinum
469 314 619 350 liaercns,
633 309 741 346 omni
753 306 898 342 ratione
908 304 1087 355 probabit
1096 304 1129 341 se
1140 303 1208 342 csse
1219 314 1474 354 temperatam.
1507 307 1620 343 Tunc
1640 316 1764 346 autern
1782 321 1862 346 ma·

271 372 395 411 chinis
414 367 637 419 comparatis
662 373 894 401 camerarum
913 359 1170 412 dispositiones
1190 363 1227 399 in
1246 361 1490 399 conclavibus
1510 362 1771 413 expediantur,
1794 362 1858 402 nifi

273 427 353 481 [f]
372 425 599 466 lacunaribus
619 433 664 459 ea
679 418 818 458 fuerint
829 426 974 455 ornata.

915 529 951 567 C
980 539 1009 567 A
1040 542 1071 566 P.
1128 528 1206 565 111.

507 622 590 674 De
600 636 901 673 camerarum
916 615 1222 693 dispositione,
1236 615 1566 691 trullifflttione
1579 615 1642 676 Εἴ

930 699 1082 742 testona
1097 711 1210 762 opere.

273 818 408 905 CU
420 831 447 858 ivi
470 830 561 869 ergo
579 820 638 865 [a]
651 829 885 857 camerarum
907 815 1150 868 postulabitur
1169 817 1282 862 ratio,
1302 815 1350 855 sic
1370 827 1478 855 erunt
1497 815 1690 854 faciundae.
1723 816 1867 856 Afferes

365 876 492 915 directi
511 875 749 927 disponantur
767 877 861 912 inter
879 873 934 918 se,
958 885 1004 910 ne
1022 874 1106 923 plus
1118 873 1275 924 spatium
1300 873 1475 911 habentes
1494 873 1603 924 pedes
1619 873 1747 913 binos,
1771 877 1810 913 ὃς
1830 875 1869 912 hi

272 935 437 972 maxime
458 931 675 983 cupressini,
696 931 800 981 quod
819 930 966 979 abiegni
987 929 1031 966 ab
1051 931 1148 968 carie
1167 931 1205 967 ὅ(
1223 929 1270 967 ab
1287 930 1463 969 vestutate
1480 930 1646 968 celeriter
1671 932 1844 969 vitiantur
1857 961 1866 969 .

273 989 388 1040 hique
409 987 536 1026 afferes
556 1001 644 1025 cum
657 989 702 1026 ad
714 988 876 1025 formam
889 986 1143 1024 circinationis
1155 985 1287 1024 fuerint
1297 987 1495 1026 distributi,
1516 983 1574 1031 [b]
1591 989 1730 1025 catenis
1747 985 1870 1038 dispo-

273 1045 347 1084 fitis
360 1073 368 1087 ‚
388 1046 435 1083 ad
454 1046 760 1095 contignationes
781 1042 879 1092 (sive
897 1042 993 1080 tecta
1006 1045 1139 1094 erunt)
1158 1042 1345 1083 crebriter,
1365 1040 1412 1096 [c]
1433 1045 1543 1083 clavis
1563 1041 1685 1082 ferreis
1696 1042 1776 1083 fixi,
1791 1045 1872 1083 reli-

1717 1110 1870 1150 gentur:

274 1192 304 1228 d]
334 1193 418 1221 Idem.
442 1191 552 1220 Calceni
562 1200 591 1219 ut
601 1190 694 1219 utilem
704 1191 736 1219 ad
753 1190 882 1220 albariam
901 1201 967 1231 opus
979 1191 1074 1230 probes
1085 1213 1092 1222 .
1111 1193 1167 1231 post
1185 1194 1290 1221 Vitruv.
1302 1194 1383 1221 etiam
1394 1193 1492 1231 reperit
1512 1192 1637 1220 Palladius
1657 1190 1704 1219 lib.
1718 1202 1739 1220 1.
1758 1201 1870 1230 cap-14.

315 1237 345 1260 A
342 1237 403 1269 scia,
414 1232 499 1270 inquit
511 1252 518 1262 ‚
532 1232 625 1259 calcem
635 1231 709 1270 quasi
714 1232 810 1268 lignum
820 1232 924 1260 dolabis.
937 1231 963 1269 fi
975 1232 1103 1271 nufipum
1112 1236 1175 1261 acie!
1185 1235 1239 1272 ejws
1249 1233 1376 1271 offendm}
1385 1255 1391 1266 ,
1416 1235 1450 1268 &‘
1461 1232 1486 1270 fi
1493 1233 1560 1272 quod
1570 1233 1636 1269 ascia
1646 1233 1758 1260 adharet
1766 1253 1774 1264 s
1790 1232 1873 1268 fuerit

317 1274 389 1302 molle
398 1282 428 1300 ac
439 1272 559 1309 vifiosum
570 1292 577 1303 ,
597 1272 690 1307 constat
707 1272 813 1301 albariu-
821 1273 933 1310 operibus
944 1276 1085 1301 convenire.
1107 1274 1172 1303 Hoc
1182 1279 1207 1304 &
1226 1275 1292 1303 Plin.
1302 1273 1393 1302 scribit
1407 1282 1558 1302 memorato
1576 1283 1632 1311 cap.
1650 1284 1693 1307 23.
1717 1277 1815 1300 Lacum
1824 1283 1872 1311 ap-

317 1314 398 1353 pellat
407 1313 628 1351 conceptaculum
640 1334 645 1344 ,
662 1312 707 1341 ubi
715 1313 773 1341 calx
785 1323 933 1342 maceratur
944 1335 950 1346 ,
961 1322 991 1342 ut
1002 1314 1019 1341 fi
1030 1324 1080 1353 qua
1091 1315 1169 1355 gleba
1178 1325 1270 1354 parurn
1280 1315 1388 1356 ignibus
1400 1317 1425 1342 in
1435 1315 1550 1344 calcario
1562 1316 1612 1350 (ita
1621 1315 1712 1343 locum
1722 1314 1769 1343 ubi
1779 1312 1875 1352 coqui-

318 1363 361 1382 tur
370 1353 482 1393 appellat
493 1353 634 1388 Palladius)
647 1355 759 1382 excosta
768 1351 847 1382 fuerit
858 1376 864 1387 ‚
886 1355 1066 1383 maceratione
1076 1354 1201 1384 iblvatur.
1463 1364 1469 1369 ’

276 1397 302 1430 e]
337 1395 421 1422 Idem.
442 1394 471 1422 ld
484 1394 519 1422 est
531 1404 631 1426 raram,
652 1394 767 1427 inanem,
780 1406 840 1423 cum
850 1404 972 1434 oporteat
981 1396 1082 1424 lentam
1094 1394 1145 1425 effe
1157 1401 1181 1425 ὅ(
1193 1397 1365 1438 glutinosam,
1379 1406 1456 1435 quam
1467 1396 1498 1424 ad
1508 1396 1620 1424 teE’toria
1631 1394 1736 1434 probes.

340 1436 425 1463 Idem.
448 1436 592 1463 Lacunaria
604 1436 708 1474 proprie
720 1437 960 1475 contignationurn
969 1435 1037 1464 sunt.
1062 1438 1183 1466 Camerae
1195 1449 1259 1467 vero
1268 1448 1420 1469 curvantur.
1430 1438 1485 1465 alix
1495 1437 1521 1464 in
1533 1436 1674 1465 testudines
1686 1457 1693 1469 ,
1713 1435 1834 1474 quaedarn
1846 1435 1873 1464 iu

318 1474 508 1514 hemisphaeria,
518 1475 574 1503 alia:
584 1475 770 1514 complusculis
781 1477 894 1507 arcubus
904 1477 1027 1506 constant
1037 1498 1043 1510 ,
1056 1479 1176 1516 quaedam
1187 1479 1292 1509 istarum
1303 1488 1388 1518 partes
1401 1487 1491 1517 quotae
1499 1476 1568 1506 sunt.
1589 1480 1654 1506 Sunt
1666 1480 1690 1506 ὃ(
1702 1477 1870 1515 compofitae,

319 1526 381 1554 quas
393 1517 489 1544 mixtas
499 1517 652 1544 &incertas
666 1518 830 1545 vocaverim.

275 1571 306 1604 a]
334 1568 481 1596 Philander.
504 1570 627 1596 Camerae
636 1588 643 1598 .
658 1577 751 1597 autore
763 1569 857 1597 Servio
869 1569 999 1610 Georgic.
1012 1581 1061 1599 111.
1072 1571 1150 1601 dicta:
1160 1572 1218 1602 sunt
1231 1572 1245 1603 ἃ
1258 1583 1377 1603 camuro.
1388 1572 1413 1601 id
1425 1574 1461 1602 est
1477 1583 1570 1602 curvo.
1579 1574 1637 1602 Nos
1649 1571 1664 1601 εὶ
1674 1575 1772 1601 Graeco
1787 1571 1877 1610 potius

315 1609 448 1637 ducimus.
469 1606 670 1654 Nam›(9anqlg92;
686 1609 712 1637 id
723 1619 807 1648 genus
822 1611 955 1639 strusturae
966 1611 999 1638 ab
1020 1612 1183 1642 Architeffis
1203 1616 1328 1654 appellari
1338 1616 1418 1643 docet
1439 1615 1555 1643 Galenus
1572 1613 1617 1642 lib.
1631 1623 1698 1642 viii.
1712 1615 1745 1642 de
1757 1612 1800 1642 usu
1811 1621 1877 1651 part.

319 1651 449 1689 corporis.
469 1651 567 1678 Earum
574 1648 672 1688 species
679 1649 748 1681 sunt,
760 1651 863 1679 testudo
873 1654 898 1679 δ(
909 1650 1131 1690 haeinisphaetiuin
1145 1674 1152 1687 ,
1169 1654 1201 1683 de
1211 1656 1305 1694 quibus
1317 1657 1372 1685 dixi
1388 1656 1437 1684 lib.
1450 1666 1475 1684 v.
1486 1665 1542 1695 cap.
1553 1665 1580 1684 x.
1598 1658 1624 1683 ὅ(
1634 1652 1723 1683 fornix
1732 1675 1739 1687 ,
1760 1663 1819 1694 quae
1827 1652 1877 1682 ob—

641 1707 677 1739 T
671 1701 798 1739 effnde.

336 2782 419 2820 longa
430 2784 453 2808 ἃ
464 2782 489 2809 in
499 2793 590 2812 arcum
601 2794 679 2813 curva
691 2783 726 2811 est
738 2805 744 2816 ,
765 2792 820 2817 quo
831 2792 927 2822 genere
938 2783 963 2810 in
980 2780 1120 2821 hypogaeis
1132 2782 1155 2807 δε
1167 2774 1413 2816 cryptoporticibus
1434 2782 1555 2819 utuntur.
1579 2772 1623 2801 Est
1634 2774 1658 2799 8<
1670 2779 1755 2815 genus
1763 2770 1831 2808 apud
1841 2770 1893 2797 lta-

335 2823 374 2850 los
384 2832 436 2849 non
449 2823 614 2852 invenustum
627 2847 633 2856 ,
655 2834 703 2852 nec
720 2823 815 2851 inutile
827 2844 833 2854 ,
853 2822 925 2862 quod
936 2823 950 2851 ξι
962 2821 1049 2850 forma
1067 2821 1217 2850 lunulatuin
1230 2825 1345 2849 vocant,
1364 2814 1572 2860 quartat-scilicet
1584 2812 1722 2857 testudinis
1734 2819 1830 2849 partes.
1851 2812 1893 2840 Eo

337 2863 421 2891 solent
431 2863 582 2892 delumbata
593 2863 692 2896 fornix.
703 2868 726 2892 &
738 2863 950 2901 hemisphaerium
962 2863 1094 2895 hebetius,
1107 2860 1258 2901 castigatius
1269 2857 1446 2894 circumsepiri
1456 2860 1506 2883 hve
1514 2862 1700 2900 circumcingi.

273 2900 278 2901 ⁷
295 2904 323 2940 b]
357 2904 439 2932 Idem.
463 2905 492 2931 ld
504 2905 539 2932 cst
551 2905 645 2943 ligneis
655 2905 767 2934 vinculis
777 2926 783 2938 ‚
801 2904 896 2942 quibus
906 2905 975 2932 inter
985 2904 1009 2932 sc
1021 2904 1244 2942 compinguntur,
1257 2903 1281 2928 δέ
1292 2898 1389 2927 eodem
1399 2906 1493 2925 tenore
1509 2902 1657 2923 retinentur
1666 2889 1823 2922 afferes.1ta
1833 2892 1891 2922 usus

338 2946 373 2973 est
385 2944 422 2972 lib
443 2955 467 2972 v.
478 2954 534 2983 cap.
545 2946 651 2973 ultimo.

296 2986 335 3024 c]]
355 2986 438 3015 Idem.
458 2984 510 3015 Vsu
519 2986 724 3025 comprobatum
736 2985 770 3015 est
778 2982 879 3016 ferreos
891 2986 978 3016 clavos
988 2985 1013 3013 in
1025 2985 1152 3014 intestino
1167 2991 1247 3021 opere
1257 2979 1402 3018 plurimum
1414 2976 1499 3006 valere
1512 2998 1518 3008 ,
1540 2985 1621 3004 aereos
1632 2975 1658 3003 in
1670 2977 1794 3044 exteris13
1811 2983 1891 3042 δῐῆέε

1797 3025 1851 3044 umi
1871 3024 1889 3042 ο
