2023 3162
260 98 278 127 s
586 82 783 126 Leonis
827 82 1095 123 Rarus-rra
1142 93 1210 121 DE
1255 76 1514 139 Arsrn'rrs

260 159 382 205 jejune
401 155 699 207 conscripsimus,
722 164 822 191 nuuc
840 152 1133 202 investigandum
1146 151 1213 190 est,
1229 152 1557 202 quemadmodum
1572 156 1781 203 conjunecae
1791 157 1860 196 sese

260 212 467 263 superficies
487 210 650 249 efferant.
680 209 840 259 Singulae
860 208 1010 257 quidem
1031 206 1239 257 superficies
1251 233 1259 247 ‚
1282 218 1323 244 ut
1344 207 1543 247 docuimus
1554 238 1564 253 ‚
1588 214 1733 261 propria
1754 224 1860 263 pyra*

260 268 361 306 mide
371 267 439 305 suis
460 268 650 305 coloribus
669 266 706 303 &
727 265 931 302 luminibus
949 263 1087 300 referta:
1106 264 1268 312 gaudent
1282 277 1289 301 :
1309 264 1415 312 quod
1434 276 1523 302 cum
1542 276 1585 300 ex
1602 264 1859 315 superficiebus

261 336 424 375 corpora
433 325 654 372 integuntur,
665 331 753 359 totae
764 331 968 370 corporum
980 319 1176 371 prospeerae
1187 320 1427 368 quantitates,
1438 318 1699 369 ffiperficiesoe.
1711 325 1858 363 unicam

259 380 489 431 pyramidem
499 378 666 415 referunt
677 402 685 416 ‚
698 386 756 414 tot
767 376 921 413 minutis
932 373 1183 425 pyramidibus
1194 375 1397 424 gravidam,
1413 386 1510 424 quot
1530 374 1579 412 eo
1593 376 1787 427 prospestu
1804 379 1860 417 su-

259 435 425 486 perficies
438 435 545 472 radiis
559 431 939 483 comprehendantur.
958 430 1048 467 Haec
1061 441 1149 467 cum
1160 431 1209 467 ita
1220 429 1300 475 sint,
1313 429 1411 472 dicet
1424 440 1550 469 tamen
1563 432 1755 481 quispiam,
1770 436 1859 483 quid

261 501 362 528 tanta
373 490 562 539 indagatio
573 489 707 540 pistori
717 487 761 525 ad
772 485 1002 538 pingendum
1014 484 1140 523 afferet
1151 486 1424 523 emolumenti?
1448 487 1601 536 Nempe
1614 498 1655 524 ut
1665 488 1856 538 intelligat,

260 547 295 583 se
306 547 468 584 futurum
477 544 654 582 artificem
667 544 774 595 plane
785 542 1057 593 optimum,ubi
1068 543 1211 592 optime
1223 540 1495 591 superficierum
1506 542 1712 580 discrimina
1724 545 1760 581 ὅ(
1771 544 1860 594 prol

262 604 456 652 portiones
469 602 618 638 notarit.
637 600 754 654 Qod
765 597 970 650 paucissimi
981 597 1192 636 admodum
1204 607 1403 635 noverunt.
1419 599 1518 636 Nam
1529 597 1555 635 fi
1566 609 1756 648 rogentur,
1766 601 1864 650 ‚quid¹

261 660 300 694 in
313 669 355 694 ea
369 687 378 701 ‚
395 669 508 706 quam
519 658 664 706 tingunt
678 685 687 699 ,
706 653 898 705 superficie
918 663 1103 691 conentur
1121 652 1277 702 assequi,
1296 654 1427 690 omnia
1438 655 1568 691 reCiius
1587 654 1733 705 possunt
1743 667 1859 704 quam

261 713 353 762 quid
363 715 412 750 ita
424 712 590 749 studeant
600 710 660 748 res
652 710 828 762 pondere.
860 711 987 762 Qare
999 709 1154 747 obsecro
1166 720 1234 745 nos
1245 709 1395 746 audiant
1404 708 1550 747 studiosi
1560 710 1731 761 pistores.
1764 713 1860 763 Qae

262 771 365 806 enim
385 767 713 814 didicissejuvabit‚
732 765 945 815 eaaquovis
965 776 1195 816 praeceptore
1217 763 1351 801 discere
1363 777 1554 814 nunquam
1573 765 1642 803 fuit
1651 776 1768 816 turpe.
1797 767 1859 805 Ac

263 823 400 863 discant
411 824 579 873 quidem,
591 824 683 860 dum
696 823 800 860 lineis
820 823 1056 859 circumeunt
1072 819 1299 871 superficiem
1311 849 1322 865 ‚
1345 821 1508 871 dumque
1527 820 1727 873 descriptos
1746 823 1859 861 locos

262 881 422 931 implent
433 880 635 918 coloribus,
649 878 740 915 nihil
749 878 867 927 magis
878 878 992 927 quaeri
1003 906 1012 921 ‚
1024 888 1138 926 quam
1152 887 1193 914 ut
1202 877 1238 912 in
1250 876 1319 913 hac
1329 888 1400 913 una
1411 876 1598 927 superficie
1609 878 1728 927 plures
1739 876 1853 928 super-

262 936 433 974 ficierum
444 934 574 973 formae
586 933 896 985 repraesententur.
927 934 1018 969 Non
1030 933 1130 968 secus
1142 944 1185 968 ac
1203 930 1228 968 si
1246 931 1452 981 superficies
1466 934 1544 970 haec
1558 961 1568 978 ‚
1591 945 1703 982 quam
1715 935 1860 972 colori-

266 991 334 1029 bus
353 993 528 1044 operiunt
540 1020 551 1036 ,
575 990 659 1027 esset
677 988 882 1026 admodum
899 988 1014 1026 vitrea
1036 989 1072 1025 ἃ
1092 987 1279 1038 perlucida
1297 986 1529 1033 hujusmodi,
1547 998 1659 1038 utper
1682 1000 1765 1026 cam
1777 1001 1859 1027 tota

263 1049 424 1097 pyramis
434 1046 544 1085 visiva
554 1047 648 1084 veris
667 1043 820 1083 visendis
835 1043 1059 1094 corporibus
1076 1053 1282 1092 permearet
1293 1071 1301 1087 ‚
1322 1052 1428 1080 certo
1446 1045 1641 1082 intervallo
1654 1069 1662 1082 ‚
1685 1056 1859 1095 certaque

264 1104 418 1145 cents-ici
428 1102 518 1138 radii
536 1103 573 1138 ὃς
592 1102 743 1139 luminis
761 1098 947 1152 positione
960 1128 971 1145 ‚
992 1099 1137 1136 eminus
1150 1100 1187 1135 in
1209 1100 1293 1136 aere
1305 1098 1373 1135 suis
1391 1100 1485 1137 locis
1498 1098 1714 1137 constitutis.
1739 1102 1858 1154 Qod

261 1159 378 1210 ipsum
387 1160 436 1195 ita
447 1156 527 1195 esse,
540 1156 794 1195 demonstrant
804 1155 1076 1206 pi&ores‚dum
1088 1153 1155 1191 sese
1165 1155 1209 1191 ab
1220 1166 1267 1191 eo
1277 1153 1383 1203 quod
1396 1156 1552 1206 pingunt
1570 1167 1758 1196 amovent,
1775 1160 1859 1195 lon-

262 1213 411 1264 giusque
430 1211 631 1250 consistunt
641 1241 650 1256 ,
669 1222 797 1250 natura
815 1212 910 1249 duce
929 1210 1033 1258 hujus
1051 1210 1158 1261 ipsius
1178 1210 1368 1260 cuspidem
1387 1211 1585 1261 pyramidis
1605 1214 1859 1265 quaeritantes,

262 1270 360 1307 unde
373 1270 501 1306 omnia
521 1269 653 1306 rectius
673 1268 852 1306 concerni
863 1267 1152 1317 commetirique
1164 1267 1382 1316 intelligunt.
1415 1267 1488 1305 Sed
1501 1279 1589 1305 cum
1609 1266 1684 1304 haec
1696 1268 1737 1305 sit
1748 1271 1858 1308 unica

262 1324 321 1362 seu
332 1325 474 1363 tabulas,
488 1323 550 1361 seu
560 1326 705 1374 parietis
716 1322 923 1374 superficies
936 1353 945 1368 ,
956 1325 1121 1372 inquam
1134 1323 1254 1373 pistor
1265 1324 1384 1372 plures
1397 1325 1433 1360 ἃ
1447 1325 1562 1359 varias
1587 1334 1655 1360 una
1666 1326 1859 1373 pyramide

262 1379 543 1432 comprehensas
554 1380 760 1430 superficies
770 1378 1047 1430 pyramidesque
1060 1378 1177 1416 studet
1189 1377 1363 1428 effingere
1376 1407 1386 1423 ,
1399 1380 1539 1416 necesse
1551 1380 1619 1416 erit
1629 1380 1755 1429 aliquo
1766 1382 1858 1419 loco

260 1436 314 1474 sui
324 1438 554 1488 pyramidem
567 1437 664 1474 hanc
675 1435 824 1473 visivam
835 1435 1013 1486 perscindi
1027 1464 1036 1479 ,
1046 1445 1087 1472 ut
1104 1435 1180 1471 istic
1191 1435 1318 1483 quales
1328 1434 1491 1472 fimbrias
1502 1437 1539 1473 ὅτ.
1552 1436 1700 1473 colores
1710 1437 1860 1474 interci-

260 1492 315 1530 sio
327 1493 490 1538 dederit,
509 1493 599 1529 tales
608 1493 728 1542 pictor
739 1492 843 1528 lineis
856 1494 892 1529 ὃ(
906 1491 1098 1542 pingendo
1109 1493 1298 1541 exprimat.
1331 1494 1423 1544 Qae
1433 1503 1487 1528 res
1499 1491 1644 1529 cumita
1654 1490 1709 1537 sit,
1720 1493 1858 1542 pietam

260 1547 495 1598 superficiem
513 1549 700 1585 intuentes
719 1546 995 1585 intercisionem
1017 1548 1204 1596 quandam
1222 1548 1419 1596 pyramidis
1438 1547 1576 1584 vident.
1608 1547 1685 1584 Erit
1704 1560 1794 1598 ergo
1804 1551 1859 1599 pi-

262 1605 361 1642 &ura
371 1603 579 1642 interfectio
599 1603 793 1655 pyramidis
804 1603 921 1641 vifivae
932 1602 1135 1641 secundum
1155 1603 1282 1640 datum
1294 1603 1526 1640 intervallum
1537 1628 1545 1641 ‚
1566 1602 1690 1653 posito
1708 1614 1854 1645 centro,

260 1660 471 1709 statutisque
482 1660 743 1704 luminibus,in
755 1659 876 1697 datam
886 1660 907 1696 s
902 1658 1235 1710 uperficiem,lineis
1248 1660 1284 1695 δε
1297 1658 1490 1696 coloribus
1502 1661 1856 1710 arte,repraesentata.

261 1716 277 1752 I
283 1728 343 1754 am
352 1727 442 1754 vero
462 1717 644 1766 quoniam
659 1715 837 1766 pic‘turam
857 1715 1016 1752 diximus
1029 1715 1096 1752 efl'e
1107 1713 1405 1752 intersectionem
1426 1714 1622 1766 pyramidis
1635 1744 1645 1760 ‚
1665 1717 1795 1754 omnia
1806 1716 1859 1752 id-

261 1774 365 1809 circo
383 1770 638 1822 perscrutanda
649 1770 748 1808 sunt,
771 1783 815 1808 ex
828 1770 961 1821 quibus
980 1772 1094 1808 nobis
1113 1769 1360 1808 intercisionis
1382 1782 1501 1821 partes
1521 1782 1656 1808 omnes
1669 1770 1736 1808 sint
1747 1771 1858 1808 notis-

261 1827 370 1865 fimae.
401 1827 524 1865 Nobis
535 1839 626 1877 ergo
637 1825 859 1865 novissimus
870 1827 991 1864 sermo
1004 1826 1195 1864 habendus
1208 1827 1257 1863 est
1268 1826 1313 1863 de
1324 1825 1598 1876 superficiebus,
1610 1827 1630 1862 a
1641 1827 1778 1874 quibus
1788 1839 1855 1876 py-

259 1882 418 1919 ramides
435 1884 575 1932 pictura
592 1883 866 1920 intercidendas
884 1894 1036 1920 manare
1057 1882 1352 1920 demonstratum
1373 1881 1435 1920 est.
1465 1881 1753 1931 Superficierum
1776 1883 1855 1919 aliae

259 1937 444 1987 prostratae
463 1939 604 1983 jacent,
626 1949 666 1975 ut
686 1939 900 1987 pavimenta
917 1937 1179 1977 aedificiorum,
1201 1940 1238 1976 δε
1252 1947 1358 1974 certae
1374 1935 1580 1986 superficies
1598 1948 1700 1984 aeque
1719 1935 1738 1972 a
1757 1940 1857 1986 pavi-

259 2002 393 2030 mento
406 1992 587 2030 distantes.
617 1992 713 2029 Aliae
722 1994 759 2028 in
770 1993 860 2030 latus
872 1993 1111 2037 incumbunt,
1121 1995 1175 2029 uti
1185 1993 1206 2028 s
1201 2002 1267 2030 unt
1277 1994 1434 2041 parietes
1445 1994 1483 2029 δε
1496 2001 1633 2029 caeterae
1646 1990 1856 2041 superficies

260 2047 460 2098 parietibus
481 2049 708 2086 collineares.
740 2048 837 2084 Inter
849 2046 883 2083 se
902 2056 1029 2084 autem
1051 2059 1154 2095 aeque
1174 2047 1301 2084 distare
1323 2045 1533 2097 superficies
1550 2048 1726 2084 dicuntur
1736 2078 1746 2093 ‚
1766 2061 1856 2086 cum

258 2104 476 2141 intermedia
491 2106 586 2142 inter
597 2115 655 2140 eas
666 2102 834 2140 distantia
845 2128 853 2141 ‚
875 2103 981 2139 omni
993 2102 1083 2139 loco
1101 2100 1151 2139 sui
1163 2102 1292 2140 eadem
1303 2101 1362 2138 est.
1395 2102 1628 2139 Collinearcs
1647 2102 1854 2153 superficies

258 2160 435 2199 illaesum,
455 2171 546 2208 quas
558 2159 691 2197 eadem
704 2159 922 2196 continuata
934 2158 1028 2194 reeca
1038 2159 1133 2194 linea
1143 2159 1252 2195 omni
1271 2167 1371 2205 parre
1382 2157 1431 2194 sui
1445 2171 1551 2206 aeque
1573 2159 1760 2209 contingit
1775 2175 1782 2197 :
1802 2161 1857 2198 uti

257 2215 338 2253 sunt
347 2214 552 2264 superficies
562 2215 821 2264 quadratarum
833 2215 1110 2257 columnarum,
1121 2225 1201 2262 quae
1212 2213 1352 2250 testum
1363 2214 1401 2250 in
1414 2216 1586 2251 ordinem
1601 2214 1646 2251 ad
1657 2217 1854 2264 porticum

260 2270 409 2308 adstant.
439 2271 530 2309 Haec
539 2272 609 2308 illis
630 2282 709 2320 quae
721 2268 825 2318 supra
843 2270 889 2306 de
907 2267 1165 2319 superficiebus
1185 2269 1343 2306 diximus
1361 2268 1530 2306 addenda
1550 2270 1644 2306 sunt.
1676 2270 1745 2307 His
1764 2282 1856 2309 vero

260 2338 341 2375 qux
352 2327 397 2363 de
408 2326 513 2363 radiis
524 2339 612 2364 cum
623 2324 834 2363 extrinsecis
843 2335 925 2362 tum
936 2325 1136 2362 intrinsecis
1147 2326 1184 2362 ὃ(
1195 2325 1363 2362 centrico
1377 2354 1387 2369 ‚
1404 2335 1516 2375 atque
1528 2325 1583 2362 his
1596 2338 1680 2374 quoe
1691 2326 1795 2376 supra
1807 2326 1853 2363 de

257 2382 447 2431 pyramide
457 2382 566 2419 vifiva
577 2381 839 2420 recensuimus,
851 2380 1018 2418 addenda
1029 2380 1079 2418 est
1089 2380 1150 2417 illa
1160 2380 1521 2418 Mathematicorum
1532 2380 1715 2421 sententia,
1727 2394 1770 2418 ex
1781 2394 1853 2431 qua

256 2437 348 2475 illud
359 2437 534 2488 probatur
548 2451 554 2473 :
575 2436 679 2487 quod
691 2436 713 2473 fi
725 2438 820 2473 linea
832 2436 928 2473 resta
939 2436 1017 2474 duo
1027 2436 1181 2482 alicujus
1192 2437 1365 2484 trianguli
1377 2437 1488 2474 latera
1501 2435 1695 2474 intersecet
1704 2462 1712 2476 ,
1735 2436 1852 2485 fitque

257 2493 338 2530 haec
348 2493 421 2543 ipsa
432 2493 563 2531 secans,
572 2495 608 2530 δε
620 2491 814 2529 novissime
826 2492 1052 2542 triangulum
1065 2491 1347 2536 condens,linea
1358 2493 1476 2531 altera:
1487 2494 1592 2530 lineae
1601 2493 1733 2542 prioris
1744 2494 1851 2530 trian-

257 2550 333 2598 guli
344 2561 445 2598 :eque
455 2549 598 2593 distans,
611 2550 677 2585 erit
691 2558 777 2585 tunc
788 2548 940 2597 quidem
952 2549 981 2584 is
993 2550 1111 2596 major
1122 2549 1324 2597 triangulus
1335 2547 1420 2585 huic
1432 2550 1570 2586 minori
1581 2548 1751 2586 lateribus
1762 2558 1848 2597 pro-

258 2605 491 2653 portionalis.
521 2605 613 2642 Haec
632 2603 904 2641 Mathematici.
922 2604 977 2639 At
988 2615 1060 2641 nos
1071 2615 1150 2652 quo
1163 2604 1297 2640 clarior
1317 2603 1517 2653 pistoribus
1526 2603 1568 2641 sit
1581 2603 1703 2640 nostra
1713 2603 1847 2645 oratio,

261 2661 367 2697 latius
385 2661 500 2711 paulo
518 2673 598 2698 rem
617 2659 895 2709 explicabimus.
923 2659 1216 2708 Intelligendum
1235 2658 1284 2696 est
1304 2659 1393 2708 quid
1412 2659 1507 2709 apud
1518 2671 1590 2696 nos
1605 2659 1646 2696 sit
1666 2657 1846 2695 hocloco

119 2715 250 2759 ijsiangu-
259 2717 549 2765 proportionale.
579 2717 752 2752 Dicimus
761 2715 1062 2765 proportionales
1072 2713 1140 2751 esse
1151 2716 1368 2763 triangulos,
1380 2727 1545 2764 quorum
1554 2716 1664 2752 latera
1675 2715 1713 2750 δε
1723 2712 1847 2759 anguli

117 2754 245 2825 ZJJZ'ZZ*
257 2772 350 2807 inter
360 2771 393 2808 se
404 2772 558 2809 eandem
567 2771 776 2809 admodum
786 2772 968 2808 rationem
978 2771 1138 2808 servant:
1157 2771 1262 2819 quod
1272 2769 1296 2807 si
1306 2771 1463 2807 alterum
1475 2770 1641 2819 trianguli
1650 2769 1744 2806 latus
1755 2765 1796 2803 sit
1805 2767 1846 2804 in

256 2826 495 2874 longitudine
516 2829 569 2864 bis
581 2838 695 2876 quam
713 2825 803 2864 basis
814 2837 924 2875 atque
936 2824 1040 2863 semis
1063 2828 1101 2863 δε
1116 2826 1277 2864 alterum
1292 2835 1361 2869 ter,
1373 2838 1507 2863 omnes
1518 2823 1722 2865 huiusmodi
1734 2823 1846 2858 trian-

256 2882 346 2930 guli,
357 2880 417 2918 seu
428 2880 494 2918 sint
504 2883 553 2919 illi
565 2882 718 2930 quidem
729 2883 886 2928 majores
896 2881 983 2921 hoc,
999 2881 1019 2918 s
1013 2894 1057 2918 eu
1067 2883 1244 2925 minores,
1257 2882 1378 2919 modo
1390 2880 1546 2919 candem
1559 2880 1714 2915 laterum
1725 2877 1769 2914 ad
1780 2878 1845 2914 ba-

255 2935 334 2979 sim,
348 2946 390 2975 ut
401 2937 605 2986 italoquar,
617 2938 920 2976 convenientiam
933 2937 1108 2980 habeant,
1129 2947 1234 2975 erunt
1245 2938 1342 2975 inter
1351 2936 1385 2975 se
1392 2933 1706 2988 proportionales.
1738 2932 1843 2971 Nam

1761 3000 1842 3038 quae
