2023 3162
245 95 317 131 196
611 78 1475 120 M.V1‘r1tuvrtPor.r10N1s

238 165 315 190 rata
332 152 568 199 formamque
579 148 658 185 suut
671 145 840 195 syderain
854 145 1001 183 mundo
1011 143 1205 183 simulacra
1217 178 1227 195 ,
1247 156 1373 183 natura
1391 133 1585 195 divinaque
1598 157 1722 184 mente
1740 146 1831 185 defi-

241 218 370 258 gnata‚
396 218 434 244 ut
452 206 681 244 Democrito
691 200 848 249 Physico
860 202 1022 252 placuit,
1039 199 1210 252 exposui:
1231 201 1288 238 scd
1310 210 1526 246 carantam,
1545 214 1708 251 quorum
1726 215 1831 243 ortus

241 268 277 302 ὃ(
290 261 442 303 occasus
455 260 645 312 poss'umus
664 257 954 294 animadvertere
967 285 976 301 ‚
999 256 1166 294 &oculis
1179 259 1360 294 contueri.
1392 257 1568 306 Namque
1591 259 1644 295 uti
1662 260 1831 310 Septem-

240 322 381 361 triones
401 320 542 355 circum
560 317 636 352 axis
659 311 848 350 cardinem
868 311 1049 351 versantes
1069 325 1149 350 non
1170 313 1370 356 occidunt,
1386 323 1510 360 neque
1528 313 1592 350 sub
1611 316 1830 354 terramsub-

243 386 353 413 cunt:
374 374 422 411 lic
442 372 477 409 ὅ(
492 372 589 409 circa
601 368 853 408 Meridianum
867 367 1053 406 cardinem
1064 397 1074 413 ‚
1095 368 1160 417 qui
1179 367 1228 405 est
1241 379 1392 420 propter
1409 367 1690 406 inclinationem
1701 373 1832 409 mundi

243 430 419 477 subjectus
431 438 533 465 terrae
546 454 556 471 ‚
577 424 702 474 sydera
712 423 934 462 versabunda
944 425 1168 473 latentiaque
1178 435 1257 461 non
1269 423 1407 461 habent
1427 422 1582 473 egressus
1592 424 1760 463 Orientes
1779 427 1832 464 su-

243 498 307 538 pra
325 495 480 524 tetram.
519 482 648 530 Itaque
666 491 802 519 eorum
823 478 1066 530 figurationes
1087 490 1240 531 propter
1261 478 1482 516 obstantiam
1505 489 1607 516 terrae
1623 507 1634 524 ‚
1654 491 1734 517 non
1750 481 1831 522 sunt

243 552 355 579 notae.
387 539 505 584 Hujus
517 547 643 575 autem
656 537 707 574 rei
717 535 828 573 index
841 536 890 573 est
900 535 997 573 stella
1011 537 1081 587 [p]
1097 535 1261 586 Canopi,
1280 547 1362 584 quae
1376 534 1430 572 his
1440 534 1654 584 regionibus
1667 535 1834 585 estigno-

244 607 299 636 ta,
323 593 623 632 renunciantibus
643 590 962 642 negotiatoribus,
988 593 1051 640 qui
1071 591 1117 628 ad
1135 601 1314 629 extremas
1326 588 1481 641 AEgypti
1498 592 1693 639 regiones,
1715 596 1836 641 proxi-

243 651 398 700 masque
418 650 558 687 ultimis
576 648 714 686 finibus
733 657 834 685 terrae
854 649 1155 692 terminationes,
1175 646 1333 684 fuerunt.
1364 648 1426 685 De
1444 647 1573 684 mundi
1593 647 1690 684 circa
1701 656 1836 687 terram

245 710 316 760 [q]
342 701 624 757 pervolitantia,
644 703 924 752 duodecimque
944 702 1158 752 signorum,
1179 704 1216 740 &
1237 703 1538 752 Septemtrionali
1555 702 1837 752 Meridianaque

243 773 346 814 parte
365 761 531 811 syderum
542 758 792 811 dispositione,
805 769 845 797 ut
856 758 910 798 sit,
929 758 1111 809 perscitus
1121 757 1248 795 docui.
1281 759 1459 807 Namque
1477 770 1521 795 ex
1535 759 1838 797 eainundiversa-

245 821 370 857 tione,
397 820 433 856 &
448 818 640 855 contrario
652 816 748 853 Solis
760 827 824 865 per
834 814 933 864 figna
945 814 1031 851 curs
1026 826 1047 852 u
1060 843 1069 858 ‚
1089 825 1405 864 gnomonumque
1414 813 1737 863 aequinoctialibus
1757 827 1838 852 um-

246 875 337 913 bris,
362 873 700 911 analemmatorum
720 871 959 908 inveniuntur
978 870 1252 920 descriptiones.
1283 870 1423 908 Caetera
1434 882 1478 907 ex
1490 870 1837 920 Astrologia,quos

247 929 397 967 effeetus
408 929 567 966 habeant
586 926 686 976 signa
695 925 896 964 duodecim
912 951 920 965 ‚
942 924 1048 962 stellae
1059 928 1244 974 quinque,
1268 926 1351 965 Sol,
1371 926 1480 962 Luna
1504 925 1550 963 ad
1569 925 1737 964 humanae
1757 928 1837 964 vitae

247 987 434 1023 rationem
449 1013 458 1028 ‚
480 980 532 1035 [r]
549 983 815 1020 Chaldaeorum
826 982 1170 1018 ratiocinationibus
1181 981 1229 1018 est
1241 981 1528 1019 concedendum
1541 996 1548 1018 :
1565 982 1670 1030 quod
1689 983 1838 1033 propria

248 1041 298 1078 est
318 1053 450 1079 eorum
465 1036 530 1089 [f]
555 1038 860 1088 genethliologiae
879 1038 976 1074 ratio
988 1066 998 1082 ,
1019 1038 1073 1074 uti
1092 1036 1230 1087 possint
1248 1036 1647 1082 antefacta,&futura,
1666 1049 1710 1074 ex
1727 1040 1841 1075 ratio-

248 1096 500 1134 cinationibus
510 1094 686 1131 astrorum
705 1093 900 1143 explicare.
928 1093 1072 1130 Eorum
1084 1104 1208 1131 autem
1218 1094 1453 1131 inventiones
1466 1122 1476 1137 ,
1494 1103 1588 1142 quas
1600 1092 1736 1145 scriptis
1754 1094 1838 1131 reli-

247 1162 408 1201 querunt
421 1180 430 1195 ,
453 1162 523 1199 qua
536 1149 678 1186 solertia
691 1174 701 1191 ‚
723 1149 929 1198 quibusque
941 1149 1192 1187 acuminibus,
1215 1151 1251 1186 δε
1264 1161 1376 1198 quam
1396 1150 1523 1197 magni
1533 1147 1687 1194 suerint,
1704 1150 1769 1198 qui
1790 1148 1838 1186 ab

247 1208 319 1258 ipsa
338 1208 489 1244 natione
500 1205 765 1242 Chaldaeorum
774 1205 1051 1255 profluxerunt,
1071 1203 1283 1243 ostendunt.
1313 1203 1525 1253 Primusque
1536 1203 1707 1250 Berosus,
1726 1207 1764 1242 in
1783 1207 1841 1243 in-

247 1264 321 1300 sula
333 1263 370 1299 ὃς
381 1263 528 1299 civitate
541 1262 633 1298 Coo
645 1258 812 1298 consedit
822 1289 832 1305 ‚
850 1261 976 1309 ibique
987 1261 1128 1311 aperuit
1148 1257 1388 1310 disciplinam.
1419 1260 1548 1297 Postea
1567 1259 1710 1297 studens
1723 1260 1838 1298 Anti-

248 1329 351 1369 pater
363 1343 371 1355 ,
395 1319 562 1366 itemque
575 1316 834 1366 Achinapolus
847 1345 856 1361 ‚
876 1317 939 1365 qui
958 1319 1069 1354 etiam
1082 1327 1160 1353 non
1172 1312 1192 1351 ὲ
1204 1317 1260 1363 [t]
1273 1315 1457 1353 nascentia
1470 1344 1478 1359 ‚
1492 1314 1550 1352 sed
1562 1327 1605 1352 ex
1616 1317 1839 1368 conceptio-

250 1385 297 1411 ne
317 1373 617 1423 genethliologiae
638 1373 801 1409 rationes
821 1373 1022 1422 explicatas
1043 1372 1211 1421 reliquit.
1252 1372 1313 1409 De
1331 1371 1558 1410 naturalibus
1584 1381 1709 1409 autern
1731 1371 1839 1410 rebus

249 1428 387 1466 Thales
400 1428 560 1466 Milesius
573 1459 581 1471 ,
602 1427 844 1477 Anaxagoras
856 1427 1143 1472 Clazomenius,
1159 1426 1379 1477 Pythagoras
1390 1429 1536 1465 Samius
1546 1456 1556 1472 ,
1569 1427 1840 1479 Xenophantes

250 1484 538 1535 Colophonius,
560 1485 806 1521 Democritus
828 1482 1046 1522 Abderites,
1066 1485 1249 1524 rationes,
1266 1484 1401 1533 quibus
1415 1481 1435 1520 ὲ
1448 1484 1557 1521 rebus
1568 1493 1695 1521 natura
1714 1496 1840 1522 rerum

247 1539 853 1590 gubernatetur‚quemadmodum
865 1539 1031 1590 quosque
1041 1537 1191 1577 effeetus
1203 1539 1351 1585 habent,
1362 1540 1588 1590 excogitatas
1599 1541 1838 1590 reliquerunt.

251 1597 429 1647 Qorum
440 1596 586 1633 inventa
598 1593 724 1639 secuti,
738 1591 795 1646 [u]
811 1594 975 1643 syderum
987 1597 1024 1633 ὅ(
1035 1595 1186 1633 occasus
1197 1598 1233 1633 ὅ(
1246 1606 1363 1641 ortus,
1375 1594 1715 1646 tempestatumque
1733 1595 1840 1646 figni-

248 1652 396 1696 ficatus‚
419 1653 497 1699 [x]
520 1650 718 1695 Eudoxus,
741 1651 973 1696 Eudaemon,
994 1651 1186 1691 Callistus,
1210 1652 1339 1689 Melo,
1361 1651 1838 1703 Philippus,Hipparchu5‚

249 1707 387 1744 Aratus
399 1734 410 1751 ‚
421 1709 617 1758 caeterique
633 1719 677 1744 ex
691 1705 918 1757 Astrologia,
942 1709 1011 1758 [y]
1025 1708 1380 1759 Parapegmatorum
1389 1705 1587 1758 disciplinis
1603 1708 1835 1747 invenerunt,

1730 1764 1769 1799 &
1780 1773 1841 1800 eas

731 1839 1834 1849 Μὴ

247 1874 277 1910 p]
309 1871 393 1899 Idem.
419 1873 516 1900 Proclo
528 1874 654 1902 Canobus
665 1875 810 1912 appellatur
820 1876 845 1903 in
857 1875 927 1903 libro
937 1876 968 1903 de
979 1875 1094 1913 sphaera:
1117 1877 1142 1903 O‘
1152 1874 1165 1912 5
1177 1875 1203 1902 ῶν
1213 1872 1282 1912 οἷ’κρφ
1292 1872 1327 1901 πὶ
1336 1873 1450 1910 unhrain
1463 1873 1570 1909 αςᾸρῙές
1580 1870 1702 1909 :at—istst&
1714 1868 1838 1908 Auponge

291 1911 361 1949 αἷςῆς,
371 1909 501 1940 [cim-3³&
512 1913 646 1951 ὀνορωέξεῇ,
663 1915 689 1941 id
700 1915 735 1941 est
749 1935 754 1945 .
771 1915 909 1952 QaesteHa
918 1918 945 1942 in
971 1926 1056 1943 ummo
1064 1919 1156 1952 Argws
1163 1915 1239 1942 navis
1242 1914 1414 1951 gubernaculo
1427 1913 1526 1951 fulget.
1551 1912 1670 1940 Canobus
1678 1915 1837 1940 nominatur.

291 1951 436 1980 Canobum
445 1950 480 1979 ait
492 1953 644 1981 Poiidonius
655 1953 680 1980 in
692 1954 794 1981 Graeeia
805 1964 860 1981 non
871 1955 954 1982 videri
967 1975 973 1986 ,
984 1955 1044 1982 inde
1053 1953 1154 1983 fastum
1165 1975 1171 1986 ‚
1195 1963 1223 1982 ut
1232 1964 1287 1989 eius
1298 1957 1392 1981 Aratus
1403 1963 1455 1981 non
1467 1953 1628 1981 meminerit.
1652 1953 1718 1981 Vide
1726 1952 1839 1981 Strabo-

251 1992 253 1994 ’
293 2001 355 2019 nem
364 1991 410 2019 lib.
421 2002 469 2019 ιιι.
493 1994 580 2020 Locus
590 1992 631 2020 hic
643 1992 780 2025 admonet,
792 2002 819 2021 ut
831 2004 948 2022 errorem
959 1994 1072 2022 Plinii&
1081 1994 1168 2022 Procli
1179 1994 1296 2022 indicem
1306 1989 1541 2022 manifestissimum
1551 2015 1557 2026 ‚
1576 2003 1640 2032 pace
1650 2002 1786 2021 tantorum
1798 1993 1838 2020 vi-

291 2041 382 2060 rorum
392 2033 515 2061 dixerim.
538 2033 636 2061 Plinius
645 2033 710 2061 dicit
720 2032 735 2061 a
748 2033 846 2062 Rhodo
855 2033 997 2066 abscondi,
1009 2033 1143 2074 magisque
1156 2034 1329 2062 Alexandriae.
1354 2035 1464 2063 Procius
1475 2035 1501 2062 in
1513 2033 1612 2062 Rhodo
1624 2043 1694 2074 aegre
1708 2033 1837 2072 conspici,

292 2072 458 2100 Alexandriae
468 2083 521 2100 non
531 2074 611 2101 cerni,
633 2073 682 2101 Sed
693 2083 754 2102 cum
767 2076 891 2113 Canopus
903 2075 970 2104 stella
981 2075 1011 2102 fit
1023 2075 1089 2114 ligni
1099 2075 1222 2106 Austrini‚
1235 2071 1335 2103 neceffe
1347 2075 1383 2103 est
1394 2074 1563 2104 commodius
1573 2071 1749 2105 Alexandriae,
1759 2083 1839 2114 quam

291 2113 317 2139 in
330 2112 428 2140 Rhodo
438 2112 520 2141 insula
539 2115 620 2141 cerni.
644 2114 690 2141 llla
698 2115 769 2142 enim
781 2117 865 2154 magis
875 2116 901 2142 in
914 2115 1175 2153 Austrumprocedit,
1190 2125 1268 2154 quam
1280 2115 1346 2143 haec.

249 2155 279 2192 q]
311 2153 392 2181 Idem.
408 2153 436 2181 ld
446 2154 490 2185 est,
503 2153 658 2184 versatione,
669 2154 851 2182 circulatione.
873 2156 925 2183 Alii
934 2156 1028 2194 legunt
1037 2156 1221 2193 pervolitantis
1231 2153 1276 2193 (fif
1285 2159 1324 2183 ita
1331 2156 1409 2184 edidit
1419 2154 1565 2191 Barbarus)
1576 2164 1605 2183 ut
1614 2152 1743 2184 referatur
1752 2154 1783 2184 ad
1793 2154 1836 2183 di-

282 2194 400 2222 &tionem
413 2194 513 2222 mundi.
533 2197 648 2233 Vtraque
660 2194 740 2222 lectio
751 2205 805 2222 non
814 2205 884 2223 caret
896 2197 1054 2224 auctorizare
1063 2204 1182 2224 veterum
1192 2197 1328 2224 codicum.

248 2235 274 2268 r]
308 2234 392 2262 ldem.
415 2237 455 2262 De
468 2234 598 2263 Chaldaeis
610 2236 708 2263 Cicero
718 2234 787 2262 libro
798 2246 817 2263 ι.
830 2236 862 2264 de
873 2237 1046 2268 divinatione,
1058 2235 1097 2264 his
1109 2236 1195 2264 verbis
1204 2237 1293 2264 tradit:
1308 2235 1437 2268 Chaldaei,
1447 2237 1531 2274 quiex
1539 2237 1663 2266 diuturna
1670 2235 1838 2264 observatio-

283 2283 316 2301 ne
327 2272 448 2312 syderum
457 2274 592 2303 scientIam
602 2284 729 2314 putantur
739 2273 863 2309 effecisse,
875 2285 903 2305 ut
915 2270 1020 2316 proedi'ci
1030 2274 1124 2316 posset,
1135 2277 1197 2316 quid
1209 2278 1304 2316 cuique
1314 2285 1466 2310 venturum,
1476 2281 1499 2306 δι
1510 2288 1566 2317 quo
1575 2277 1683 2317 quiffiue
1693 2275 1750 2304 fato
1761 2286 1837 2304 natus

283 2310 357 2341 effer.
379 2315 462 2343 Aulus
474 2315 574 2344 Gellius
588 2317 698 2356 vulgum
711 2316 889 2356 reprehendit,
901 2318 946 2356 qui
957 2317 1163 2346 mathematicos
1174 2318 1256 2350 dicit,
1276 2328 1342 2356 quos
1352 2317 1492 2346 Chaldaeos
1502 2319 1639 2358 gentilitio
1650 2317 1784 2346 vocabulo
1793 2317 1836 2345 di-

285 2364 345 2382 cere
356 2354 505 2393 oportebat.
526 2357 591 2384 Vide
600 2367 659 2385 eum
670 2356 715 2384 lib.
726 2368 744 2385 ι.
757 2367 813 2396 cap.
827 2368 865 2386 tx.
878 2362 901 2386 &
914 2358 959 2386 lib.
969 2369 1027 2386 xiv.
1039 2359 1093 2397 c‘ap.
1107 2369 1127 2387 1.
1150 2360 1290 2386 Suetonius
1302 2360 1426 2386 tamenin
1438 2360 1568 2399 Augusto,
1580 2357 1719 2390 luvenalis,
1728 2360 1837 2386 Corne-

282 2394 331 2422 lius
341 2395 461 2428 Tacitus,
473 2399 497 2423 δ(
511 2396 590 2424 Iulius
602 2397 728 2426 Firmicus
737 2399 818 2426 etiarn
829 2398 1033 2427 mathematicos
1044 2399 1184 2437 appellant.
1210 2400 1372 2438 Augustinus
1384 2399 1477 2427 lib.1v.
1490 2396 1705 2431 Confeffionum,
1716 2398 1836 2436 planeta·

286 2435 339 2462 rios
352 2445 439 2464 vocat.
461 2438 608 2464 Annotavir
621 2438 767 2467 Eustathius
778 2440 804 2467 in
815 2440 1034 2478 primumlibrum
1047 2440 1141 2468 iliados
1151 2441 1285 2472 Homeri,
1306 2440 1404 2468 horum
1423 2440 1604 2469 curiositatem
1615 2439 1680 2468 nihil
1691 2435 1834 2478 reliquisse,

284 2476 356 2514 quod
367 2476 478 2515 planetis
489 2487 540 2504 non
551 2476 698 2512 subjecerit.

247 2517 284 2553 s]
314 2516 397 2544 Ideni.
427 2518 641 2557 Genetlilialogia
649 2519 778 2547 divinatio
787 2520 822 2548 est
834 2541 840 2551 .
851 2530 901 2559 qua
912 2531 944 2549 ex
955 2521 1093 2549 nativitate
1103 2518 1232 2549 successus
1242 2522 1437 2559 pronuntiatur.
1459 2521 1535 2549 Vnde
1543 2519 1740 2561 genethliologi
1750 2524 1774 2549 ὃ(
1783 2531 1834 2560 ge-

292 2556 487 2586 nethliacidiffi
496 2557 553 2586 sunt
565 2558 763 2587 Mathematici.

250 2598 275 2631 t]
307 2598 389 2625 Idem.
419 2600 560 2627 Suetonius
571 2619 577 2630 ,
597 2600 746 2638 Spartianus
764 2603 787 2628 8<
799 2601 924 2629 Firmicus
935 2603 1072 2632 Maternus
1083 2602 1234 2643 genituram
1244 2603 1336 2631 dicunt
1349 2623 1355 2633 .
1377 2601 1506 2630 Iuvenalis
1517 2601 1635 2641 genesim
1648 2622 1655 2635 ,
1676 2600 1832 2630 Ambxotius

252 2655 256 2658 «
293 2637 339 2664 lib.
353 2648 391 2666 ιν.
402 2639 601 2669 Hexacmeron.
611 2649 672 2669 cum
685 2641 767 2681 vulgo
775 2642 951 2670 nativitatem.

251 2677 283 2710 u]
315 2678 397 2706 Idem.
422 2681 621 2722 Locusinteger
632 2690 686 2708 non
697 2681 870 2720 est,deeslque
881 2693 909 2710 ea
920 2694 986 2722 ραις.
998 2694 1047 2721 qua
1056 2693 1191 2724 emergere
1199 2682 1289 2721 sydera
1301 2681 1492 2722 significantur.
1511 2684 1605 2721 Neque
1617 2682 1687 2709 enim
1698 2693 1760 2711 curn
1771 2683 1834 2711 obi-

292 2725 350 2745 tum
359 2719 534 2759 occasumque
543 2722 653 2753 diceret,
663 2731 718 2750 erat
726 2720 942 2760 praetermissurus
952 2733 1050 2752 ortum.
1062 2724 1260 2764 Qamobrem,
1272 2724 1346 2751 nullo
1356 2733 1447 2751 tamen
1458 2724 1561 2759 adjutus
1571 2724 1672 2755 codice,
1684 2723 1780 2757 scribo,
1790 2728 1835 2764 ly-

294 2756 386 2786 derum
396 2769 469 2788 ortus
479 2765 502 2789 δε
514 2761 632 2794 occasuS,
642 2764 681 2790 uri
691 2763 769 2800 paulo
779 2773 849 2795 ante,
858 2773 966 2801 quarum
976 2773 1046 2793 ortus
1055 2765 1088 2800 (y-
1098 2766 1196 2800 occassm
1203 2763 1321 2801 possimus
1331 2764 1538 2792 animadvertere
1547 2764 1580 2798 ὠ·
1587 2763 1661 2791 oculis
1670 2767 1788 2793 contueri.

252 2797 282 2831 x]
313 2798 406 2827 Claud.
417 2801 520 2829 Salmas.
532 2804 557 2829 in
568 2803 649 2830 solin.
662 2808 722 2837 738.
745 2804 873 2837 Eudoxus,
892 2806 1039 2836 Eudaemcn,
1054 2806 1189 2843 CaHippm,
1207 2809 1311 2833 Meton,
1322 2804 1449 2841 Philippus
1461 2825 1468 2835 ,
1477 2803 1645 2841 Hipparchus,
1658 2803 1712 2837 &a
1738 2805 1834 2834 Nullus

290 2847 322 2865 ex
333 2838 375 2866 illa
385 2842 541 2879 antiquitate
553 2842 687 2881 Philippus
698 2843 785 2874 nobis,
795 2855 842 2872 nec
851 2855 917 2883 puto
929 2847 1052 2884 cuiquam
1064 2856 1142 2874 notus
1153 2846 1198 2877 est,
1210 2846 1253 2883 qui
1263 2853 1450 2884 parapegmata
1457 2845 1632 2872 astronomica
1642 2845 1832 2884 composuerit.

291 2880 375 2907 Vetus
386 2879 510 2919 scriptura
520 2882 609 2911 habuit
621 2884 745 2917 Philinus,
756 2895 787 2912 ex
797 2896 851 2924 quo
860 2884 979 2913 fecerunt
992 2886 1120 2925 Phihppm
1131 2899 1139 2914 :
1160 2887 1272 2913 omnino
1282 2884 1448 2913 scribendum
1460 2885 1585 2912 Phai'nus.
1612 2886 1677 2914 Vide
1689 2891 1712 2915 ὅ(
1724 2896 1832 2915 antece-

291 2918 379 2947 dentia
390 2922 455 2954 eJus.
1828 2921 1832 2924 ι

243 2958 277 2995 y]
307 2958 454 2991 Philauder.
483 2963 673 3004 Parapegmata
682 2964 750 2998 sunt,
763 2974 791 2994 ut
802 2965 995 3001 existimamus,
1010 2966 1381 2998 astronomicainstrumenta,
1401 2964 1495 3004 quibus
1506 2973 1579 2993 ortus
1591 2965 1745 3007 occasusque
1755 2967 1830 3006 syde-

1756 3017 1828 3043 tum,
