2023 3162
172 1676 260 1705 Vides

151 1720 267 1747 Lexicon.

287 71 333 97 12
680 54 1546 96 M.V1·r1iUv11P0LL1ole

284 124 353 159 alia
364 120 558 160 transversa
571 121 770 163 coniuncta
780 121 954 158 exteriori
966 121 1003 156 ὅ(
1017 121 1187 156 interiori
1197 119 1445 158 fundamento
1457 150 1467 166 ‚
1488 120 1566 172 [f]
1585 124 1802 176 pcOtinatim
1812 123 1878 166 disn

283 178 421 229 polita.
445 177 772 227 quemadmodum
793 176 891 213 serrae
909 175 1037 212 dentes
1056 173 1175 212 solent
1192 175 1283 220 effe,
1301 177 1551 215 collocentur.
1586 180 1687 219 Curii
1705 185 1805 222 enim
1827 185 1877 222 fic

287 236 355 271 erit
366 234 398 270 fi
406 234 522 273 Ctum,
547 245 635 270 tunc
647 234 696 269 ita
706 233 830 268 oneris
839 232 975 268 terreni
985 231 1202 279 magnitudo
1214 231 1401 270 distributa
1411 235 1446 270 in
1456 245 1584 283 parvas
1595 247 1714 285 partes
1725 267 1735 283 ,
1755 253 1878 290 neque

287 290 453 327 univeria
465 290 632 339 pondere
643 298 814 337 premens
827 311 833 324 ‚
857 289 925 338 [g]
946 288 1082 336 poterit
1094 287 1165 323 ulla
1177 288 1322 324 ratione
1332 289 1524 326 extrudere
1544 293 1640 328 muri
1650 293 1670 327 s
1665 293 1878 334 ubstruffio-

286 357 364 382 nes.
396 346 456 382 De
468 346 548 395 ipso
566 355 689 381 aurem
701 354 815 379 muro
829 339 849 377 ὲ
861 352 935 390 qua
954 345 1104 379 materia
1123 341 1274 380 struatur
1293 355 1356 380 aut
1374 343 1605 394 perficiatur,
1628 347 1715 386 ideo
1734 362 1815 389 non
1828 352 1878 390 est

283 400 589 451 praefiniendum,
611 398 718 446 quod
730 400 767 433 in
788 397 1078 435 omnibuslocis
1091 425 1099 438 ,
1120 409 1211 448 quas
1231 409 1408 449 optamus
1418 401 1568 450 copias,
1591 413 1741 441 easnon
1753 408 1877 456 possu-

282 470 368 495 nius
380 456 524 493 habere.
557 453 628 491 Sed
641 455 702 490 ubi
714 451 791 491 sunt
802 452 881 490 saxa
892 453 1082 502 quadrata,
1092 454 1162 492 five
1174 453 1258 492 silex
1270 484 1279 498 ‚
1298 455 1371 493 sive
1389 466 1629 494 coementum
1642 486 1651 502 ,
1675 470 1735 496 aut
1748 463 1878 500 coetus

286 513 398 556 later,
419 511 490 549 sive
502 510 635 547 crudus
648 539 659 555 ‚
681 509 735 546 his
745 510 811 546 erit
831 509 1028 547 utundum.
1054 507 1118 555 [h]
1132 512 1222 547 Non
1234 513 1336 548 enim
1357 512 1409 549 uti
1420 511 1612 561 Babylone
1633 515 1876 563 abundantes,

286 568 431 616 liquido
442 567 624 602 bitumine
637 590 644 604 ,
666 577 736 615 pro
746 567 846 604 calce
858 567 893 602 ὃ(
905 576 1012 603 arena
1024 568 1060 602 δε
1075 567 1190 603 costo
1201 568 1324 607 latere,
1339 567 1477 604 factum
1488 567 1623 605 habent
1637 582 1802 609 murum.
1816 574 1877 610 Sic

286 625 378 660 item
391 620 538 672 poss'unt
550 632 682 658 omnes
695 623 866 671 regiones
881 650 889 665 ,
908 621 969 659 seu
979 622 1155 659 locorum
1167 626 1406 673 proprietates
1417 649 1425 662 ,
1443 623 1578 662 habere
1586 636 1703 663 tantas
1714 627 1879 674 ejusdem

287 678 430 727 generis
444 678 616 715 utilitates
627 706 637 722 ‚
656 679 707 714 uti
720 691 763 715 ex
771 678 826 715 his
837 679 1183 727 comparationibus
1197 707 1208 723 ‚
1230 679 1276 716 ad
1287 680 1530 718 aeternitatem
1551 681 1736 732 perfeetus
1747 683 1879 722 habea.-

287 743 348 771 tur
359 732 432 770 fine
442 735 537 772 vitio
549 744 688 772 murus.

938 789 973 826 C
1002 803 1026 826 A
1054 801 1086 828 Ρ.
1145 791 1182 829 V
1201 790 1226 827 Ι.

289 879 373 931 De
382 876 621 947 divzstone
632 893 825 951 operam
835 914 849 936 ,
865 897 962 951 quae
976 879 1111 929 intra
1121 876 1427 952 murossunt‚
1445 879 1508 938 Εἴ
1521 901 1683 934 eornm
1695 882 1889 957 dispostf„

645 959 747 1001 tione
759 972 803 1001 ut
816 968 1038 1000 ventorum
1049 957 1292 1018 noxiiflatus
1306 960 1516 1005 vitentur.
1870 979 1872 981 ·

289 1063 572 1147 MOenibus
585 1065 824 1104 circumdatis
837 1092 846 1107 ‚
857 1064 1056 1115 sequuntur
1065 1068 1159 1104 intra
1170 1079 1322 1105 murum
1331 1080 1497 1108 arearum
1506 1069 1702 1109 divisiones
1715 1100 1724 1115 ‚
1744 1072 1879 1121 platea-

401 1133 558 1170 rumque
568 1125 602 1160 &
616 1123 880 1172 angiportuum
893 1122 939 1158 ad
949 1124 1042 1160 coeli
1052 1124 1246 1172 regionem
1268 1124 1501 1164 directiones
1530 1126 1746 1176 Dirigentur
1756 1139 1880 1166 autem

289 1174 367 1211 haec
376 1177 472 1215 recte
484 1176 509 1213 si
522 1178 655 1215 exclusi
668 1187 773 1215 erunt
783 1190 827 1215 ex
840 1180 1042 1230 angiportis
1052 1181 1151 1215 venti
1165 1178 1373 1231 prudenter,
1384 1181 1484 1231 quisi
1496 1181 1615 1230 frigidi
1624 1183 1716 1227 sunt,
1729 1183 1878 1228 laedunt,

292 1230 319 1267 fi
330 1231 460 1276 calidi,
478 1234 609 1271 vitiant
621 1263 631 1277 ‚
651 1233 675 1270 fi
688 1234 850 1278 humidi,
869 1245 1022 1271 nocent.
1057 1235 1183 1286 Qare
1203 1236 1396 1274 vitandum
1416 1238 1559 1275 videtur
1579 1236 1654 1276 hoc
1665 1240 1796 1277 vitium
1811 1268 1821 1283 ‚
1841 1241 1880 1277 &

292 1286 560 1326 advertendum
573 1301 619 1326 ne
630 1289 694 1326 fiat
706 1319 716 1334 ‚
736 1290 840 1338 quod
849 1292 886 1326 in
900 1291 1025 1327 multis
1034 1291 1247 1329 civitatibus
1270 1291 1334 1329 usu
1342 1291 1436 1331 solet
1453 1295 1596 1331 evenire
1608 1324 1618 1339 ‚
1636 1294 1882 1343 quemadmo-

292 1340 383 1379 dum
395 1344 554 1382 ininsula
565 1343 690 1382 Lesbo
702 1345 884 1396 oppidum
897 1347 1079 1393 Mytilene
1091 1347 1371 1396 magnificenter
1391 1349 1442 1387 est
1453 1349 1674 1387 aedificatum
1687 1350 1723 1388 ὃ(
1736 1351 1882 1400 elegan-

292 1405 362 1441 ter,
374 1396 434 1436 sed
444 1399 608 1452 positum
619 1414 699 1438 non
709 1401 916 1451 prudenter.
949 1404 988 1439 ln
1002 1414 1074 1450 qua
1087 1404 1234 1440 civitate
1243 1404 1378 1442 Auster
1389 1417 1478 1444 cum
1490 1405 1564 1450 flat,
1576 1406 1748 1443 homines
1761 1418 1880 1456 aegro-

292 1461 394 1499 tant,
414 1468 502 1493 cum
521 1457 659 1495 Corus,
682 1456 857 1498 tullium,
874 1469 961 1495 cum
974 1459 1183 1508 Septentrio
1198 1488 1207 1503 ‚
1226 1459 1462 1499 restituuntur
1482 1463 1520 1499 in
1539 1461 1730 1499 sanitatem
1742 1491 1753 1507 ‚
1772 1461 1881 1500 sedin

291 1510 497 1560 angiportis
509 1512 543 1549 δε
554 1514 684 1564 plateis
695 1525 773 1550 non
782 1513 930 1564 poss‘unt
940 1513 1134 1551 consistere
1143 1526 1296 1565 propter
1305 1517 1581 1555 vehementiam
1592 1516 1748 1567 frigoris.
1781 1518 1881 1555 Ven-

292 1572 352 1600 tus
363 1577 489 1606 autem
502 1568 550 1604 est
561 1570 654 1605 aeris
665 1569 780 1606 fluens
792 1570 888 1608 unda
898 1596 907 1610 ‚
928 1582 1018 1607 cum
1028 1572 1166 1608 incerta
1176 1582 1305 1609 motus
1325 1573 1572 1611 redundantia.
1602 1574 1772 1610 Nascitur
1791 1585 1882 1611 cum

291 1618 418 1659 fervor
427 1620 585 1660 offendit
593 1623 796 1662 humorem
810 1654 820 1669 ,
842 1627 1053 1677 &impetus
1073 1626 1226 1664 fervoris
1239 1631 1412 1679 exprimit
1432 1631 1508 1667 vim
1517 1629 1658 1679 spiritus
1677 1629 1809 1666 flantis.
1841 1628 1880 1667 Id

293 1686 420 1714 autem
440 1690 569 1716 verum
588 1678 678 1724 effe,
697 1691 739 1717 ex
758 1681 926 1730 aeolipilis
936 1683 1036 1719 aereis
1055 1683 1143 1719 licet
1162 1682 1334 1732 aspicere,
1351 1687 1389 1722 ὅ(
1401 1684 1445 1721 de
1454 1685 1651 1722 latentibus
1661 1684 1879 1729 rationibus,

293 1732 498 1770 artificiosis
519 1746 642 1771 rerum
661 1736 940 1783 inventionibus
951 1766 962 1781 ‚
981 1737 1178 1775 divinitatis
1197 1740 1401 1788 exprimere
1417 1741 1619 1777 veritatem.
1650 1741 1756 1776 Fiunt
1776 1741 1878 1777 enim

293 1789 461 1838 aeolipilae
481 1801 578 1828 aereae
591 1818 600 1834 ‚
613 1801 708 1828 cavae
721 1805 728 1827 ε
750 1791 804 1827 hae
818 1791 958 1829 habent
967 1794 1148 1843 punstum
1158 1805 1201 1831 an
1206 1794 1457 1842 gustissimum‚
1473 1808 1551 1843 quo
1562 1805 1663 1842 aquae
1673 1794 1878 1832 inflandun-

293 1852 366 1888 tur,
378 1845 688 1894 collocanturque
700 1846 745 1882 ad
756 1848 881 1895 ignem
894 1876 904 1891 ‚
924 1849 960 1885 &
972 1858 1178 1897 antequam
1191 1849 1370 1886 calescant
1381 1879 1390 1894 ,
1411 1861 1489 1886 non
1500 1850 1638 1887 habent
1648 1851 1766 1887 ullum
1778 1850 1878 1901 spiri-

294 1907 379 1936 rum
394 1929 403 1943 ‚
422 1899 576 1938 simulac
588 1911 712 1939 autem
722 1900 861 1939 fervere
873 1905 1046 1952 caeperint
1057 1928 1065 1941 ‚
1087 1903 1254 1940 efficiunt
1265 1904 1308 1941 ad
1319 1907 1445 1954 ignem
1456 1905 1720 1944 vehementem
1730 1906 1876 1943 flatum.

294 1955 352 1991 Ita
362 1954 384 1991 s
378 1956 451 1993 cire
462 1956 497 1992 &
509 1957 668 2001 judicare
678 1958 763 1995 licet
776 1986 786 2001 ,
809 1954 828 1994 ὲ
840 1958 997 2007 parvulo
1008 1957 1296 2008 brevissimoque
1305 1959 1513 2010 spectaculo
1526 1990 1536 2006 ‚
1549 1961 1594 1998 de
1606 1962 1749 2012 magnis
1762 1965 1797 1999 ὅ(
1806 1964 1878 1999 im-

293 2011 464 2048 manibus
476 2013 568 2049 coeli
588 2023 864 2062 ventorumque
882 2023 1015 2052 natnrae
1034 2014 1252 2052 rationibus.
1282 2015 1398 2054 Venti
1419 2018 1516 2055 enim
1533 2016 1559 2053 fi
1579 2017 1715 2054 exclusi
1726 2017 1876 2063 fuerint,

292 2077 372 2103 non
381 2065 505 2105 solum
516 2066 679 2106 efficient
695 2069 918 2119 corporibus
937 2070 1147 2108 valentibus
1166 2071 1298 2108 locum
1317 2070 1521 2112 salubrem,
1541 2072 1600 2110 sed
1622 2076 1733 2110 etiam
1747 2103 1758 2118 ‚
1777 2072 1878 2122 siqui

293 2121 421 2160 morbi
430 2135 473 2160 ex
483 2124 560 2160 aliis
573 2125 669 2162 vitiis
679 2125 776 2162 forte
784 2123 977 2163 nascentur
987 2151 995 2166 ‚
1020 2127 1131 2176 quiin
1142 2128 1281 2164 caeteris
1293 2127 1388 2165 locis
1404 2128 1606 2167 salubribus
1625 2129 1762 2166 habent
1774 2141 1878 2166 cura-

1751 2195 1875 2222 tiones

290 2253 329 2290 f]
353 2254 498 2282 Philander.
517 2257 583 2284 Non
598 2256 716 2286 absimile
726 2259 842 2296 estquod
857 2259 902 2287 lib.
913 2269 953 2288 vx.
966 2269 989 2288 c.
999 2260 1091 2288 ult.ait
1103 2281 1110 2293 ‚
1128 2260 1160 2288 de
1172 2258 1351 2289 fundamentis
1364 2262 1483 2300 loquens:
1508 2266 1630 2290 Praeterea
1649 2261 1771 2296 introrfiu
1785 2268 1876 2288 comm

336 2302 469 2323 terrenum
478 2316 485 2326 ,
496 2298 537 2322 uti
546 2297 630 2325 dentes
639 2300 762 2335 conjunHi
773 2310 845 2327 muro
858 2300 979 2335 serratim
988 2301 1136 2337 struantur.
1159 2302 1209 2329 Sed
1218 2302 1290 2329 addit
1300 2301 1351 2330 hoc
1361 2303 1472 2340 amplius
1482 2323 1488 2333 .
1507 2303 1580 2340 quod
1597 2305 1624 2330 in
1640 2302 1757 2329 extremis
1773 2301 1875 2337 angulis

337 2345 394 2362 tum
405 2337 519 2373 receffitm
532 2336 614 2372 fi¹erit
624 2337 657 2364 ab
666 2340 780 2366 interiore
795 2342 888 2378 angulo
901 2342 981 2379 spatio
991 2341 1137 2368 altitudinis
1143 2341 1330 2378 fitbstrufi‘ioni5
1342 2364 1348 2373 ,
1360 2345 1385 2369 in
1396 2350 1424 2369 ut
1430 2352 1536 2381 rumque
1543 2350 1644 2381 partem
1658 2342 1780 2378 signetur,
1793 2339 1826 2372 Εἴ
1840 2341 1875 2368 ab

337 2375 376 2403 his
388 2375 469 2413 figm's
479 2376 737 2413 diagoniosstrfflura
746 2381 874 2407 collocetur
881 2402 888 2411 ,
901 2382 933 2415 &a
943 2381 976 2408 ab
986 2391 1015 2415 pa
1025 2382 1109 2409 media
1118 2402 1125 2412 ,
1144 2383 1229 2410 altera
1245 2384 1376 2419 conjunc'la
1385 2393 1443 2410 cum
1453 2383 1546 2419 angulo
1555 2385 1632 2410 muri.
1657 2382 1818 2410 pectinatim
1827 2392 1874 2409 au—

336 2424 391 2443 tem
400 2416 520 2455 disponi,
534 2418 761 2456 quemadmodum
770 2420 853 2448 solent
865 2420 914 2448 effe
924 2424 1004 2449 Serrae
1014 2423 1105 2450 dentes
1116 2442 1123 2454 ,
1141 2423 1203 2461 quid
1214 2423 1244 2450 fit
1255 2444 1261 2454 ,
1279 2423 1413 2463 intelliges
1430 2433 1462 2450 ex
1482 2424 1577 2453 Plinio,
1595 2424 1640 2460 qui
1652 2421 1697 2449 lib.
1710 2432 1748 2450 iri.
1761 2432 1818 2461 cap.
1830 2432 1873 2463 37¹.

334 2460 433 2484 Serrati
450 2457 506 2492 <de
516 2458 640 2486 dentibus
650 2459 787 2498 loquitur)
801 2463 948 2498 pzffinasim
965 2458 1094 2493 coeuntes,
1108 2473 1138 2490 ne
1156 2465 1281 2491 contrario
1299 2464 1400 2500 occurs-c
1417 2470 1578 2493 atterantur,
1589 2470 1618 2489 ut
1629 2462 1787 2500 firpcnthtos
1802 2462 1875 2500 pisci-

333 2496 382 2524 hm
394 2518 399 2527 ,
414 2507 444 2524 ca
454 2497 519 2525 abus
529 2519 535 2527 ,
554 2495 586 2529 ὅ
588 2509 607 2525 c.
631 2501 662 2527 Et
673 2498 734 2527 ante
746 2511 752 2526 :
774 2501 912 2539 Aliqutbm
923 2503 1045 2540 capitibus
1055 2505 1102 2540 offa
1109 2503 1197 2540 plana.
1209 2502 1361 2541 tenuia‚fine
1373 2504 1486 2530 medulla
1494 2507 1539 2540 ‚sei
1549 2504 1612 2530 ratis
1620 2505 1766 2541 periinatim
1772 2503 1873 2539 strulla

333 2538 500 2574 campagibus.
514 2539 627 2567 Libet&
639 2539 689 2567 hoc
702 2541 914 2570 locoadmoncre
928 2552 934 2569 z
946 2543 1017 2581 quod
1031 2544 1144 2571 Ovidius
1162 2544 1208 2571 lib.
1219 2554 1257 2571 ix.
1270 2542 1530 2582 Metaniorpli.dixit
1540 2565 1547 2575 ‚
1565 2544 1653 2580 digitos
1668 2547 1737 2571 inter
1746 2543 1872 2581 sepe-Hine

327 2579 438 2613 jtaenc'ios,
449 2579 473 2606 id
485 2579 599 2607 Plinium
609 2581 641 2608 de
653 2581 744 2609 eadem
756 2592 782 2609 re
798 2582 955 2622 loquentem
967 2583 1132 2611 lib.xxv111.
1142 2584 1402 2624 c.6.dicere‚digitos
1415 2585 1570 2622 pestinatim
1582 2585 1651 2612 inter
1662 2583 1712 2612 sese
1723 2583 1872 2621 amplexos,

290 2619 330 2654 g]
354 2617 470 2647 Philand.
494 2620 669 2649 Scribendum
682 2623 826 2660 privative,
847 2633 899 2651 non
914 2625 1022 2662 poterit.
1045 2626 1108 2652 Non
1119 2634 1176 2653 tota
1188 2647 1194 2658 ‚
1215 2626 1317 2664 inquit,
1335 2625 1411 2653 fimul
1422 2626 1520 2652 terreni
1539 2626 1626 2663 operis
1637 2625 1720 2652 moles
1733 2625 1801 2651 muri
1812 2622 1872 2651 sub-

336 2658 506 2688 strumonem
519 2670 632 2698 premet,
643 2661 685 2690 sed
698 2662 792 2691 serrata
801 2664 921 2692 dentium
937 2665 1063 2694 struCtura
1073 2666 1154 2693 veluti
1166 2665 1278 2698 concisa,
1289 2666 1314 2693 in
1324 2674 1409 2704 partes
1419 2665 1616 2705 disgregabitui·
1627 2669 1650 2694 ὅ(
1661 2661 1838 2700 diffipabitur.

295 2698 325 2733 h]
347 2700 389 2726 (l.
400 2700 535 2729 §almatius
545 2704 570 2729 in
579 2703 709 2734 Solinum.
721 2714 780 2744 pag.
792 2709 866 2732 1228.
885 2706 1025 2745 Legendus
1036 2705 1078 2733 hic
1091 2706 1181 2739 locus;
1204 2711 1261 2734 Non
1270 2709 1336 2734 enim
1348 2710 1387 2734 uti
1398 2705 1689 2744 Babyloneabundantes
1699 2703 1793 2742 liquido
1803 2703 1871 2746 bin(-

335 2742 404 2767 mine
414 2759 420 2769 ,
441 2751 466 2767 eo
474 2750 517 2777 pro
528 2743 594 2770 calce
602 2743 635 2777 ὠν
645 2753 725 2771 arena
735 2746 768 2779 (γ
779 2747 841 2772 costo
849 2746 929 2773 latere
940 2746 1056 2782 farHum
1065 2746 1161 2773 hahent
1170 2756 1282 2774 murum.
1305 2747 1387 2775 Calce
1397 2751 1421 2775 8<
1432 2756 1509 2774 arena
1521 2744 1698 2774 farciebantur
1707 2745 1773 2771 olim
1785 2744 1871 2782 patie'-

336 2787 375 2806 tes
386 2800 392 2808 ,
411 2783 434 2806 ἃ·
447 2791 575 2809 cmmenta
585 2784 802 2817 continebantur,
818 2795 846 2814 ut
856 2790 879 2814 ὃς
890 2787 969 2814 hodie
981 2786 1019 2814 fit.
1042 2787 1388 2815 lustinusdeSemiramidc:
1408 2792 1463 2815 Hac
1481 2786 1646 2825 Babyloniam
1662 2784 1772 2812 condidit
1783 2805 1790 2814 ,
1809 2794 1869 2812 mu-

333 2829 444 2858 rumque
453 2821 508 2848 uehi
518 2825 581 2850 coc‘lo
591 2824 670 2852 latere
680 2826 852 2857 circumdedit,
863 2827 960 2855 harena
970 2831 1026 2855 vice
1035 2826 1159 2855 bitumine
1171 2830 1328 2855 interstrato.
1341 2830 1379 2856 Ita
1390 2837 1483 2855 ornnes
1493 2827 1551 2854 libri
1562 2826 1613 2854 hoc
1625 2827 1686 2853 loco
1696 2825 1799 2864 legunt.
1819 2828 1871 2852 At-

334 2861 379 2897 qui
390 2862 487 2888 mirum
501 2863 536 2889 cst
551 2873 655 2891 arenam
674 2865 755 2893 solam
774 2869 923 2899 nominati,
941 2878 1000 2906 quae
1017 2869 1043 2895 in
1055 2868 1198 2907 parietibus
1213 2877 1258 2896 aut
1275 2869 1356 2896 muris
1373 2867 1498 2896 struendis
1513 2876 1658 2905 numquam
1675 2866 1764 2894 locum
1776 2864 1868 2893 habuit

333 2899 429 2938 absque
441 2902 521 2929 “100-
543 2904 613 2931 Puto
624 2907 736 2933 omnino
744 2904 930 2942 scribendum,
949 2910 1052 2938 armati
1064 2911 1120 2938 vice
1129 2908 1256 2939 bitumine
1265 2909 1419 2946 interstrato.
1441 2910 1610 2937 vocaverunt
1627 2915 1715 2935 autem
1730 2915 1868 2946 arenarum

334 2941 434 2970 calcem
443 2951 506 2972 cuin
516 2953 592 2972 arena
604 2945 725 2979 mixtam,
737 2950 790 2975 &a
1497 2954 1499 2956 ’
1518 2948 1521 2949 ’
1817 2953 1820 2956 ”

1771 2989 1801 3022 a]
1809 2986 1869 3015 Phi-
