2023 3162
285 45 332 81 36
622 35 1570 78 PonrontvsGAvn1c1vs

389 104 428 142 A
450 114 543 156 pene
561 104 677 155 usque
700 104 746 141 ad
763 104 932 141 medium
950 102 1140 140 semorum
1600 117 1682 158 pars
1698 119 1730 144 1.

393 161 432 200 A
450 160 577 199 medio
597 161 789 199 femorum
808 159 854 196 ad
874 170 997 209 genua
1595 174 1678 213 pars
1696 176 1728 200 1.

391 218 429 256 A
447 219 603 267 genibus
622 216 669 253 ad
690 215 857 253 medium
874 213 1037 253 surarum
1056 226 1211 252 crurum
1597 229 1677 267 pars
1698 230 1728 255 1.

395 274 433 312 A
452 273 580 312 medio
599 270 765 310 surarum
783 270 830 309 ad
849 272 994 309 collum
1011 270 1148 322 pedum
1598 284 1681 323 pars
1697 286 1727 310 1.

398 330 445 367 Et
465 328 511 364 ab
531 329 607 365 hoc
627 327 673 364 ad
693 328 836 379 plantas
855 327 994 379 pedum
1603 340 1720 379 parso
1734 336 1757 373 ἑ,

342 387 395 423 Ita
407 396 447 422 ut
465 386 504 421 in
513 393 641 421 totum
659 383 748 421 fiant
759 394 879 434 partes
905 394 972 420 lx.
993 393 1057 421 aut
1077 383 1233 434 pollices
1253 394 1274 418 x
1286 394 1360 419 xvi
1376 395 1408 419 1.

342 441 459 478 Porro
479 439 640 477 latitudo
660 438 823 488 ejusdem
845 440 1016 490 corporis
1037 438 1268 477 consistentis
1288 437 1448 476 brachiis
1468 441 1602 491 apertis
1621 468 1632 484 ‚
1652 438 1730 479 hoc
1750 443 1871 483 modo

286 495 525 535 mensuratur.

391 551 431 590 A
450 552 579 589 medio
597 552 729 602 jugulo
748 552 840 601 gulae
859 551 905 588 ad
925 544 1360 602 punuumimmerdmm
1600 563 1684 602 pars
1699 566 1712 591 1
1724 582 1732 589 .

393 608 460 646 Ab
478 608 644 646 humeris
668 607 714 646 ad
733 608 908 645 cubitum
928 609 1069 647 brachii
1595 619 1677 657 pars
1695 622 1708 646 1
1726 611 1751 656 ξ,

392 664 432 702 A
455 664 586 702 cubito
607 664 655 702 ad
675 664 823 701 nodum
842 675 978 701 manus
1597 674 1678 714 pars
1695 677 1708 701 1
1726 672 1753 711 ὲ.

392 719 431 757 A
450 720 557 758 nodo
577 721 624 758 ad.
641 731 848 758 extremum
865 731 995 758 manus
1014 718 1157 758 finistrae
1520 750 1524 753 .
1598 731 1681 771 pars
1696 732 1727 756 1.

339 776 433 828 Qae
444 776 524 814 sunt
533 787 653 827 partes
671 784 725 821 4ζ.
744 778 782 814 &
794 775 1056 814 tantumdem
1044 788 1064 812 a
1074 786 1175 827 parte
1185 776 1326 813 dextra
1359 775 1471 825 Quae'
1462 787 1501 812 m
1512 774 1721 840 universum
1731 775 1872 817 faciunt

280 841 401 884 partes
424 845 468 870 1x
487 844 550 870 aut
559 833 717 883 pollices
734 845 756 869 x
767 845 789 868 x
799 843 842 869 vr
857 845 889 877 1,
904 841 946 869 ut
958 842 1043 870 ante
1054 832 1207 870 dictum.

334 887 537 927 Oblervavi
553 899 725 939 praetcrea
743 887 888 925 femora
906 898 983 925 tam
1005 887 1074 924 effe
1092 889 1209 936 groffa
1221 898 1336 936 quam
1357 897 1489 937 eaput.
1515 889 1553 925 δε
1573 897 1718 926 tantum
1737 891 1873 928 ventri-

280 944 411 982 culum
431 956 601 984 crurum‚
623 954 806 993 quantum
826 943 997 984 collum3
1019 943 1179 993 duplum
1199 941 1441 980 crassitudinis
1464 944 1575 988 colli,
1595 954 1778 993 quantum
1800 947 1872 983 cir-

281 998 526 1037 cumferentia
538 1001 760 1036 summitatis
778 1000 907 1050 capitis
920 996 1033 1047 usque
1052 998 1097 1035 ad
1108 1008 1293 1036 mentum.
1308 997 1438 1034 Itidem
1449 998 1654 1049 longitudo
1671 1012 1817 1045 manuS‚
1833 1003 1871 1040 δε

278 1056 423 1104 palmus
434 1057 641 1092 Romanus
654 1056 889 1094 communis,
908 1054 961 1091 est
977 1065 1078 1091 tanta
1088 1065 1228 1104 quanta
1238 1052 1398 1090 altitudo
1410 1052 1528 1091 faciei.
1541 1055 1657 1092 Porro
1669 1057 1872 1106 longitudo

279 1111 317 1146 ὃς
330 1111 493 1149 latitudo
506 1123 632 1148 manus
645 1111 852 1157 conjunstae
863 1120 1010 1160 aequant
1030 1111 1309 1160 longitudinem
1327 1109 1430 1160 pedis
1446 1124 1454 1146 ;
1474 1112 1524 1147 ita
1534 1120 1575 1147 ut
1585 1112 1742 1150 latitudo
1754 1124 1818 1164 par
1829 1113 1871 1151 fit

279 1166 459 1215 utrisque:
481 1169 518 1205 δ(
529 1177 603 1204 tam
614 1167 769 1205 eraffum
779 1166 828 1204 est
840 1166 1039 1205 brachium
1051 1167 1095 1204 ad
1106 1167 1315 1215 juncturam
1335 1177 1465 1204 manus
1477 1195 1486 1209 ,
1506 1177 1687 1215 quantum
1698 1168 1878 1218 stringere

278 1224 401 1272 potest
421 1234 554 1261 manus
572 1220 740 1274 apertura
757 1223 921 1260 duorum
941 1223 1152 1274 primorum
1169 1222 1395 1272 digitorum:
1415 1221 1515 1260 fauo
1535 1233 1659 1262 autem
1680 1233 1811 1262 centro
1830 1227 1870 1262 in

280 1289 380 1315 certa
390 1290 494 1329 parte
510 1280 646 1330 palmae
668 1291 799 1317 manus
811 1309 823 1325 ‚
845 1278 1148 1317 circumferentia
1165 1277 1291 1327 tanget
1309 1290 1446 1316 omnes
1467 1281 1716 1317 extremitates
1734 1280 1873 1330 digito-

277 1346 365 1372 rum
384 1334 479 1373 bene
500 1335 758 1374 didustorum:
775 1345 890 1385 atque
908 1337 959 1373 ita
976 1336 1050 1373 dici
1070 1334 1192 1386 potest
1211 1335 1257 1372 de
1269 1334 1397 1372 multis
1407 1336 1486 1373 aliis
1506 1336 1815 1386 proportionibus
1831 1335 1871 1373 δε

276 1389 619 1442 correspondentiis
630 1391 737 1437 hujus
750 1392 921 1442 corporis
932 1418 940 1432 ‚
955 1393 992 1429 δ(
1004 1391 1113 1442 ipfius
1125 1390 1386 1429 membrorum
1398 1404 1407 1433 ·,
1429 1403 1512 1441 quae
1520 1393 1757 1442 praeterimus.

334 1446 615 1485 Confideranda
633 1459 722 1485 vero
742 1447 779 1485 ἅτ
800 1447 873 1499 ipsa
893 1449 989 1485 inter
998 1446 1032 1485 se
1041 1449 1202 1500 partium
1213 1444 1406 1496 ωὖαιλορλοι,
1428 1458 1544 1496 quam
1552 1447 1637 1486 alibi
1648 1449 1869 1499 proportio·-

275 1514 366 1540 nem
377 1531 387 1547 ‚
407 1502 470 1541 hic
481 1533 492 1549 ‚
513 1505 551 1540 ni
562 1503 688 1543 fallor,
702 1507 854 1555 proprie
867 1503 1130 1542 commensum
1141 1504 1354 1542 dixerimus.
1388 1504 1537 1555 Qanta
1547 1504 1597 1541 est
1607 1504 1810 1554 longitudo
1821 1506 1868 1555 ab

274 1559 696 1600 interciliisadsummas
709 1572 812 1603 nares
825 1590 835 1606 ‚
853 1569 955 1598 tanta
977 1562 1046 1598 erit
1055 1560 1254 1611 productio
1266 1561 1384 1598 menti
1403 1561 1448 1597 ab
1465 1561 1605 1610 jugulo.
1643 1561 1871 1613 Quantaque

273 1614 325 1652 cst
341 1614 386 1654 ab
404 1614 558 1654 fiimmis
576 1616 727 1653 naribus
744 1616 791 1653 ad
807 1626 978 1655 mentum
992 1646 1002 1662 ,
1020 1627 1120 1655 tanta
1138 1616 1184 1653 ab
1203 1615 1332 1666 jugu'lo
1348 1616 1523 1654 adimam
1535 1617 1670 1666 gulam.
1704 1617 1793 1654 Hoc
1805 1615 1870 1662 est,

271 1669 553 1721 semiportione.
583 1673 782 1719 Quantum
794 1673 844 1711 est
860 1673 1058 1723 superioris
1077 1672 1170 1711 labri
1179 1673 1415 1711 intervallum
1434 1673 1481 1710 ab
1500 1684 1568 1711 ore
1587 1672 1633 1710 ad
1642 1684 1745 1710 nates
1762 1675 1868 1713 imas.

273 1727 510 1765 tantumdem
527 1729 595 1764 erit
613 1727 844 1767 summarum
862 1731 1006 1767 narium
1017 1730 1268 1781 prominentia
1286 1729 1332 1767 ab
1349 1730 1454 1766 labro
1467 1755 1475 1769 ‚
1497 1728 1811 1778 tantumdemque
1829 1729 1868 1765 ὅ(

274 1785 477 1823 oculorum
502 1784 547 1821 ab
571 1785 762 1823 interciliis
784 1785 832 1822 ad
848 1786 1044 1824 interiores
1064 1786 1223 1836 angulos
1242 1786 1473 1823 concavitas.
1502 1785 1681 1822 Praeterea
1694 1786 1732 1821 in
1744 1785 1867 1821 mani-

274 1838 352 1877 bus,
369 1840 473 1887 quod
482 1840 532 1878 est
542 1841 767 1878 extrinsecus
777 1842 824 1880 ab
836 1840 984 1880 summo
995 1854 1120 1892 ungue
1131 1842 1253 1880 indice
1264 1842 1311 1879 ad
1322 1841 1525 1888 iunCturam
1537 1841 1632 1878 hanc
1643 1852 1768 1879 unam,
1776 1851 1869 1877 con-

272 1893 447 1930 tinebitur
465 1896 755 1945 semiportione:
775 1910 820 1934 ac
841 1897 959 1935 rursus
979 1896 1067 1936 hinc
1087 1898 1133 1935 ad
1153 1910 1234 1937 eam
1256 1909 1330 1946 qua
1349 1896 1502 1935 brachio
1513 1896 1709 1944 colligatur
1720 1906 1868 1941 manus,

273 1950 352 1986 alia.
377 1950 438 1985 Sic
448 1949 711 1987 &intrinsecus
722 1951 767 1989 ab
776 1953 927 1989 summo
937 1965 1061 2002 ungue
1071 1954 1212 1991 medio.
1233 1954 1375 1989 Primus
1385 1962 1511 1989 autem
1521 1951 1582 1987 hic
1593 1951 1722 1988 radicis
1733 1952 1867 1989 articu-

270 2006 325 2041 lus
338 2006 462 2050 majo‘r
472 2004 775 2055 correspondebit
784 2007 909 2044 fronti.
939 2007 1131 2045 Secundus
1150 2019 1236 2044 cum
1256 2006 1424 2055 onychio
1442 2006 1488 2043 ad
1506 2017 1715 2044 extremum
1734 2009 1866 2057 unguis

271 2060 373 2097 naso.
392 2061 533 2099 Primus
544 2063 636 2098 item
649 2062 775 2106 medii,
787 2062 877 2100 huic
888 2063 994 2111 quod
1005 2063 1054 2100 est
1064 2063 1084 2099 ὲ
1096 2063 1245 2100 naribus
1255 2062 1302 2099 ad
1312 2072 1492 2109 mentum3
1505 2060 1665 2107 ejusdem
1674 2061 1864 2103 secundus,
1884 2106 1887 2110 ,

269 2115 361 2153 huic
380 2117 489 2166 quod
508 2117 557 2154 est
567 2118 613 2154 ab
628 2119 710 2163 imo
721 2128 854 2155 mento
866 2118 913 2154 ad
922 2118 1105 2165 inferioris
1117 2118 1449 2169 labiisupremum3
1471 2117 1633 2161 eiusdem
1654 2117 1841 2166 onychius
1853 2149 1866 2165 ,

270 2171 359 2209 huic
371 2172 474 2222 quod
485 2172 535 2209 est
545 2174 590 2211 ab
600 2185 666 2211 ore
677 2173 724 2210 ad
733 2173 907 2211 inferiora
916 2175 1072 2212 narium.
1107 2174 1245 2211 Indicis
1264 2173 1401 2211 eodem
1415 2173 1460 2209 ab
1472 2172 1645 2225 supremo
1657 2174 1749 2211 labri
1758 2173 1866 2224 supe-

270 2229 389 2265 rioris.
418 2230 545 2274 Maior
563 2230 712 2281 pollicis
731 2231 906 2267 articulus
917 2229 1169 2279 coaequabitur
1180 2229 1267 2268 huic
1277 2230 1380 2279 quod
1392 2229 1441 2267 est
1452 2229 1470 2265 a
1482 2229 1615 2267 mento
1624 2229 1670 2267 ad
1678 2229 1699 2265 s
1693 2240 1867 2269 ummum

269 2284 355 2321 labii
364 2284 559 2322 inferioris.
590 2287 723 2323 Minor
733 2286 819 2324 huic
831 2286 935 2335 quod
945 2286 996 2324 est
1008 2286 1028 2322 a
1040 2299 1127 2324 nate
1138 2286 1183 2323 ad
1197 2286 1309 2323 idem.
1325 2285 1586 2335 Onychiorum
1597 2296 1722 2324 autem
1732 2287 1863 2323 articu-

268 2340 392 2377 lorum
405 2342 579 2378 omnium
592 2341 822 2379 dimidiatam
832 2341 896 2379 fibi
908 2353 1048 2394 partem
1061 2343 1302 2392 occupabunt
1315 2353 1469 2391 ungues.
1477 2343 1487 2377 l
1495 2353 1517 2378 n
1529 2341 1761 2379 latitudinem
1771 2354 1864 2380 vero

266 2396 372 2433 frons
385 2425 396 2441 ‚
416 2396 462 2433 ab
481 2396 551 2434 hac
571 2397 692 2435 media
704 2427 714 2442 ‚
736 2409 849 2447 quam
880 2400 918 2436 ὃς
947 2398 1288 2436 discriminatriccm
1317 2399 1498 2447 appellare
1525 2396 1735 2449 possumus.
1763 2399 1862 2436 linea

266 2451 452 2490 hincinde
463 2452 507 2491 ad
518 2454 637 2503 prima
648 2453 709 2490 hic
721 2463 893 2505 tempora
903 2454 1095 2492 definietur
1107 2484 1116 2498 ‚
1127 2455 1183 2492 sua
1195 2454 1249 2491 bis
1260 2454 1508 2503 longitudine.
1540 2453 1605 2490 Ab
1616 2454 1805 2490 interciliis
1817 2454 1862 2492 ad

267 2518 455 2546 extremos
470 2510 674 2546 oculorum
685 2511 857 2558 angulos,
869 2520 981 2560 atque
991 2511 1078 2548 hinc
1090 2510 1135 2546 ad
1144 2511 1281 2561 primas
1294 2521 1416 2557 autes3
1437 2509 1643 2558 harumque
1656 2510 1859 2560 longitudo

268 2564 517 2602 tantumdem.
549 2565 589 2602 ld
610 2576 699 2601 vero
710 2564 868 2615 spatium
881 2567 984 2615 quod
995 2566 1044 2604 est
1053 2568 1145 2603 inter
1156 2576 1348 2615 utramque
1357 2567 1629 2604 extremitatem
1639 2565 1857 2608 oculorum,

266 2630 309 2655 cx
321 2619 459 2657 duabus
472 2619 599 2657 iisdem
611 2620 907 2658 dimensionibus
921 2651 929 2665 ‚
944 2625 981 2659 in
994 2632 1064 2659 tres
1075 2632 1197 2672 partes
1206 2621 1428 2666 distinctum,
1440 2621 1528 2659 duas
1538 2621 1654 2665 oculi,
1669 2632 1779 2659 unam
1791 2619 1857 2657 sibi

267 2675 508 2713 intermedius
519 2676 623 2714 nasus
636 2676 860 2716 vendicavit.
894 2680 981 2715 Oris
1000 2677 1174 2722 latitudo,
1190 2676 1481 2727 liperlummum
1491 2677 1577 2714 labii
1586 2687 1790 2714 metiamur
1803 2687 1859 2712 re-

266 2728 461 2778 lpondcbit
471 2731 584 2770 fronti
598 2733 751 2770 nasove:
764 2733 826 2770 Sin
839 2735 996 2776 circino,
1012 2735 1062 2770 illi
1074 2732 1319 2784 lpaci0‚quod
1331 2733 1382 2770 est
1391 2734 1537 2785 pollicis
1548 2733 1706 2768 articulo
1716 2732 1856 2777 majore

266 2784 482 2831 definitum,
495 2788 540 2823 ab
550 2789 650 2826 labio
662 2789 847 2838 superiore
859 2790 903 2826 ad
914 2800 1096 2827 mentum
1127 2789 1287 2826 Pestoris
1298 2788 1455 2827 latitudo
1466 2787 1630 2826 faciebus
1642 2787 1857 2824 continebi-

265 2850 325 2877 tur
336 2841 489 2885 duabus,
501 2843 683 2892 spacium
675 2855 768 2882 mter
776 2856 973 2895 utramque
985 2846 1190 2883 mamillam
1202 2856 1282 2882 una.
1304 2845 1673 2892 Earumquecertusl
1651 2839 1734 2879 fitus
1744 2842 1808 2879 ab
1800 2855 1856 2880 in-

263 2895 397 2936 feriore
410 2898 515 2947 gula,
533 2899 696 2946 ejusdem
706 2900 890 2939 dimensus
905 2902 1048 2939 circino
1060 2900 1367 2952 deprehendetur.
1398 2899 1570 2937 Palmatis
1581 2907 1704 2935 autem
1713 2898 1855 2990 plasnta-

271 2969 275 2973 ,
1733 2965 1762 2991 tl
1779 2967 1853 3005 quc
