2023 3162
486 74 916 112 COMMENTARIVS
960 81 1021 107 nr.
1058 67 1381 109 chLrTvnA.
1687 83 1730 115 51

139 143 215 187 ejus
227 142 291 190 qui
309 140 524 191 exprimitur
536 138 703 177 staturam
716 136 898 175 referunt:
917 147 1068 186 magnas
1080 148 1172 174 vero
1189 149 1269 186 quae
1288 138 1381 174 intra
1400 134 1667 187 sesquialteram
1681 152 1732 177 ra⁶

138 199 282 235 tionem
297 195 437 233 staturae
458 205 580 232 erant:
601 196 798 232 maximas,
821 204 901 242 quae
922 193 1097 243 parilium
1116 194 1253 243 triplae,
1272 202 1334 230 aut
1354 205 1404 230 eo
1423 196 1584 240 majores
1603 195 1727 232 essent.

138 252 256 289 Addit
266 251 462 289 Philander
473 252 602 301 pariles
624 250 700 286 dari
719 248 840 286 solitas
852 249 945 287 bene
966 249 1123 289 meritis,
1147 260 1192 286 ac
1212 248 1430 300 sapientibus
1451 250 1534 286 viris
1549 279 1558 294 ‚
1577 262 1731 301 magnas
1762 297 1766 301 .

138 319 229 345 vero
240 307 410 357 Regibus
422 333 430 347 ,
456 309 493 344 δε
505 305 792 357 Imperatoribus
804 334 813 349 ‚
832 305 1012 342 maximas
1022 314 1146 342 autem
1159 305 1241 341 Diis
1254 333 1263 349 ‚
1275 304 1312 341 &
1328 304 1534 353 Heroibus;
1560 308 1730 354 quamvis

138 374 199 401 eas
213 365 338 412 Reges
349 363 645 413 &Imperatores
659 361 868 410 usurparint.
882 359 954 397 Sed
965 359 1097 397 viderit
1107 360 1289 397 Gauricus
1308 372 1353 398 an
1365 358 1457 398 huic
1477 360 1729 399 observationi

135 418 248 456 fidem
258 418 437 456 adstruere
447 416 577 468 polilt,
591 428 708 468 quum
720 426 844 465 aperte
855 416 954 454 dicat
966 417 1118 454 Plinius,
1126 412 1288 465 primum
1300 417 1527 466 tripedaneas
1540 416 1671 455 statuas
1689 420 1729 455 in

138 475 226 512 foro
235 473 372 524 positas
387 474 622 510 benemeritis
636 502 646 517 ‚
663 472 769 521 quod
787 484 831 509 ca
842 471 1010 509 mensura
1022 471 1208 509 honorata
1228 482 1317 509 tunc
1339 471 1424 509 effer
1436 500 1446 517 ,
1465 484 1582 522 quum
1595 475 1632 510 δε
1651 475 1729 520 ejus

137 530 317 568 mensurae
330 529 501 578 quaedam
511 528 631 566 adhuc
643 530 680 565 in
691 528 781 565 urbe
792 527 997 577 spe&entur
1006 528 1180 564 Deorum
1192 526 1289 576 ligna
1301 530 1450 577 antiqua
1461 554 1469 567 ‚
1482 528 1593 578 ipsius
1613 530 1729 566 etiam

137 583 236 640 lovis
247 587 283 622 in
296 586 432 635 palatio
446 583 675 622 illustrissimi
687 583 892 620 Cardinalis
902 582 1059 621 Medicis
1071 611 1082 627 ‚
1093 585 1130 621 δε
1142 583 1345 621 celebriora
1357 583 1455 634 signa
1468 584 1640 622 Deorum
1650 597 1731 635 quae

138 643 202 679 hic
215 642 323 679 nobis
333 640 457 677 videre
470 640 639 689 contigit.
658 639 853 677 Excedunt
865 639 1020 688 quidem
1033 650 1284 676 communem
1296 639 1494 678 hominum
1505 641 1731 685 mensuram,

137 699 189 734 ita
208 696 380 734 suadente
392 696 535 733 ratione
548 696 695 746 optices
708 723 718 738 ‚
736 696 827 730 utin
845 695 939 731 loco
960 695 1150 744 superiore
1170 695 1360 733 collocat-a
1376 697 1503 746 parilia
1514 696 1628 734 videri
1648 696 1733 747 pos-

137 751 206 790 sint
217 779 225 792 ‚
250 764 339 789 cum
351 750 489 800 aliquid
500 750 641 800 semper
652 748 819 786 distantia
835 751 1054 800 intercipiat.
1088 750 1159 787 Sed
1172 750 1335 788 Antinoi
1345 752 1409 800 qui
1420 751 1469 788 est
1481 753 1518 788 in
1529 753 1732 798 Vaticano,

138 808 270 846 eadem
291 807 421 845 statura
439 806 489 843 est
506 817 617 855 atque
628 805 826 854 Apollinis.
861 806 998 841 Statuae
1018 815 1147 842 autem
1167 805 1372 844 Alexandri
1391 807 1647 857 Bucephalum
1666 808 1734 845 do-

138 865 279 902 mantis
291 875 373 913 quae
384 862 514 899 suntin
526 871 659 898 monte
672 860 868 910 Quinctii,
880 862 1041 905 majores
1050 860 1133 898 sunt
1142 862 1321 898 omnibus
1333 862 1441 911 signis
1457 864 1630 901 Deorum
1643 876 1733 913 gem

139 921 263 957 tilium
276 945 284 958 ,
304 931 385 968 quae
396 919 433 954 in
443 916 551 955 Urbe
561 926 700 954 extant.
721 917 886 953 Dearum
898 917 1001 953 enim
1012 915 1135 954 statuae
1145 914 1220 953 fere
1231 928 1366 954 omnes
1376 930 1465 966 quas
1477 918 1538 955 hic
1549 919 1637 961 vidi,
1650 932 1732 958 nou

138 976 251 1025 longe
264 974 392 1011 distant
405 972 635 1010 acommuni
647 973 846 1009 mulierum
864 970 1044 1009 mensura.
1078 972 1226 1008 Contra
1245 973 1390 1010 Sabinae
1408 985 1489 1022 qua:
1511 973 1592 1011 sunt
1609 977 1648 1011 in
1665 988 1730 1012 eo-

139 1030 227 1068 dem
246 1031 405 1080 palatio,
427 1029 561 1079 duplo,
581 1038 645 1065 aut
668 1039 715 1064 eo
734 1027 892 1077 amplius
910 1027 1009 1066 hanc
1029 1025 1239 1066 mensuram
1258 1028 1444 1065 excedunt
1457 1058 1467 1074 ,
1488 1040 1527 1067 ut
1545 1032 1584 1067 δε
1604 1031 1733 1068 Niobe

138 1097 220 1136 quae
233 1086 371 1123 ibidem
382 1085 569 1135 spectatur.
601 1085 729 1133 Itaque
741 1081 866 1120 nescio
879 1084 975 1121 unde
991 1095 1035 1122 ea
1045 1085 1259 1122 venerintin
1272 1094 1440 1122 mentem
1449 1085 1628 1124 Gaurico.
1642 1087 1735 1125 Hoc

137 1153 321 1180 veronon
333 1140 649 1191 praetereundum,
669 1138 772 1188 quod
785 1138 983 1176 Philander
994 1144 1206 1178 annotavit:
1237 1141 1382 1179 Statuas
1402 1153 1486 1190 quae
1507 1143 1589 1179 Diis
1609 1141 1732 1188 fiunt,

136 1199 264 1237 vocari
278 1190 417 1236 έέὸωλοι,
437 1208 517 1246 quae
529 1195 717 1233 heroibus,
734 1193 862 1246 ξόαωις
883 1208 965 1245 quae
978 1197 1135 1245 regibus,
1152 1189 1374 1245 ωέδϋαένῖξιςς
1388 1208 1467 1245 quae
1487 1196 1725 1248 sapientibus,

137 1248 294 1296 δείκελαι3
308 1265 390 1302 quae
404 1252 641 1290 benemeritis
653 1250 896 1304 virisssqe‘reoo.
913 1251 1000 1288 Alia
1011 1251 1061 1289 est
1072 1251 1275 1291 differentia
1284 1252 1618 1303 statuarum‚quam
1629 1253 1732 1292 nosse

138 1310 423 1361 operaepretium
435 1307 497 1344 est.
531 1307 725 1344 Autenim
745 1318 886 1345 naturae
895 1308 1111 1346 varietatem
1130 1308 1356 1359 persequitur
1375 1307 1503 1346 artifex
1517 1338 1526 1353 ‚
1545 1320 1605 1348 aut
1623 1310 1730 1358 quod

138 1367 177 1404 in
198 1375 327 1403 natura
338 1364 543 1415 perfeetum
556 1363 617 1401 est.
648 1364 708 1400 Ille
721 1365 976 1401 rcmimitatur
994 1374 1036 1401 ut
1053 1363 1120 1411 est3
1144 1364 1204 1402 liic
1221 1364 1405 1402 difficilius
1417 1365 1596 1413 quiddam
1616 1365 1734 1415 perse-

138 1423 276 1472 quitur.
308 1424 550 1472 Qamquam
569 1421 670 1456 enim
680 1419 915 1469 perfeetiuna
925 1429 1069 1457 tanturn
1080 1419 1128 1456 est
1138 1420 1275 1471 species
1288 1450 1297 1466 ‚
1307 1422 1344 1458 in
1363 1432 1406 1458 ea
1423 1420 1637 1470 affequenda
1647 1433 1736 1472 prar-

139 1479 250 1528 cipua
268 1478 344 1514 laus
357 1475 418 1513 est.
458 1476 564 1524 Fugit
575 1476 676 1512 enim
687 1478 904 1526 imperitum
917 1476 1050 1525 vulgus
1062 1505 1072 1521 ‚
1085 1488 1154 1514 nec
1175 1478 1295 1514 oculis
1307 1476 1509 1526 investigari
1521 1476 1640 1527 potest
1651 1476 1735 1521 ‚nisi

138 1536 285 1571 ratione
297 1540 490 1583 praeeunte.
521 1532 622 1568 mille
633 1533 734 1568 enim
744 1532 880 1583 species
890 1532 1024 1579 objicit
1033 1531 1286 1582 persequenti,
1299 1545 1435 1570 omnes
1446 1531 1646 1570 indiscretae
1657 1532 1733 1571 fere

140 1588 574 1636 fimilitudinis‚quarum
591 1587 699 1625 fucus
719 1600 798 1626 non
818 1587 916 1625 nifia
934 1589 1078 1625 ratione
1097 1587 1395 1638 deprehenditur.
1427 1589 1518 1626 Haec
1534 1588 1674 1627 formas
1693 1600 1735 1628 0-

140 1656 246 1683 mncs
257 1643 302 1683 ad
311 1644 527 1693 symmetriae
549 1654 726 1681 normam
737 1646 851 1694 exigit
863 1673 872 1688 ‚
892 1653 934 1681 ut
951 1645 1122 1694 cujusque
1133 1643 1270 1681 fuerint
1280 1645 1402 1685 sexus,
1428 1655 1513 1681 aetas
1526 1673 1536 1688 ,
1550 1645 1706 1694 dignitas
1720 1670 1730 1684 ,

138 1712 281 1740 mores,
313 1702 356 1737 In
368 1700 446 1737 aliis
456 1698 579 1736 forma
590 1699 769 1748 quadrata
781 1699 956 1751 probatur
967 1726 975 1740 ‚
990 1701 1028 1737 in
1040 1701 1115 1738 aliis
1128 1701 1284 1750 gracilis.
1314 1702 1352 1737 in
1363 1700 1582 1750 quibusdam
1593 1700 1730 1746 torosa,

138 1758 177 1794 in
194 1757 270 1794 aliis
282 1767 418 1795 tenera·
448 1757 485 1792 in
505 1754 722 1804 quibusdam
741 1755 871 1795 obesa,
890 1757 928 1792 in
947 1757 1026 1793 aliis
1044 1755 1221 1794 exhausta.
1252 1757 1336 1794 Nec
1357 1768 1492 1795 omnes
1513 1756 1644 1794 eadem
1664 1769 1732 1807 po-

138 1811 247 1850 fitura
266 1812 393 1856 decet,
415 1823 494 1849 non
504 1811 604 1848 idem
615 1812 747 1849 vultus.
781 1811 879 1850 unde
893 1810 1037 1848 infinita
1055 1812 1337 1862 propemodum
1349 1814 1505 1862 varietas
1520 1812 1733 1850 formarum

136 1867 275 1919 prodit.
306 1867 371 1904 Ad
390 1878 482 1916 quas
494 1865 746 1905 discernendas
758 1879 855 1918 opus
865 1867 914 1905 est
925 1867 1062 1905 artifice
1073 1866 1376 1906 exercitatiffimo
1389 1898 1398 1912 ,
1408 1879 1484 1906 arte
1494 1868 1681 1907 instruero,
1694 1870 1735 1905 δε

139 1923 281 1969 judicio
299 1922 489 1974 praestanti.
508 1923 946 1973 Formaeigituranatura
957 1922 1169 1974 praescriptae
1187 1923 1479 1968 fueruntfistori‚
1491 1925 1643 1961 materia
1653 1935 1735 1961 non

136 1980 242 2018 item.
271 1980 356 2026 Ejus
376 1980 478 2016 enim
488 1976 698 2015 indifferens
709 1979 852 2030 semper
868 1979 936 2016 fuit
952 1980 1104 2019 electio,
1126 1991 1215 2016 cum
1227 1991 1270 2015 ex
1289 1979 1640 2028 qualibettraCtabili
1653 1990 1733 2016 ma-

138 2036 228 2073 teria
248 2035 388 2073 nobilia
406 2045 520 2086 opera
538 2033 633 2071 faeta
652 2034 800 2072 fuerint.
830 2045 923 2072 utex
941 2036 1079 2084 argilla,
1092 2046 1137 2072 ex
1154 2035 1324 2080 metallo,
1336 2047 1380 2072 ex
1398 2036 1524 2074 ebore,
1538 2048 1582 2072 ex
1597 2034 1731 2084 lapide,

141 2101 186 2127 ex
203 2089 321 2139 ligno.
355 2090 410 2125 Ex
428 2090 602 2134 metallis,
623 2102 670 2127 :es
690 2091 852 2127 maxime
866 2101 1099 2140 oportunum
1110 2090 1225 2129 visum
1237 2089 1305 2129 est,
1330 2092 1367 2127 ὃς
1387 2091 1473 2138 quia
1492 2091 1670 2140 parabile,
1691 2091 1731 2128 δε

140 2145 246 2195 quod
257 2144 364 2182 facile
384 2143 663 2194 trastariposs‘it.
693 2145 754 2182 Ad
765 2145 968 2182 statuarum
989 2146 1095 2182 usum
1114 2145 1387 2194 temperabatur
1406 2147 1512 2183 tertia
1529 2156 1630 2196 parte
1650 2147 1730 2183 aeris

140 2201 380 2239 collectanei,
401 2199 530 2237 additis
555 2199 698 2249 plumbi
719 2201 915 2249 argentarii
933 2200 1066 2250 pondo
1089 2200 1273 2237 duodenis
1294 2211 1337 2237 ac
1354 2199 1479 2238 selibra
1498 2203 1536 2238 iu
1557 2212 1731 2238 centenas

143 2258 233 2294 aeris.
252 2258 301 2293 ita
313 2264 562 2305 temperatum
579 2255 742 2303 regulare
759 2255 959 2293 dicebatur.
975 2256 1057 2293 Fuit
1069 2254 1183 2293 &alia
1200 2265 1450 2306 temperatura
1463 2259 1641 2300 tenerior,
1653 2256 1732 2294 for-

139 2313 247 2353 malis
265 2312 381 2355 dieta,
403 2311 533 2356 injecta
551 2311 660 2359 igitur
672 2311 816 2360 plumbi
827 2310 973 2348 decima
990 2313 1189 2361 portione,
1208 2312 1396 2360 &argenti
1406 2312 1591 2350 vicesima.
1615 2314 1734 2350 Tem-

95 2373 100 2377 ’
141 2368 335 2419 perabatur
354 2367 465 2404 ctiam
484 2368 596 2403 ternis
609 2394 619 2410 ,
637 2377 700 2404 aut
717 2368 903 2415 quaternis
923 2367 1021 2404 librIs
1040 2367 1185 2417 plumbi
1205 2370 1410 2417 argentarii.
1445 2367 1556 2418 idque
1574 2370 1615 2406 iu
1633 2369 1709 2406 olla
1720 2389 1732 2417 3

143 2424 243 2460 unde
261 2424 388 2461 ollaria
409 2431 670 2471 temperatura.
701 2420 960 2471 AEgineticum
979 2421 998 2458 a
1019 2433 1264 2473 temperatura
1283 2436 1428 2462 nomen
1448 2426 1485 2462 ὃ(
1504 2425 1654 2462 laudem
1672 2426 1730 2461 in-

141 2480 265 2517 venit,
288 2490 518 2528 quamquam
539 2477 590 2513 ibi
607 2489 685 2514 non
698 2477 916 2515 nasceretur.
947 2477 1113 2516 maxime
1126 2490 1216 2516 vero
1229 2481 1405 2517 Maeronis
1426 2480 1602 2530 operibus
1621 2479 1734 2518 nobi-

142 2536 290 2573 litatum
302 2561 310 2574 ,
333 2535 438 2584 quod
458 2545 506 2571 eo
525 2544 684 2571 uteretur
697 2563 706 2578 ‚
720 2545 760 2571 ut
778 2535 941 2571 Deliaco
962 2535 1195 2583 Polycletus.
1234 2536 1358 2573 Color
1376 2536 1488 2573 ctiam
1506 2536 1649 2573 metalli
1667 2536 1735 2574 hac

144 2600 395 2647 temperatura
414 2588 623 2627 mutabatur
634 2590 670 2625 in
683 2601 770 2626 eum
780 2591 846 2638 qui
857 2590 1095 2627 Graecanicus
1107 2590 1227 2629 diCtus
1237 2592 1297 2628 est.
1329 2591 1401 2629 Sed
1411 2593 1448 2628 &
1459 2590 1735 2641 praeclariffimae

143 2646 261 2689 Urbis
280 2647 429 2684 excidio
448 2646 610 2683 maxime
622 2645 860 2683 nobilitatum
869 2645 918 2682 est
930 2657 975 2683 aes
988 2671 996 2684 ‚
1011 2645 1116 2695 quod
1134 2658 1242 2697 capta
1259 2648 1452 2685 &incensa
1464 2647 1654 2685 Corintho
1674 2660 1737 2685 ca-

144 2701 201 2740 sus
222 2701 387 2741 miscuit,
411 2712 510 2739 tanta
530 2702 626 2737 circa
637 2700 673 2737 id
685 2700 887 2751 priscorum
899 2699 1150 2742 attestatione,
1172 2702 1260 2740 teste
1272 2704 1392 2740 Plinio
1405 2733 1413 2747 ‚
1432 2714 1471 2741 ut
1482 2704 1653 2755 plaerique
1665 2704 1739 2742 ele-

146 2760 336 2809 gantiores
367 2759 549 2796 ementito
570 2758 729 2795 nomine
760 2768 827 2804 pro
851 2757 1058 2794 Corinthiis
1079 2757 1208 2795 statuas
1239 2759 1454 2797 ostentarint
1471 2759 1656 2797 artificum
1675 2761 1741 2810 qui

147 2825 234 2857 ante
255 2825 402 2866 captam
415 2811 644 2851 Corinthum
656 2811 890 2850 deceffiffent.
922 2814 1008 2860 Ejus
1019 2824 1182 2862 quatuor
1191 2826 1323 2863 genera
1333 2813 1512 2853 discernit.
1525 2815 1739 2854 Candidum

147 2870 194 2913 ad
211 2872 353 2920 argenti
366 2871 537 2906 colorem
556 2869 728 2918 proxime
746 2868 942 2906 accedens.
973 2869 1149 2911 Alterum
1168 2872 1250 2907 auri
1269 2871 1388 2920 specie
1408 2871 1547 2909 nobile.
1566 2873 1742 2910 Tertium

148 2927 188 2966 in
199 2926 443 2977 quo‘nullurn
454 2925 668 2979 praevaleret
681 2950 689 2965 ,
711 2926 840 2974 aequali
860 2925 1030 2964 omnium
1049 2935 1360 2976 temperamento.
1389 2929 1627 2980 thuartum
1645 2927 1742 2974 joci-

1090 2993 1119 3033 g
1150 2995 1172 3020 2.
1641 2982 1745 3023 noris
