2023 3162
283 124 309 155 4
614 107 809 145 Li-:ouis
855 105 1121 143 BAPTisTAE
1170 116 1237 142 DE
1283 104 1538 144 ALBERTis

281 179 326 216 ad
337 189 520 217 coronam
531 176 643 221 duffi,
656 173 887 224 longitudine
899 173 992 210 inter
1003 171 1036 209 se
1048 171 1206 220 aequalcs
1218 170 1310 208 sunt.
1343 174 1445 210 Idem
1459 185 1547 212 vero
1559 174 1736 224 punCtum
1749 202 1757 216 ‚
1784 189 1872 214 cen-

143 238 222 263 Linea
282 246 383 273 trum
394 234 521 272 circuli
530 233 676 270 dicitur.
707 231 825 268 Linea
836 229 946 272 reita,
958 241 1042 277 quae
1053 229 1107 264 bis
1118 238 1305 264 coronam
1320 230 1449 265 circuli
1459 228 1625 274 secuerit,
1636 243 1772 281 perque
1785 245 1872 269 cen-

141 279 251 346 {32:773
285 302 385 329 trum
396 291 494 327 resta
512 290 580 326 ibit
591 314 599 328 ,
621 288 798 324 diameter
807 285 934 321 circuli
945 283 1043 333 apud
1053 283 1352 321 Mathematicos
1362 295 1527 321 vocatur.
1558 287 1641 323 Nos
1655 286 1750 324 hanc
1760 289 1871 338 ipsam

138 338 186 385 ηρ,
284 349 528 384 nominemus
539 344 755 381 contricam,
769 340 886 390 sitque
898 340 984 383 hoc,
997 340 1091 389 apud
1102 339 1284 380 nos,loc0
1297 339 1342 375 ab
1352 339 1434 389 ipsis
1447 339 1722 378 Mathematicis
1733 344 1817 393 pers
1813 357 1872 381 ua-

142 402 244 427 Cfflm'·
286 402 363 440 sum
375 432 384 447 ,
407 400 513 451 quod
525 402 647 446 ajunt,
670 396 854 434 Limbum
865 395 1051 434 secantem
1072 397 1209 432 lineam
1220 395 1360 432 nullam
1382 408 1510 444 aequos
1529 397 1687 445 angulos
1700 397 1719 433 a
1731 410 1872 437 corona

142 449 179 465 ‘a'
287 460 413 495 circuli
426 457 564 505 signate
578 484 586 498 ‚
607 452 672 492 nisi
683 465 764 503 quae
775 452 873 490 resta
883 451 1001 502 ipsum
1011 461 1185 488 centrum
1195 452 1362 501 attingat.
1395 452 1468 488 Sed
1479 453 1523 489 ad
1535 451 1739 504 superficies
1749 454 1872 491 redea-

284 526 382 552 mus.
415 513 468 548 Ex
482 512 537 548 liis
556 510 657 548 enim
669 520 749 558 quae
768 506 1051 545 recensuifacile
1063 507 1217 555 intelligi
1229 506 1367 556 potest,
1389 518 1428 544 ut
1439 509 1555 545 trai‘tu
1571 508 1722 545 fimbriae
1736 509 1872 547 immu-

285 581 363 606 tato
378 598 386 612 ‚
405 567 477 617 ipsa
495 565 699 616 superficies
720 566 757 601 ὅ(
778 564 914 601 faciem
927 564 963 600 ὃ(
975 575 1118 599 nomen
1130 574 1283 611 quoque
1302 562 1492 612 pristinum
1506 564 1630 614 perdat
1641 593 1651 608 ‚
1670 574 1781 613 atque
1793 578 1873 613 quae

282 625 483 672 triangulus
494 621 640 659 foi-tasse
651 620 855 663 dicebatur,
866 630 966 656 nunc
975 619 1286 668 tetranguluS,aut
1296 619 1455 668 plurium
1467 619 1639 669 deinceps
1649 621 1873 668 angulorum

281 680 564 729 nuncupabitur.
597 678 757 714 Dicetur
767 676 922 725 quidem
943 674 1089 711 fimbria
1110 684 1250 711 mutata
1263 703 1271 717 ,
1291 674 1422 712 silinea
1434 686 1495 712 aut
1517 677 1641 725 anguli
1651 687 1730 712 nori
1750 677 1873 713 modo

280 736 418 785 plures,
433 734 491 770 sed
503 733 708 771 obtusiores
722 761 732 777 ,
743 729 993 781 longioresve‚
1015 731 1076 767 vel
1088 731 1274 767 acutiores
1287 759 1296 774 ,
1315 729 1566 770 brevioresvc,
1592 743 1752 780 quoquo
1762 733 1874 781 paeto

137 813 231 847 Augu·
281 791 382 828 fiant.
415 793 450 827 ls
461 791 569 827 locus
581 789 773 831 admonet,
785 797 825 824 ut
834 787 879 824 de
891 787 1030 835 angulis
1042 792 1122 822 non
1136 785 1224 822 nihil
1236 786 1504 824 recenseamus.
1536 786 1594 824 Est
1605 789 1705 823 enim
1717 790 1873 836 angulus

135 851 184 878 lus-
282 848 493 884 extremitas
504 844 705 896 superficiei
716 843 735 879 a
747 842 887 880 duabus
903 843 1007 878 lineis
1019 841 1222 879 seinvicem
1240 841 1444 879 secantibus
1456 841 1657 879 confeeius.
1692 842 1872 892 Angulo-

135 892 266 960 ffff‘g'jssa
282 915 364 940 rum
375 904 440 939 tria
452 901 532 938 sunt
542 912 695 949 genera:
718 898 859 936 testum
873 926 882 941 ,
894 895 1071 934 obtusum
1082 908 1191 946 atque
1204 907 1364 933 acutum.
1399 897 1572 947 Angulus
1584 898 1704 935 renus
1716 911 1810 935 unus
1822 899 1872 937 est

133 944 248 1009 gemas
279 971 321 996 ex
335 968 500 1007 quatuor
511 957 667 1005 angulis,
679 957 743 1003 qui
756 954 775 990 ἐι
786 953 927 990 duabus
938 954 1042 989 reetis
1052 953 1170 989 lincis,
1186 950 1255 987 sese
1269 963 1406 990 mutuo
1419 952 1636 998 secantibus,
1653 955 1700 991 ita
1712 954 1874 992 conscri-

279 1015 377 1051 bitur
390 1039 397 1052 .
422 1025 459 1050 ut
471 1013 585 1050 cuivis
597 1012 829 1060 reliquorum
840 1009 953 1045 trium
963 1007 1005 1044 iit
1015 1008 1177 1057 aequalis.
1204 1007 1292 1043 hinc
1303 1008 1364 1046 est,
1377 1010 1482 1056 quod
1494 1012 1614 1056 ajunt:
1637 1022 1773 1047 omnes
1785 1011 1873 1047 reffi

278 1071 504 1119 anguliinter
524 1067 556 1104 se
567 1066 646 1103 sunt
664 1067 833 1115 aequales.
872 1064 1034 1100 Obtusus
1045 1064 1198 1112 angulus
1211 1062 1260 1099 est
1272 1092 1282 1108 ,
1300 1064 1364 1112 qui
1374 1064 1479 1100 resto
1499 1067 1620 1111 major
1632 1065 1692 1101 est.
1724 1066 1874 1103 Acutus

279 1129 307 1163 is
321 1125 450 1174 est,qui
464 1124 565 1160 redo
578 1123 703 1161 minor
714 1121 920 1158 est.Iterum
931 1120 975 1157 ad
985 1119 1218 1170 superficiem
1228 1118 1434 1157 redeamus.
1443 1120 1661 1157 Docuimus
1673 1132 1752 1169 quo
1761 1122 1875 1172 pasto

281 1194 354 1219 una
366 1193 430 1230 per
441 1179 628 1216 fimbriam
640 1177 794 1227 qualitas
806 1175 1010 1226 superficiei
1019 1174 1206 1213 inlicereat.
1225 1175 1411 1225 Sequitur,
1421 1185 1462 1212 ut
1473 1176 1586 1212 altera
1596 1174 1873 1226 superficierum

279 1239 436 1286 qualitas
449 1234 641 1273 referatur,
665 1246 745 1283 quae
756 1232 816 1273 est,
839 1242 878 1269 ut
888 1233 938 1269 ita
958 1232 1107 1281 loquar,
1129 1240 1306 1279 tanquam
1326 1232 1433 1274 cutis,
1453 1243 1516 1281 per
1527 1240 1653 1268 totum
1671 1231 1873 1281 superficiei

278 1293 426 1330 dorsum
447 1290 610 1327 distenta.
641 1290 694 1327 Ea
706 1292 743 1327 in
754 1300 826 1327 tres
839 1287 945 1326 divisa
957 1287 1015 1325 est.
1046 1288 1149 1341 Nam
1163 1288 1231 1324 alia
1253 1286 1450 1324 uniformis
1473 1289 1510 1324 ὅ(
1531 1287 1656 1337 plana:
1678 1288 1746 1323 alia
1767 1287 1873 1325 tube-

277 1348 355 1385 rosa
370 1376 378 1391 ‚
400 1349 434 1384 C<
447 1346 637 1396 sphaerica:
657 1347 727 1383 alia
738 1348 887 1383 incurva
899 1373 909 1388 ,
927 1347 1143 1382 &concava
1161 1343 1310 1380 dicitur.
1343 1343 1494 1394 Qarto
1513 1342 1606 1380 loco
1625 1343 1679 1379 his
1697 1342 1873 1380 addendae

279 1402 358 1441 sunt
369 1402 575 1453 superficies
587 1431 596 1447 ,
618 1413 701 1450 quae
713 1414 758 1439 ex
769 1400 950 1451 praedietis
962 1398 1183 1449 compositae
1194 1397 1287 1436 sunt.
1318 1399 1445 1436 Deliis
1463 1398 1608 1449 postea,
1629 1410 1732 1436 nunc
1742 1398 1787 1435 de
1799 1400 1874 1448 pri-

277 1462 361 1496 niis.
391 1460 499 1495 Plana
518 1457 725 1508 superficies
744 1469 785 1495 ea
798 1456 868 1501 est,
890 1468 1002 1505 quam
1014 1458 1052 1492 in
1072 1457 1200 1504 quavis
1221 1465 1321 1506 parte
1333 1453 1382 1492 sui
1395 1455 1492 1492 resta
1510 1453 1721 1505 superduCta
1742 1454 1872 1504 regula

275 1527 378 1564 aeque
390 1516 604 1564 contingat.
627 1513 713 1551 huie
733 1512 926 1563 persimilis
945 1513 1011 1549 erit
1031 1509 1238 1561 superficies
1249 1509 1443 1561 purissimae
1465 1509 1503 1547 δέ
1523 1509 1742 1560 quiescentis
1752 1514 1876 1559 aquae.'

133 1581 235 1620 sphira.
275 1572 299 1608 S
303 1571 460 1621 phaeriea
471 1568 676 1620 superficies
686 1570 838 1606 dorsum
850 1567 989 1620 sphaerae
1000 1569 1173 1605 imitatur.
1197 1566 1382 1618 Sphaeram
1394 1564 1580 1604 diffiniunt
1591 1578 1730 1618 corpus
1738 1575 1873 1603 rotun-

277 1627 368 1664 dum
381 1656 391 1671 ,
411 1630 447 1664 in
458 1637 592 1663 omnes
605 1636 722 1677 partes
733 1624 899 1663 volubile
911 1650 920 1664 ,
948 1626 1051 1671 eujus
1062 1625 1100 1660 in
1111 1622 1241 1660 medio
1252 1623 1429 1673 punitum
1441 1622 1532 1660 inest
1542 1652 1552 1668 ‚
1575 1622 1595 1659 ὲ
1605 1635 1683 1671 quo
1697 1632 1872 1659 extremae

134 1697 232 1719 conca-
276 1695 409 1720 omnes
421 1683 516 1719 illius
527 1682 696 1731 corporis
715 1691 835 1731 partes
856 1692 963 1729 aeque
975 1679 1115 1717 distant.
1132 1679 1318 1716 Concava
1336 1677 1541 1730 superficies
1552 1691 1593 1716 ea
1604 1677 1654 1715 est
1666 1703 1674 1717 ‚
1688 1690 1768 1727 quae
1778 1679 1872 1714 inte-

133 1744 180 1760 Μ·
279 1740 351 1774 rius
363 1750 586 1778 extremum,
600 1736 665 1774 sub
676 1738 820 1781 ultima,
830 1747 871 1774 ut
881 1735 929 1773 sic
941 1737 1110 1779 dixerim,
1121 1744 1221 1778 cute,
1232 1734 1373 1785 sphaerae
1384 1734 1554 1781 subjacet.
1574 1734 1713 1772 utisunt
1722 1735 1759 1770 in
1774 1732 1870 1770 testis

134 1817 239 1849 emp„
277 1806 437 1831 ovorum
450 1796 587 1832 intimae
599 1792 818 1843 superficies.
849 1791 1073 1844 Composita
1085 1803 1174 1829 vero
1194 1789 1400 1840 superficies
1411 1803 1454 1829 ea
1466 1789 1515 1827 est
1526 1819 1536 1835 ‚
1554 1803 1633 1839 quae
1646 1801 1717 1826 una
1731 1789 1869 1826 dimen-

95 1860 97 1862 ·
126 1854 188 1891 sita·
271 1850 373 1886 sione
383 1850 771 1899 planitiem,alteraaut
782 1860 1007 1892 concavam,
1018 1857 1080 1885 aut
1091 1846 1301 1897 sphaericam
1311 1846 1540 1897 superficiem
1550 1847 1725 1882 imitetur.
1742 1844 1868 1892 quales

273 1904 352 1942 sunt
364 1908 554 1942 interiores
565 1905 769 1941 fistularum
782 1933 791 1947 ,
810 1906 847 1941 ὅς
858 1907 1056 1941 exteriores
1070 1903 1331 1940 columnarum
1350 1902 1634 1952 pyramidumve
1645 1898 1864 1948 superficies.

273 1962 402 2009 ltaque
415 1962 453 1997 ὃς.
467 1960 610 1997 ambitu
621 1962 656 1996 δε
669 1959 779 1996 dorso
790 1960 1010 1996 inhaerentes
1021 1960 1213 2007 qualitates
1224 1984 1233 1997 ‚
1257 1967 1518 2007 cognomenta
1530 1954 1787 2005 superficiebus
1801 1983 1812 1999 ‚
1826 1964 1867 1991 ut

274 2016 432 2052 diximus
446 2045 456 2059 ,
474 2013 741 2064 imposuerunt.
773 2013 828 2050 At
838 2025 928 2050 vero
947 2015 1143 2061 qualitates
1155 2024 1235 2060 quae
1254 2025 1332 2048 non
1342 2013 1488 2048 alterata
1498 2009 1685 2061 superficie
1697 2036 1705 2049 ‚
1727 2022 1806 2046 non
1815 2021 1865 2047 ta-

275 2084 361 2108 nien
372 2071 511 2120 semper
522 2069 682 2107 eundem
693 2068 878 2120 aspestum
890 2068 934 2105 de
945 2069 978 2105 se
989 2068 1181 2111 exhibent,
1193 2067 1273 2105 duae
1286 2069 1379 2104 item
1391 2065 1480 2104 sunt.
1516 2067 1619 2103 Nam
1632 2076 1693 2102 aut
1702 2066 1795 2103 loco
1806 2075 1868 2103 aut

274 2127 474 2164 luminibus
487 2126 637 2163 mutatis
649 2154 658 2170 ‚
671 2127 814 2163 variatae
834 2124 1060 2161 intuentibus
1077 2123 1256 2160 videntur.
1288 2124 1348 2159 De
1359 2123 1452 2159 loco
1464 2123 1562 2173 prius
1572 2121 1786 2166 dicendum,
1799 2134 1869 2171 po·

273 2182 343 2220 stea
353 2182 397 2219 de
416 2181 632 2219 luminibus.
654 2180 714 2217 Ac
725 2178 1025 2230 perscrutandum
1038 2178 1191 2226 quidem
1203 2177 1266 2221 est,
1278 2189 1449 2225 quonam
1462 2177 1585 2227 past0,
1599 2187 1745 2214 mutato
1758 2178 1866 2221 loco,

272 2238 354 2289 ipsae
372 2236 572 2287 superficiei
591 2236 807 2273 inhaerentes
829 2237 1023 2285 qualitates
1043 2235 1250 2271 immutatae
1268 2233 1335 2270 effe
1357 2233 1561 2271 videantur.
1592 2232 1775 2281 Equidem
1788 2233 1867 2270 haec

275 2294 321 2330 ad
331 2295 406 2330 vim
417 2295 615 2330 oculorum
625 2292 793 2342 speetant.
816 2293 928 2330 Nam,
944 2290 1136 2328 intervallo
1148 2288 1263 2326 fituve
1283 2298 1447 2334 mutato,
1466 2299 1525 2326 aut
1537 2290 1700 2325 minores
1719 2299 1780 2325 aut
1792 2299 1867 2325 ma-

276 2352 372 2395 jores
385 2377 394 2391 ,
414 2359 478 2386 aut
487 2350 648 2385 omnino
661 2360 739 2386 non
752 2347 930 2394 ejusdem,
940 2358 1052 2395 quam
1065 2345 1234 2382 misterius
1249 2344 1391 2382 fuerant
1404 2374 1413 2389 ,
1430 2344 1583 2381 fimbriae
1594 2369 1602 2382 ‚
1624 2355 1686 2381 aut
1696 2345 1788 2380 item
1800 2356 1866 2380 co-

272 2407 353 2442 lore
363 2405 472 2441 austoe
483 2405 540 2440 vel
551 2403 724 2447 fraudatae
735 2402 939 2453 superficies
951 2411 1161 2453 appareant,
1174 2399 1314 2453 necesse
1328 2400 1387 2437 est.
1400 2404 1502 2454 Qas
1513 2411 1568 2436 res
1581 2411 1714 2436 omnes
1724 2401 1866 2437 intuitu

272 2462 465 2499 metimur.
495 2459 537 2496 Id
548 2459 716 2507 quidem,
727 2471 801 2508 qua
812 2461 956 2496 ratione
966 2458 1029 2494 fiat
1039 2486 1048 2500 ,
1060 2455 1343 2507 perscrutemur.
1375 2457 1698 2504 Exordiamurque
1710 2454 1729 2491 a
1743 2455 1866 2492 Philo-

272 2517 478 2567 sophorum
491 2513 685 2554 sententia,
706 2517 771 2564 qui
784 2516 907 2551 metiri
927 2512 1132 2564 superficies
1152 2511 1332 2549 affirmant
1349 2512 1456 2549 radiis
1468 2511 1687 2560 quibusdam
1708 2510 1805 2559 quasi
1814 2511 1865 2546 vi-

271 2572 371 2609 sendi
382 2571 565 2614 ministris,
576 2582 671 2619 quos
682 2571 826 2607 idcireo
837 2570 968 2607 visivos
979 2578 1220 2618 nuncupant,
1243 2568 1347 2616 quod
1359 2580 1422 2617 per
1432 2580 1499 2604 eos
1510 2579 1632 2604 rerum
1645 2565 1861 2603 simulachra

271 2627 385 2664 sensui
399 2629 666 2676 imprimantur.
698 2627 798 2663 Nam
811 2625 874 2676 ipsi
884 2626 997 2662 iidem
1008 2624 1096 2662 radii
1108 2626 1200 2661 inter
1209 2625 1364 2660 oculum
1375 2633 1485 2672 atque
1497 2622 1608 2659 visam
1620 2620 1862 2671 superficiem,

272 2684 406 2721 intenti
416 2681 538 2732 suapte
548 2683 594 2719 vi,
608 2693 651 2718 ac
662 2683 754 2718 mira
766 2681 925 2730 quadam
938 2679 1144 2718 subtilitate,
1158 2678 1406 2728 pei-niciffime
1426 2688 1653 2726 congruunt,
1668 2677 1765 2719 aera,
1778 2686 1863 2711 cor·

271 2750 436 2788 poi-aque
448 2737 659 2781 hujusmodi
671 2749 746 2775 rara
766 2739 802 2774 &
821 2737 905 2774 luce
922 2738 1045 2787 pervia
1063 2745 1295 2784 penetrantes
1308 2759 1316 2773 ‚
1339 2734 1466 2783 quoad
1485 2734 1638 2783 aliquod
1661 2728 1809 2774 densum
1822 2729 1862 2766 &

274 2805 353 2830 non
373 2794 519 2842 penitus
539 2805 700 2842 opacum
720 2791 936 2836 offendant,
958 2792 1087 2841 quoin
1105 2791 1197 2828 loco
1211 2790 1355 2838 cuspide
1376 2790 1545 2827 ferientes
1558 2814 1566 2827 ,
1591 2784 1611 2822 ὲ
1625 2785 1776 2833 vestigio
1790 2784 1861 2821 hae-

273 2858 387 2886 reant.
427 2848 570 2884 Verum
590 2861 669 2886 non
689 2851 846 2886 minima
864 2848 933 2885 fuit
951 2848 1046 2898 apud
1065 2846 1203 2896 priscos
1221 2843 1457 2896 disceptati03
1480 2843 1500 2880 ὰ
1519 2840 1704 2892 superficie
1717 2865 1725 2878 ,
1748 2852 1793 2876 an
1813 2840 1860 2877 ab

274 2904 393 2941 oculo
403 2901 467 2953 ipsi
477 2903 564 2939 radii
575 2915 779 2954 erumpant.
810 2907 904 2957 Qae
916 2903 1131 2952 disceptatio
1141 2903 1219 2938 sane
1231 2900 1404 2945 difficilis,
1417 2911 1526 2948 atque
1543 2895 1637 2946 apud
1648 2907 1717 2932 nos
1728 2895 1861 2933 admo-

275 2960 366 2998 dum
376 2957 513 2997 inutilis
523 2968 768 3007 praetereatur.
798 2958 1057 3009 Acimaginari
1077 2957 1227 3006 quidem
1248 2956 1396 3004 deccat5
1416 2955 1556 2992 radios,
1579 2950 1680 3000 quasi
1691 2950 1751 2988 fila
1762 2962 1862 3000 quae-v

1769 3007 1857 3044 dam
