2023 3162
305 88 379 114 120
715 71 771 111 M.
820 71 1131 111 VITRUVII
1185 68 1532 108 portionis

955 186 990 224 C
1020 200 1044 224 A
1073 197 1103 223 Ρ.
1162 184 1235 222 XI.

555 277 892 351 Defirmitate
904 272 1316 349 &fundamenta
1330 273 1644 347 aedificiorum.

302 405 552 487 AEDifieia
562 417 644 454 quae
656 406 716 451 [a]
726 405 841 454 plano
851 398 945 453 p'ede
955 401 1201 446 instituuntur,
1211 399 1235 438 si
1247 400 1485 440 fundamenta
1495 414 1628 441 eorum
1641 401 1733 443 fasta
1742 404 1887 447 fuerint,

332 482 336 486 -
414 463 461 498 ita
474 464 526 498 uti
545 463 582 497 in
608 457 666 505 [b]
686 459 869 510 prioribus
880 458 979 496 libris
990 458 1035 495 dc
1047 468 1158 494 muro
1170 457 1206 494 &
1219 457 1368 495 theatris
1381 456 1402 494 a
1413 459 1524 496 nobis
1535 459 1584 495 est
1596 459 1804 509 expositum
1815 492 1825 508 ,
1844 463 1891 503 ad

301 517 518 554 vetustatem
529 528 572 553 ea
582 525 690 553 erunt
700 515 773 554 sine
791 511 1021 552 dubitatione
1039 512 1157 551 firma.
1189 514 1255 550 Sin
1265 524 1390 550 autem
1403 510 1451 565 [c]
1467 514 1638 566 hypogea
1651 527 1893 556 concamera-

302 573 495 620 tionesque
507 571 737 609 instituentur
748 597 756 611 ‚
779 567 1014 607 fundationes
1025 581 1159 607 eorum
1169 568 1247 606 fieri
1258 569 1395 607 debent
1407 569 1596 608 crassiores
1609 600 1620 616 ‚
1639 583 1752 620 quam
1762 585 1843 622 quae
1853 575 1892 613 in

299 626 548 676 superioribus
558 626 717 665 aedificiis
728 626 912 664 strusturae
924 625 945 662 s
939 636 1004 662 unt
1014 624 1165 662 futurae:
1180 637 1390 674 eorumque
1400 627 1568 676 parietes,
1582 627 1676 676 pilae,
1686 625 1894 674 columnae,

302 682 347 718 ad
359 682 674 732 perpendiculum,
689 682 908 720 inferiorum
918 681 1046 720 medio
1058 681 1306 720 collocentur,
1321 682 1376 718 uti
1387 682 1508 719 solido
1519 680 1774 734 respondeant.
1790 684 1894 720 Nam

303 735 377 774 siin
396 739 641 789 pendentibus
651 750 767 775 onera
776 737 911 775 fuerint
920 738 1102 789 parietum
1113 747 1177 774 aut
1186 737 1448 775 columnarum
1458 767 1469 783 ‚
1481 750 1560 775 non
1572 748 1749 788 poterunt
1759 737 1897 776 habere

300 803 520 843 perpetuam
530 793 762 831 firmitatem:
783 804 955 843 praeterea
974 794 1067 830 inter
1086 792 1436 836 limina‚secundum
1454 794 1543 843 pilas
1555 795 1700 831 &antas
1713 820 1720 833 ‚
1734 794 1854 844 postes
1868 794 1894 832 si

301 847 570 898 supponentur,
584 861 692 887 erunt
701 862 778 886 non
790 848 937 886 vitiosae.
969 848 1117 885 Limina
1138 850 1240 885 enim
1253 848 1288 885 δέ
1301 849 1418 886 trabes
1430 849 1610 886 struituris
1623 861 1711 886 cum
1721 849 1788 886 sint
1799 862 1894 887 one·

302 914 387 941 rata:
399 930 406 942 ‚
428 906 555 942 medio
566 906 682 956 spatio
702 903 764 951 [d]
785 904 997 956 pandantes,
1008 903 1180 953 frangunt
1202 901 1250 955 [e]
1272 904 1294 940 s
1287 917 1331 941 ua
1342 904 1403 952 lysi
1414 904 1616 942 struituras.
1650 905 1750 942 Cum
1764 915 1894 943 autem

300 958 453 1007 subjesti
461 960 598 999 fuerint
611 964 647 999 ὅ(
660 961 870 998 subcuneati
882 959 1015 1010 postes,
1031 971 1107 996 non
1118 960 1468 1009 patiunturinsidere
1478 961 1597 998 trabes
1611 990 1620 1005 ,
1635 972 1755 1009 neque
1765 973 1823 998 eas
1834 962 1896 997 lae-

303 1015 401 1052 dere.
432 1018 528 1054 Item
539 1015 871 1054 administrandum
883 1014 943 1055 est,
957 1017 1011 1052 uti
1023 1016 1145 1052 levent
1153 1027 1250 1053 onus
1262 1017 1444 1065 parietum
1458 1015 1720 1054 fornicationes
1731 1042 1739 1056 ‚
1754 1028 1896 1054 cuneo-

302 1083 386 1108 rum
398 1071 638 1110 divisionibus
650 1101 659 1116 ,
681 1074 717 1109 &
739 1072 784 1109 ad
796 1081 968 1108 centrum
980 1070 1242 1120 respondentes
1253 1083 1383 1109 earum
1396 1071 1635 1109 conclusurae.
1670 1073 1774 1110 Cum
1794 1074 1895 1110 enirn

302 1136 403 1163 extra
414 1129 546 1172 trabes,
558 1139 621 1165 aut
631 1129 799 1164 liminum
812 1128 949 1177 capita,
967 1138 1072 1163 arcus
1085 1129 1214 1163 cuneis
1226 1137 1336 1164 erunt
1345 1127 1509 1165 conclusi
1521 1157 1530 1172 ,
1541 1130 1706 1178 primum
1716 1140 1793 1165 non
1807 1141 1896 1180 pan-

302 1181 404 1221 dabit
421 1186 594 1222 materies
611 1184 730 1221 levata
748 1195 880 1220 onere:
915 1182 1048 1219 deinde
1068 1181 1091 1219 si
1111 1182 1216 1231 quod
1237 1179 1256 1219 ὲ
1280 1183 1454 1221 vetustate
1473 1183 1608 1221 vitium
1627 1185 1783 1233 ceperit,
1817 1183 1892 1220 sine

300 1239 339 1282 [e
347 1243 385 1285 e]
400 1240 602 1277 molitione
612 1239 830 1277 fulturarum
841 1237 996 1275 faciliter
1008 1238 1222 1277 mutabitur.
1252 1240 1422 1288 Itemque
1432 1251 1515 1288 quae
1539 1237 1610 1292 [s]
1631 1239 1769 1290 pilatim
1783 1251 1894 1289 agun—

300 1302 360 1329 tur
369 1294 521 1332 aedificia
532 1324 542 1339 ,
552 1298 589 1333 δε
601 1306 809 1332 cuneorum
821 1292 1071 1333 divisionibus,
1088 1295 1319 1342 coagmentis
1331 1294 1374 1330 ad
1383 1304 1556 1332 centrum
1568 1293 1878 1344 respondentibus
1887 1321 1898 1335 ‚

301 1347 464 1387 fornices
483 1351 769 1387 concluduntur.
799 1351 978 1387 Extremae
996 1349 1076 1398 pilae
1095 1350 1133 1385 in
1153 1349 1208 1386 his
1229 1350 1375 1387 latiores
1394 1349 1508 1399 spatio
1518 1350 1599 1387 sunt
1610 1349 1795 1387 faciundae
1806 1377 1814 1391 ‚
1840 1352 1895 1389 uti

303 1404 400 1442 vires
411 1417 460 1442 eae
471 1406 646 1444 habentes
659 1405 813 1442 resistere
826 1403 963 1456 possint
974 1433 983 1448 ,
1002 1416 1091 1441 cum
1112 1406 1220 1441 cunei
1240 1405 1285 1442 ab
1303 1407 1477 1443 oneribus
1487 1406 1669 1455 parietum
1678 1404 1783 1456 pressi
1797 1433 1805 1446 ,
1826 1419 1892 1457 per

304 1471 530 1509 coagmenta
543 1462 587 1500 ad
600 1472 769 1499 centrum
780 1460 812 1497 se
823 1469 1031 1510 prementes
1043 1462 1114 1511 [g]
1127 1460 1350 1498 extruderint
1359 1461 1565 1499 incumbas.
1595 1462 1729 1510 Itaque
1740 1460 1765 1498 fi
1775 1473 1894 1512 angu-

301 1515 395 1552 lares
413 1518 494 1566 pilae
505 1528 611 1554 erunt
621 1516 781 1567 spatiosis
793 1515 1122 1564 magnitudinibus,
1134 1516 1365 1553 continendo
1376 1529 1534 1562 cuneos,
1546 1516 1761 1555 firmitatem
1773 1519 1895 1568 operi-

301 1569 369 1608 bus
378 1573 609 1623 praestabunt.
640 1573 743 1610 Cum
754 1574 792 1610 in
803 1570 860 1609 his
871 1571 981 1609 rebus
992 1570 1287 1610 animadversum
1302 1572 1412 1610 fuerit
1423 1601 1433 1617 ,
1452 1575 1506 1610 uti
1523 1584 1566 1611 ea
1575 1572 1764 1623 diligentia
1780 1575 1818 1610 in
1836 1572 1895 1611 his

1789 1628 1894 1666 adhi-

298 1739 329 1772 α]
357 1738 503 1767 Philander.
528 1741 609 1768 Plano
621 1740 686 1779 pede
700 1740 767 1768 dixit
776 1739 822 1768 hic
831 1740 861 1768 ad
872 1739 1050 1770 differentiam
1066 1742 1252 1783 livpogeorum
1272 1745 1296 1770 δε
1315 1741 1582 1770 concamerationum
1594 1762 1600 1769 .
1621 1741 1659 1768 uti
1670 1740 1702 1768 ad
1711 1736 1889 1767 differentiam

342 1781 578 1818 contignationum
588 1780 708 1808 dixitlib.
720 1791 774 1809 vii.
786 1789 843 1820 cap.
853 1791 874 1809 1.
891 1783 917 1810 Si
926 1783 1006 1821 plano
1017 1777 1138 1822 pede‘erit
1149 1783 1335 1811 ruderaudum.
1348 1787 1372 1812 ἀ
1382 1793 1481 1822 cap.1v.
1493 1782 1606 1818 ejusdem
1616 1780 1686 1812 libri,
1700 1776 1882 1807 Conclavibus

343 1828 402 1856 qua:
411 1822 489 1857 piano
497 1822 561 1858 pede
570 1818 678 1848 fuerint.

300 1857 330 1893 b]
360 1860 440 1887 Idem.
464 1862 504 1887 De
514 1861 595 1888 muris
606 1860 724 1899 exposuit
734 1860 780 1888 lib.
791 1871 811 1889 1.
824 1872 881 1901 cap.
893 1872 917 1890 v.
932 1862 964 1891 de
976 1862 1097 1891 Theatro
1107 1863 1154 1891 lib.
1164 1874 1188 1892 v.
1203 1873 1260 1903 cap.
1272 1873 1321 1892 ιιι.
1332 1863 1374 1891 sed
1384 1863 1438 1899 ejus
1449 1860 1634 1891 fundationem
1643 1858 1763 1899 petIvuIt
1774 1868 1805 1887 ex
1814 1858 1832 1886 l.
1841 1867 1891 1887 111.

333 1901 370 1927 est
380 1909 468 1927 autem
481 1901 506 1927 in
518 1910 573 1938 cap.
588 1911 637 1928 111.

303 1941 328 1974 c]
360 1940 444 1968 Idem.
466 1942 530 1968 Sunt
540 1940 706 1969 subterranea
717 1936 835 1973 aedificixn
845 1952 952 1971 arcuato
962 1953 1040 1981 opere
1051 1944 1180 1974 extrursta,
1190 1951 1219 1971 ut
1229 1943 1302 1970 cellae
1310 1943 1425 1974 vinariae.
1434 1942 1601 1974 oleariae,&c.

301 1981 333 2015 d]
364 1981 446 2008 Idem.
467 1982 624 2013 Pandmiles,
636 1982 661 2009 id
672 1983 707 2009 est
718 1983 862 2010 incurvatae
872 1986 896 2010 5.-
907 1984 1017 2021 ponderi
1028 1983 1162 2011 cedentes.
1178 1984 1209 2012 Ei
1220 1992 1383 2010 contrarium
1395 1984 1430 2011 est
1440 1981 1574 2014 fornicari,
1588 1981 1613 2009 id
1623 1981 1668 2014 est,
1681 1981 1770 2015 reniti,
1785 1982 1889 2021 pondus

333 2020 464 2053 sustinere.
474 2022 499 2049 in
510 2021 640 2049 diversum
650 2032 761 2050 curvari.

301 2062 326 2096 e]
357 2061 442 2089 Idem.
452 2062 532 2089 Valde
542 2061 606 2089 mihi
616 2062 745 2100 suspectus
756 2064 791 2091 est
801 2063 876 2093 locus
887 2064 1070 2092 hic.Existim0
1081 2063 1305 2094 scribendumsua
1315 2063 1401 2101 lyffid
1410 2064 1445 2092 est
1456 2063 1586 2092 solutione
1597 2065 1621 2090 ὃ(
1633 2059 1714 2090 hiatu.
1722 2070 1776 2094 aut,
1786 2061 1888 2091 sublisa.

332 2111 377 2129 aut
389 2102 548 2130 vocabulum
559 2104 594 2131 est
604 2103 854 2133 architectonicum.
872 2106 904 2134 de
915 2105 1009 2143 quibus
1021 2105 1106 2133 verbis
1118 2106 1143 2131 in
1156 2105 1292 2142 prooernio
1309 2105 1354 2132 lib.
1367 2115 1390 2131 v.
1403 2104 1481 2132 verba
1493 2102 1564 2132 fecit.
1578 2103 1646 2130 Haec
1656 2103 1707 2130 ille.
1728 2103 1890 2142 Legendum

336 2143 440 2170 videtur
449 2142 569 2180 Sullysi,.i
581 2143 663 2171 verbo
672 2146 769 2171 Graeco
781 2145 955 2184 wamia-aquali
966 2146 1046 2177 dicas,
1057 2145 1130 2173 simul
1141 2145 1231 2172 solvo:
1250 2146 1275 2172 id
1289 2146 1360 2172 enim
1370 2144 1436 2172 bene
1447 2144 1507 2172 huic
1527 2144 1589 2171 loco
1599 2145 1733 2171 convenit.
1753 2153 1814 2171 nam
1826 2153 1889 2172 cum

333 2183 425 2210 limina
434 2192 478 2211 aut
488 2183 574 2211 trabes
585 2184 757 2212 incurvantur
766 2185 887 2214 deorsum
899 2190 922 2214 δε
933 2187 1007 2213 oneri
1018 2186 1125 2218 cedunt,
1134 2182 1235 2213 necesse
1245 2185 1281 2213 est
1293 2185 1431 2214 structuras
1451 2185 1585 2223 impolitas
1595 2183 1670 2211 simul
1679 2183 1744 2213 solvi
1755 2187 1778 2212 δ(
1790 2182 1887 2224 frangi.

333 2223 408 2250 Idem
420 2224 561 2251 ostendunt
572 2225 687 2252 remedia
695 2234 753 2263 quae
762 2224 822 2253 huic
834 2226 952 2264 periculo
962 2225 1107 2254 adhibenda
1118 2225 1272 2264 praescribit.

300 2264 339 2298 ee]
370 2263 453 2291 Idem.
471 2264 561 2292 Sensus
572 2266 616 2297 est,
630 2275 683 2292 non
693 2263 794 2294 neces-'se
805 2268 854 2294 erit
862 2267 1003 2294 admovere
1013 2266 1134 2294 tibicines
1152 2264 1344 2294 &fulcimenta
1353 2287 1360 2298 ,
1371 2265 1389 2293 si
1400 2264 1462 2304 quid
1474 2265 1523 2292 erit
1534 2264 1740 2293 immutandum.
1758 2263 1825 2291 Flin.
1836 2263 1883 2292 lib.

335 2314 430 2331 xxxvr.
450 2315 506 2340 cap.
516 2315 540 2332 v.
560 2306 690 2344 Cyzici&
702 2306 887 2335 bouleuterion
900 2316 997 2335 vocant
1008 2306 1148 2335 :edificium
1158 2307 1276 2346 amplum
1288 2327 1295 2340 ,
1316 2307 1368 2335 fine
1379 2304 1466 2334 ferreo
1475 2306 1598 2334 clavoita
1609 2305 1730 2344 disposita
1739 2306 1886 2344 contigna—

334 2345 419 2375 tione.
430 2354 457 2372 ut
468 2345 616 2372 eximantur
625 2345 710 2374 trabes
722 2347 773 2374 fine
782 2345 950 2378 fulminem
961 2356 1129 2386 reponantur.

294 2384 330 2421 j]
363 2385 445 2412 Idem.
469 2385 499 2412 ld
511 2386 545 2412 est
555 2395 599 2422 per
610 2387 682 2423 pilas.
703 2388 868 2416 Suntautem
889 2389 947 2427 pila:
959 2389 1106 2426 quadratae‚
1127 2397 1189 2426 quas
1207 2386 1381 2418 Graeci-,wiza
1391 2394 1506 2415 vocant:
1523 2395 1578 2424 quo
1593 2386 1701 2414 nomine
1713 2384 1797 2413 utitur
1815 2382 1883 2412 Ptin.

334 2424 381 2452 lib.
392 2435 430 2452 vr.
442 2435 498 2463 cap.
509 2435 612 2453 xxvrir.
636 2427 796 2465 Qanquam
806 2429 873 2456 stelae
884 2431 989 2467 proprie
998 2430 1122 2457 dicuntur
1140 2430 1236 2456 stantes
1247 2429 1273 2455 in
1290 2428 1463 2455 monimentis
1479 2426 1622 2454 columnae.
1644 2428 1716 2464 Quae
1725 2435 1815 2453 autem
1824 2425 1882 2453 sunt

336 2467 470 2495 rotundae.
482 2474 610 2493 vocantur
620 2466 690 2496 niam
700 2470 723 2494 8.-
738 2467 814 2498 ςιὶλοι.
836 2472 857 2496 Α
871 2469 921 2507 pila
931 2471 998 2496 dixit
1009 2470 1107 2497 Cicero
1119 2468 1231 2506 Philipp.
1244 2478 1277 2496 ri.
1291 2468 1420 2506 oppilare,
1429 2477 1477 2505 pro
1488 2466 1630 2495 obfirmare
1640 2471 1665 2496 &
1675 2466 1827 2495 obcludere.
1838 2467 1886 2494 Vti

336 2514 397 2534 ante
406 2506 489 2545 ipsum
499 2509 605 2535 Lucret.
616 2505 662 2534 lib.
674 2517 711 2534 vr.
726 2518 774 2547 pro
791 2508 933 2541 obstruere,
945 2509 1132 2537 &liberiorem
1143 2509 1240 2538 fluendi
1252 2508 1354 2538 cursum
1365 2508 1511 2547 impedire:

649 2562 697 2587 Es?
706 2570 810 2599 quoque,
822 2559 935 2599 utipofflt
946 2572 1055 2598 magnus
1066 2562 1191 2599 congestus
1202 2570 1279 2588 arena

654 2600 781 2629 Flucffibus
792 2600 907 2638 adverfis
915 2602 1021 2639 oppilare
1030 2602 1090 2637 ostia
1100 2609 1197 2632 contra,

653 2645 721 2668 Cum
730 2652 800 2669 mare
808 2649 951 2679 permotum
963 2644 1047 2670 ventis
1057 2650 1109 2670 ruit
1117 2645 1187 2670 intm
1196 2652 1312 2670 arenam.

337 2692 358 2717 A
369 2701 422 2729 quo
430 2693 516 2730 postea
525 2693 685 2722 recentiores
696 2694 794 2722 medici
804 2693 995 2732 oppilationem
1003 2694 1166 2734 appellarunt
1176 2695 1310 2730 jocineris,
1320 2703 1398 2733 atque
1408 2694 1474 2722 adeo
1483 2695 1597 2724 aliorum
1605 2695 1733 2724 viscerum
1742 2696 1847 2724 vitium.

295 2745 327 2781 g]
348 2744 430 2771 Idem.
453 2747 623 2775 Extruderint
634 2757 682 2785 pro
693 2746 848 2775 extruserint
859 2746 961 2775 dietum
971 2748 1015 2775 est.
1037 2748 1173 2776 Incumbas
1181 2756 1270 2776 autem
1280 2747 1409 2786 appellare
1418 2748 1521 2776 videtur
1532 2748 1715 2777 incumbentes
1727 2758 1826 2776 cuneos
1839 2748 1882 2779 ‚id

339 2785 374 2827 est
384 2786 500 2823 reliquos
511 2797 604 2824 praeter
615 2788 741 2821 medium,
751 2789 796 2825 qui
807 2797 872 2815 unus
884 2789 954 2816 recte
963 2809 970 2819 ,
989 2788 1040 2816 sive
1048 2789 1084 2816 ad
1091 2789 1306 2827 perpendiculum
1317 2789 1347 2816 ad
1359 2797 1481 2816 centrum
1493 2786 1585 2817 fertur.
1607 2793 1672 2820 Aut,
1683 2789 1755 2826 quod
1766 2790 1882 2816 omnino

338 2826 471 2856 sentimus,
484 2836 539 2853 eam
552 2827 608 2864 pilae
617 2837 717 2865 partem
727 2850 733 2861 ,
754 2828 799 2856 ubi
809 2838 883 2856 arcus
893 2829 1053 2856 innituntur.
1075 2829 1256 2867 Italiimpostas
1273 2829 1305 2856 ab
1317 2829 1481 2867 imponendo
1492 2839 1599 2857 vocant.
1612 2838 1667 2867 quo
1677 2829 1786 2855 nomine
1798 2830 1881 2857 etiam

334 2865 523 2903 intelliguntur
533 2865 637 2895 fultura:
648 2873 672 2895 δε
681 2868 763 2896 veluti
774 2869 870 2897 mutuli
881 2869 1051 2902 testudinum,
1064 2867 1207 2899 fornicum,
1220 2873 1244 2897 δὲ
1253 2868 1363 2898 lunulam*
1373 2870 1475 2909 generis
1488 2879 1598 2897 camerae
1609 2891 1615 2901 .
1635 2879 1750 2906 quorum
1763 2867 1880 2898 formam

335 2914 414 2932 unam
424 2906 601 2939 subjiciemus·
623 2909 783 2936 Admonebo
795 2918 883 2937 tamen
894 2909 989 2941 obiter,
999 2909 1031 2937 ab
1043 2911 1155 2949 antiquis
1166 2909 1326 2938 Architecti&
1337 2919 1429 2938 omnes
1446 2907 1499 2937 fere
1510 2911 1536 2936 in
1550 2910 1698 2948 peristyliis,
1714 2910 1879 2947 porticibus,

334 2945 656 2984 templis,fciiestris,arcus
668 2959 721 2977 non
733 2949 847 2989 pilis‚sed
856 2950 976 2979 rotundis
986 2951 1119 2980 columnis
1127 2950 1268 2989 impositos
1277 2948 1391 2980 fultosve
1402 2946 1592 2991 fuiffe,niagno
1602 2950 1679 2982 viti03
1692 2959 1754 2978 cum
1765 2950 1878 3019 ‘}ebe‘³¹³²

1783 2999 1879 3020 uminis
