2023 3162
484 130 1312 173 nnAncu·1rEcrvnAL12.V‚
1651 149 1696 182 9³-

744 222 877 261 CAP.
932 222 1064 261 VIII.

497 304 584 356 De
598 299 753 355 tribus
771 305 1036 355 Scenamm
1046 298 1311 377 generibm.

197 405 315 443 Enera
324 414 448 444 autem
459 405 519 450 [a]
531 403 610 442 sunt
620 402 811 441 scenarum
821 405 901 444 tria,
912 415 1029 440 unum
1040 404 1146 453 quod
1155 402 1288 442 dicitur
1298 402 1502 454 Tragicum
1517 429 1524 444 ‚
1539 404 1696 444 alterum

200 462 416 501 Comicum,
431 462 583 497 tertium
595 461 818 509 Satyricum.
850 460 1001 497 Horum
1011 470 1136 498 autem
1147 470 1300 497 ornatus
1311 459 1389 497 sunt
1399 462 1493 497 inter
1504 460 1536 497 se
1546 459 1699 499 'dissimi-

108 521 177 564 les,
191 516 396 568 disparique
406 517 548 554 ratione
562 531 569 553 :
587 516 692 565 quod
702 516 872 567 Tragicae
886 514 1148 553 deformantur
1160 516 1362 561 columnis,
1373 515 1517 566 fastigiis
1530 516 1565 554 δε
1576 516 1698 566 signis,

108 572 327 625 reliquisque
346 572 529 622 regalibus
547 571 676 620 rebus3
711 572 885 609 Comicae
898 581 1024 609 autem
1036 570 1282 608 aedificiorum
1295 573 1547 623 privatorum.
1572 576 1609 611 ὃ(
1622 585 1700 612 mea

111 633 309 669 nianorum
323 629 461 666 habent
470 627 644 678 speciem,
656 626 907 678 perfectusque
919 626 1080 664 fenestris
1091 625 1285 677 dispositos
1297 629 1510 666 imitatione
1525 641 1703 668 commu-

110 689 214 724 nium
227 683 468 723 aedificiorum
479 683 696 721 rationibus.
708 684 877 732 Satyricae
887 695 979 721 vero
990 692 1170 720 ornantur
1181 682 1582 733 arboribus,speluncis‚
1590 698 1702 724 mon⁶

112 742 207 781 tibus
218 768 226 782 ‚
248 738 464 790 reliquisque
474 739 671 789 agrestibus
680 741 803 783 rebus,
813 740 850 775 in
863 735 924 784 [b]
936 739 1083 788 topiarii
1093 740 1214 788 operis
1226 738 1384 788 speciem
1396 738 1627 779 deformatis.
1659 743 1702 779 In

112 799 332 836 Graecorum
342 795 492 833 theatris
503 807 583 833 non
595 796 724 832 omnia
735 793 862 832 iisdem
874 794 1080 832 rationibus
1092 793 1172 831 sunt
1182 792 1362 843 facienda,
1374 795 1478 844 quod
1489 798 1652 846 primum
1664 798 1702 834 in

111 857 188 892 ima
200 852 455 891 circinatione,
471 853 558 888 utin
570 851 710 888 Latino
724 880 734 895 ‚
755 851 993 900 trigonorum
1004 860 1178 899 quatuor.
1194 851 1232 886 in
1245 861 1293 887 eo
1306 851 1574 898 quadratorum
1586 854 1700 891 trium

112 911 240 960 anguli
252 908 500 946 circinationis
509 908 646 945 lineam
657 907 876 956 tanguntAEt
883 908 985 954 cujus
997 904 1163 955 quadrati
1174 905 1266 942 latus
1278 905 1328 943 est
1336 907 1552 955 proximum
1564 909 1696 956 Scene,

112 965 349 1018 praeciditque
361 974 598 1001 curvaturam
610 963 880 1008 circinationis,
889 974 932 1000 ea
944 964 1096 1012 regione
1108 959 1314 1011 designatur
1323 961 1445 999 finitio
1458 963 1651 1013 proscenii‚
1663 967 1701 1002 &

112 1022 159 1059 ab
171 1033 212 1059 ea
222 1022 374 1070 regione
392 1018 437 1056 ad
450 1029 658 1057 extremam
671 1020 954 1056 circinationem
966 1027 1167 1056 curvaturae
1181 1046 1191 1062 ‚
1212 1019 1410 1068 parallelos
1428 1018 1524 1055 linea
1536 1019 1702 1068 designa-

63 1100 65 1102 ·
113 1088 172 1115 tur
184 1107 194 1122 ‚
209 1078 247 1114 in
258 1088 329 1126 qua
341 1074 579 1113 constituitur
590 1074 693 1111 frons
703 1074 831 1112 Scenae
844 1104 853 1119 ,
874 1076 931 1120 [c]
945 1086 1009 1124 per
1022 1083 1269 1123 centrumque
1280 1073 1471 1113 orchestrae
1483 1072 1503 1111 e
1516 1069 1609 1124 pros
1603 1075 1702 1112 cenii

114 1135 265 1183 regione
275 1132 466 1182 parallelos
479 1132 574 1168 linea
584 1129 808 1175 describitur,
822 1132 859 1167 &
873 1142 945 1180 qua
957 1128 1053 1167 secat
1065 1130 1317 1166 circinationis
1327 1130 1451 1170 lineas,
1467 1130 1593 1168 dextra
1604 1143 1649 1168 ac
1660 1129 1700 1167 si-
1746 1132 1750 1137 '

113 1190 220 1226 nistra
231 1189 269 1225 in
290 1187 465 1225 cornibus
478 1186 677 1235 hemicycli
697 1196 822 1224 centra
833 1185 1086 1235 designantur:
1112 1187 1149 1222 δ(
1163 1186 1305 1222 circino
1318 1185 1514 1224 collocato
1525 1187 1563 1222 in
1575 1185 1701 1224 dextra

113 1246 157 1282 ab
167 1243 360 1282 intervallo
372 1242 510 1280 sinistro
523 1243 787 1291 circumagitur
797 1243 993 1280 circinatio
1005 1241 1049 1278 ad
1060 1239 1243 1291 proscenii
1253 1240 1421 1279 dextram
1433 1252 1589 1293 partem,
1607 1242 1700 1279 item

114 1311 243 1338 centro
253 1299 446 1337 collocato
454 1301 490 1336 in
502 1298 642 1335 sinistro
654 1310 774 1335 cornu
783 1299 827 1335 ab
838 1299 1031 1335 intervallo
1042 1296 1174 1334 dextro
1185 1298 1452 1346 circumagitur
1462 1296 1506 1333 ad
1516 1298 1702 1347 proscenii

114 1355 290 1394 sinistram
301 1365 456 1405 partem.
489 1356 539 1392 Ita
549 1354 663 1392 tribus
675 1354 811 1391 centris
823 1354 892 1391 hac
903 1353 1149 1404 descriptione
1163 1382 1172 1398 ‚
1184 1354 1408 1404 ampliorem
1422 1350 1558 1390 habent
1568 1353 1702 1390 orche-

112 1411 222 1449 stram
231 1411 364 1455 Graeci‚
375 1412 412 1448 ὅ(
423 1411 581 1448 Scenam
592 1408 840 1448 recessiorenm
856 1411 1078 1459 minoreque
1091 1409 1285 1446 latitudine
1295 1410 1483 1460 pulpitum
1495 1438 1505 1454 ‚
1525 1408 1629 1457 quod
1638 1416 1700 1445 λσ-

113 1469 200 1514 γεῒον
212 1467 407 1519 appellant.
437 1467 601 1517 Ideoque
611 1466 710 1519 apud
721 1478 786 1503 eos
797 1465 998 1516 Tragici&
1011 1465 1168 1503 Comici
1180 1465 1321 1503 actores
1330 1466 1369 1501 in
1382 1465 1496 1502 Scena
1506 1475 1700 1514 peragunt,

113 1525 244 1573 reliqui
256 1531 380 1560 autem
392 1522 549 1560 artifices
559 1523 633 1561 suas
646 1535 709 1573 per
720 1522 948 1560 orchestram
959 1521 1125 1572 praestant
1136 1519 1383 1566 astiones.[d]
1402 1522 1494 1570 Itaq,
1511 1532 1554 1557 ex
1567 1532 1615 1557 eo
1626 1520 1700 1558 sce-
1713 1524 1760 1553 Al·
1769 1524 1822 1553 1051.

113 1581 189 1617 uici
202 1579 238 1616 ὃ(
248 1578 440 1627 thymelici
453 1579 583 1616 Graece
593 1579 783 1629 separatim
796 1579 1053 1616 nominantur.
1089 1577 1176 1622 Ejus
1190 1574 1240 1629 [e]
1255 1578 1355 1626 logei
1365 1576 1525 1614 altitudo
1534 1587 1611 1613 non
1628 1578 1697 1613 mi-

112 1647 180 1673 nus
191 1634 257 1672 effe
269 1634 377 1671 debet
386 1635 528 1684 pedum
537 1635 764 1678 decem‚non
775 1634 856 1684 plus
866 1633 1334 1671 duodecim.Gradationes
1344 1632 1521 1668 scalarum
1532 1633 1627 1669 inter
1639 1644 1701 1670 cu-

113 1702 207 1728 neos
217 1693 255 1727 ὃ(
265 1690 364 1727 sedes
377 1719 388 1735 ‚
402 1701 531 1728 contra
542 1691 809 1739 quadratorum
821 1691 974 1739 angulos
986 1690 1187 1738 dirigantur
1197 1689 1242 1726 ad
1254 1689 1413 1738 primam
1425 1687 1699 1737 praecinctione,

112 1746 159 1782 ab
170 1758 211 1784 ea
228 1746 487 1796 praecinffione
505 1749 600 1783 inter
611 1758 670 1783 eas
686 1747 860 1783 itinerum
872 1745 1000 1783 mediae
1013 1745 1225 1793 dirigantur,
1247 1746 1284 1781 ὅ(
1297 1743 1340 1780 ad
1352 1742 1536 1779 summam
1554 1744 1702 1791 quoties

111 1802 400 1853 praecinguntur,
414 1803 529 1838 altero
541 1811 647 1839 tanto
660 1801 800 1851 semper
809 1801 1093 1852 amplificantur.
1117 1801 1221 1837 Cum
1231 1799 1308 1837 haec
1318 1800 1446 1835 omnia
1455 1797 1602 1835 summa
1619 1810 1705 1837 cura

112 1856 330 1906 solertiaque
340 1857 522 1908 explicata
535 1857 611 1897 sint,
619 1867 708 1894 tunc
719 1859 830 1894 ctiam
840 1857 1052 1906 diligentius
1063 1855 1111 1892 est
1122 1853 1507 1893 animadvertendum,
1515 1855 1570 1890 uti
1580 1853 1621 1890 fit
1632 1855 1703 1891 ele-

112 1913 191 1950 etus
201 1914 322 1957 locus,
337 1914 373 1949 in
385 1924 464 1961 quo
476 1913 606 1950 leniter
615 1914 775 1964 applicet
783 1911 818 1949 se
829 1924 918 1950 vox,
931 1923 1053 1961 neque
1065 1910 1204 1962 repulsa
1214 1910 1372 1947 resiliens
1382 1910 1536 1946 incertas
1550 1909 1702 1947 auribus

113 1968 244 2006 referat
256 1967 549 2018 significationes.
580 1966 642 2020 [f]
667 1970 763 2006 Sunt
781 1969 880 2004 enirn
891 1968 1062 2005 nonnulli
1073 1967 1152 2004 loci
1163 1966 1372 2004 naturaliter
1382 1965 1625 2016 impedientes
1636 1977 1703 2004 vo-

1008 2024 1052 2060 M
1090 2037 1110 2061 2
1650 2022 1702 2058 cis

115 2095 146 2129 a]
165 2094 310 2125 Philander.
331 2100 402 2137 Qae
417 2098 561 2137 sequuntur
569 2099 601 2128 de
612 2099 698 2127 tribus
708 2099 842 2127 scenarum
854 2079 996 2138 generibus
1008 2119 1014 2130 ,
1031 2097 1112 2125 velim
1126 2096 1253 2135 superiori
1264 2095 1427 2133 capitiaddi‚
1440 2103 1468 2122 ut
1487 2094 1517 2121 fit
1530 2094 1637 2122 initium
1647 2104 1705 2132 cap,

157 2145 217 2164 vni
225 2157 230 2163 .
238 2137 284 2170 ibi,
292 2139 317 2165 in
327 2142 415 2167 Gratis
423 2141 542 2167 theatris.
554 2143 625 2168 Nam
635 2150 693 2178 qua:
702 2139 781 2177 usque
791 2139 853 2167 illue
863 2140 997 2171 dicuntur,
1009 2138 1041 2166 ad
1050 2141 1190 2167 Romanos
1200 2137 1344 2176 pertinent.
1354 2140 1390 2163 At
1398 2136 1434 2162 ibi
1444 2135 1476 2162 de
1487 2131 1705 2162 conforrnatione

151 2175 250 2204 theatri
261 2180 418 2207 Graecorum
429 2180 523 2218 incipit
533 2182 655 2212 traetare,
666 2189 828 2220 argumento
839 2180 855 2207 ii
866 2190 919 2207 non
930 2179 1042 2211 diverso,
1052 2187 1124 2206 certe
1132 2179 1256 2218 gentium
1269 2176 1407 2203 variarum.
1427 2176 1520 2212 Neque
1530 2181 1618 2202 tamen
1626 2175 1708 2203 velim

152 2227 302 2255 quenquam
312 2219 458 2248 existimare
469 2219 483 2247 a
495 2221 621 2248 Vitruvio
630 2221 712 2248 seeios
723 2221 748 2247 in
761 2221 847 2257 capita
856 2219 955 2247 libros:
977 2220 1041 2257 quin
1053 2219 1141 2258 potius
1153 2239 1159 2250 ‚
1171 2217 1243 2255 quod
1254 2215 1314 2243 alibi
1326 2217 1411 2243 testati
1422 2214 1510 2242 sumus
1520 2235 1527 2247 ,
1541 2224 1666 2253 perpetua
1678 2219 1704 2243 ὃς

150 2259 279 2286 continua
294 2258 368 2286 usum
378 2259 503 2288 dictione.
524 2261 584 2295 Ejus
597 2262 633 2289 rei
644 2262 660 2288 ii
672 2270 724 2288 non
736 2260 766 2287 fir
774 2260 842 2288 aliud
853 2268 1043 2299 argumentum
1057 2279 1063 2289 ‚
1079 2266 1152 2286 certe
1169 2256 1274 2284 trialib.
1287 2265 1330 2282 ix.
1341 2255 1521 2294 primatapita
1530 2253 1611 2283 fidem
1620 2254 1706 2284 facere

150 2296 267 2336 poffunt,
279 2309 337 2337 quae
348 2300 449 2328 constat
458 2308 559 2338 partem
569 2299 620 2328 effe
631 2301 766 2339 prooemii.
788 2301 837 2327 Sed
846 2299 961 2327 scetione
970 2300 1086 2326 delicato
1097 2298 1191 2325 lectori
1203 2296 1335 2324 voluimus
1346 2294 1397 2324 effe
1408 2304 1526 2324 cautum.

112 2338 143 2373 b]
167 2339 252 2367 Idem.
274 2341 326 2367 Pro
337 2350 370 2367 eo
381 2341 453 2378 quod
466 2341 552 2367 Graeci
562 2340 654 2368 dicunt
665 2338 796 2374 wmoide'g.
819 2343 860 2368 De
871 2340 1003 2377 Topiariis
1015 2338 1137 2377 operibus
1148 2337 1209 2365 alibi
1220 2350 1226 2367 ;
1247 2341 1271 2365 δι
1283 2338 1309 2363 in
1319 2337 1429 2365 Lexico.

116 2380 143 2414 c]
166 2379 249 2407 Idem.
275 2381 351 2410 Vide.
366 2390 494 2419 quantum
505 2378 588 2408 adfert
603 2381 959 2417 obscuritatisinterpunftio
971 2389 1024 2407 non
1034 2379 1151 2407 suoloco
1163 2378 1254 2416 polita.
1275 2377 1356 2405 Tolle
1365 2377 1710 2406 molestamdistinffionem

157 2423 183 2448 Sc
195 2421 331 2460 conjunge
339 2420 482 2459 sequentia,
494 2421 575 2450 sensus
584 2424 632 2450 crit
642 2431 745 2460 apertus
755 2431 760 2448 :
787 2424 835 2448 Per
843 2428 1005 2458 centrumque
1015 2419 1138 2454 orchestra
1146 2419 1261 2455 proscemi
1269 2419 1364 2454 regione
1370 2419 1500 2456 parallelos
1509 2419 1576 2446 linea
1586 2417 1706 2453 definibi—

158 2461 410 2490 rur.Haec111e.Sed
422 2463 509 2490 multo
519 2462 621 2500 planior
631 2465 666 2490 est
677 2462 765 2494 lectio,
778 2471 855 2499 quam
866 2471 896 2488 ex
906 2461 1079 2488 annotatione
1091 2459 1186 2487 Claud.
1198 2457 1316 2493 Salmafit
1327 2459 1428 2487 edimus
1440 2470 1445 2486 :
1457 2459 1593 2496 1›pr0scc›11'i
1600 2460 1706 2494 regione.

113 2500 146 2536 d]
165 2501 311 2529 Philander.
323 2504 427 2530 Scenici
437 2503 654 2542 complestnntur
665 2504 785 2530 comicos
797 2506 820 2530 δε
831 2503 958 2540 tragicos,
969 2501 1177 2540 thymelicorum
1188 2509 1252 2527 vero
1263 2501 1371 2529 nomine
1382 2500 1556 2538 intelligimus
1570 2499 1708 2529 ludios-,ci-

155 2541 302 2572 tharoedos.
311 2543 455 2571 citharistas
467 2548 491 2572 ἃ
503 2544 720 2581 tibicines,atque
733 2543 756 2570 id
768 2552 852 2581 genus
859 2541 1122 2580 symphoniacorum,
1137 2538 1185 2568 >La-3
1195 2540 1339 2576 ἐθυμέλης.
1353 2542 1395 2568 Est
1406 2549 1495 2568 autem
1506 2539 1599 2575 θυμέλη
1611 2538 1708 2566 theatri

157 2593 216 2621 pars
228 2582 273 2611 ubi
282 2582 418 2611 histriones
427 2583 481 2612 suas
492 2585 608 2614 actiones
620 2583 769 2624 perficiunt.
788 2583 836 2611 lul.
847 2583 940 2610 Pollux
951 2584 978 2610 in
989 2582 1121 2611 orchestra
1131 2581 1196 2610 dicit
1207 2577 1317 2610 effefive
1328 2587 1419 2617 ssvfflsu
1433 2581 1483 2608 five
1493 2580 1586 2617 βωμὲν.
1598 2578 1648 2607 hoc
1658 2580 1706 2610 est,

155 2624 208 2651 iive
220 2623 361 2662 pulpitum,
374 2624 425 2652 five
434 2635 514 2653 aram.

117 2666 144 2700 e]
165 2664 249 2692 Idem.
273 2666 335 2692 Non
344 2665 436 2693 desunt
448 2666 614 2704 exemplaria,
634 2664 678 2693 ubi
691 2664 789 2703 prolati
800 2686 807 2695 ,
817 2663 943 2702 scriptum
954 2664 988 2691 est
999 2663 1068 2700 logei.
1089 2673 1175 2702 neque
1185 2658 1292 2691 fortasse
1303 2661 1347 2689 abs
1358 2673 1393 2690 re.
1413 2663 1483 2691 Nam
1493 2661 1603 2701 loge-um
1615 2681 1621 2693 ,
1637 2659 1660 2688 id
1674 2660 1709 2689 cst

153 2707 250 2740 λογῖιν,
263 2705 395 2743 pulpitum
407 2706 562 2746 fignificare.
574 2707 652 2744 paulo
661 2715 722 2733 ante
732 2706 808 2737 dixit.
818 2708 842 2733 ἃ
854 2705 921 2743 apud
931 2704 1032 2731 Polluc.
1041 2704 1154 2744 legimus
1166 2703 1211 2731 lib.
1224 2713 1264 2730 rv.
1276 2713 1332 2741 cap.
1343 2713 1383 2735 19.

120 2744 151 2781 f]
172 2746 255 2773 Idem.
279 2747 350 2773 Cum
362 2746 411 2773 sint
421 2747 484 2778 loci.
494 2757 538 2776 aut
550 2743 721 2777 dissonantes,
731 2755 775 2773 aut
787 2744 1022 2776 circumsonanreS,
1033 2754 1076 2772 aut
1090 2744 1250 2773 resonantes,
1262 2752 1306 2770 aut
1317 2743 1491 2771 consonantes
1501 2763 1506 2774 .
1515 2742 1709 2780 postremorum

157 2786 273 2813 maxima
283 2787 318 2814 cst
329 2786 448 2815 habenda
458 2788 489 2816 ad
500 2790 573 2816 vocis
585 2789 611 2814 in
623 2787 732 2814 theatris
744 2783 870 2814 effestum
880 2786 949 2812 ratio
960 2806 966 2817 ,
986 2785 1091 2823 reliqua:
1109 2782 1266 2812 differenriae
1284 2783 1383 2811 vitiosa:
1401 2783 1469 2811 siint.
1490 2783 1624 2811 Admonet
1636 2781 1709 2808 locus

160 2825 566 2859 hie,utdicam,animadversum
578 2825 651 2856 effe-i
665 2838 706 2855 me
716 2828 747 2855 ad
760 2826 859 2854 Vrbem
868 2826 958 2853 locum
969 2825 1165 2862 triphonum,id
1177 2823 1239 2856 est,a
1250 2834 1303 2861 quo
1314 2833 1353 2851 ter
1363 2823 1595 2853 hemistichium&
1605 2823 1710 2861 integer

160 2866 316 2895 volubiliore
327 2868 416 2904 lingua
428 2870 617 2907 pronunciatus
630 2867 714 2896 versus
726 2877 766 2896 ter
778 2866 939 2895 redderetur.
950 2868 972 2892 Is
983 2861 1094 2893 Bassiani
1103 2865 1293 2903 hippodromus
1302 2865 1346 2897 est,
1355 2864 1396 2893 sed
1405 2874 1520 2895 eatenus¹
1531 2864 1548 2891 fi
1557 2864 1587 2890 ad
1597 2863 1713 2890 Caecilix

165 2905 280 2936 Metellae
289 2903 527 2947 sepulffridextram
537 2911 636 2938 adstans
646 2909 782 2937 inclames.
807 2909 880 2935 Fecit
892 2906 953 2938 hoc,
965 2915 993 2934 ut
1007 2904 1108 2934 facilius
1119 2907 1246 2933 Lucretio
1258 2905 1402 2940 crederem,
1414 2916 1475 2935 cum
1486 2906 1531 2934 lib.
1540 2915 1567 2939 4.
1579 2904 1630 2933 ait:

351 2961 399 2984 Sex
414 2958 493 2984 etiam
513 2966 561 2984 aut
570 2957 666 2994 septem
687 2955 741 2982 loca
760 2954 816 2982 vidi
834 2954 938 2981 reddere
955 2962 1042 2983 voces,

296 3014 299 3018 -
350 3000 434 3024 Vnam
452 3007 510 3025 cum
520 3000 631 3034 jaceres.
648 2999 687 3023 ita
705 2996 772 3024 calles
790 2994 890 3022 colltbm
908 2993 963 3031 ipsis

207 3073 213 3077 ι
349 3037 432 3064 Verba
449 3038 600 3076 repulsantes
618 3036 750 3065 iterabant
766 3036 833 3063 dicia
849 3034 972 3071 referre).

165 3075 225 3104 Fuit
234 3073 304 3103 enim
314 3075 441 3117 Olympia
451 3079 569 3118 porticus
580 3077 774 3117 heptaphonos,
785 3077 826 3106 uti
837 3076 903 3105 Plin.
912 3075 959 3104 lib.
972 3085 1076 3105 xxxvi.
1087 3083 1230 3104 memorat.

1611 3109 1640 3143 a]
1654 3106 1717 3136 Phi.
