2023 3162
136 1365 204 1392 Plin.
216 1364 259 1392 lib.

141 1412 254 1442 36.c,zz.

139 1761 167 1784 V.
173 1756 261 1794 religa—

138 1803 203 1824 tam.

280 81 327 111 28
687 67 744 105 M.
793 65 1105 106 Virizuvii
1157 63 1505 100 PoLLloNis

279 148 359 172 non
372 134 589 187 speciosam,
611 134 885 172 sedlirmiorem
903 144 1018 181 quam
1030 133 1238 171 reticulata,
1259 130 1423 182 praestant
1440 131 1668 169 structuram.
1701 130 1875 182 Utraque

277 202 401 228 autem
414 204 455 228 ex
467 190 713 228 minutissimis
723 188 1019 226 suntinstruenda
1030 217 1040 232 ‚
1064 189 1119 224 uti
1131 190 1284 224 materia
1295 199 1338 224 ex
1349 189 1449 225 calce
1467 188 1503 224 ὅ(
1517 200 1624 225 arena
1642 189 1798 226 crebitei·
1808 202 1873 240 pa-

277 247 386 284 rietes
397 247 531 291 satiati,
547 246 683 285 diutius
695 247 970 282 contineantur.
1001 244 1112 280 Molli
1122 244 1223 279 enim
1234 245 1270 280 ὅ(
1281 255 1356 280 rara
1377 242 1558 294 potestate
1573 244 1748 284 cumlint‚
1763 244 1875 282 exile-

281 313 368 339 cant
378 301 546 352 sugendo
559 300 579 338 ὲ
593 302 741 338 materia
751 299 923 338 succum:
946 310 1034 336 eum
1046 308 1174 336 autem
1187 298 1361 347 superarit
1381 301 1417 335 &
1439 298 1634 336 abundarit
1644 303 1753 349 copia
1765 302 1876 338 calcis

281 358 319 394 ὃ(
331 371 463 402 arenae,
476 359 591 407 paries
605 358 684 407 plus
697 355 837 392 habens
847 354 1031 392 humoris,
1044 366 1123 391 non
1135 356 1211 390 cito
1223 353 1286 390 fiet
1297 354 1474 391 evanidus
1488 379 1495 393 ,
1508 353 1567 390 sed
1580 353 1626 390 ab
1638 353 1692 391 his
1707 359 1876 393 contine-

283 415 393 451 bitur.
419 414 538 450 Simul
549 422 672 450 autem
682 409 835 447 humida
846 408 1005 459 potestas
1019 407 1039 446 ὲ
1051 412 1201 446 materia
1212 421 1276 459 pei·
1290 420 1561 447 caementorum
1571 411 1756 447 raritatem
1768 412 1876 449 fuerit

284 470 432 507 exucta,
452 479 539 505 tune
550 468 629 504 calx
640 466 685 503 ab
697 478 806 504 arena
815 465 1004 504 discedens
1014 464 1239 504 dissolvitur:
1261 467 1429 514 itemque
1443 476 1621 503 caementa
1640 477 1719 502 non
1728 467 1876 515 poss'unt

284 537 371 561 cum
383 524 435 560 liis
446 521 690 560 cohaerescere
702 551 712 566 ‚
730 521 836 558 sedin
848 521 1065 560 vetustatem
1075 523 1230 572 parietes
1253 520 1421 558 efficiunt
1439 520 1622 559 ruinosos.
1652 521 1692 557 Id
1703 525 1877 560 autemli-

286 592 347 618 cet
355 579 641 617 animadvertere
652 580 764 615 etiam
776 577 821 615 de
832 578 1021 615 nonnullis
1032 578 1287 614 monumentis
1298 606 1308 621 ‚
1328 589 1407 626 quae
1422 579 1518 615 circa
1535 577 1684 614 Urbem
1696 576 1789 614 faeta
1800 577 1877 617 sunt

287 633 308 671 ὲ
322 646 508 671 marmore
519 634 538 669 s
533 646 577 670 eu
588 633 770 684 lapidibus
781 633 975 683 quadratis,
991 631 1276 681 intrinsecusque
1288 633 1416 671 medio
1428 634 1570 671 calcata
1581 633 1759 677 saturius,
1775 645 1877 672 vetu-

285 691 371 727 state
383 689 535 727 evanida
551 689 645 727 faita
657 692 807 727 materia
819 714 830 732 ‚
844 700 1194 737 caementorumque
1205 689 1328 726 exacta
1346 691 1504 734 raritate,
1513 688 1750 740 proruunn&
1762 701 1878 739 coag-

285 756 502 783 mentorum
518 745 564 782 ab
574 747 681 783 ruina
700 745 876 783 dissolutis
895 746 1067 791 iuneturis
1087 743 1312 794 diffipantur.
1343 745 1461 799 Qod
1479 745 1505 782 si
1526 747 1607 794 quis
1620 746 1829 782 nolueritin
1839 746 1878 782 id

283 803 416 838 vitium
428 801 606 841 incidere,
629 801 759 839 medio
778 813 873 839 cavo
885 800 1028 840 servato
1038 800 1239 837 secundum
1260 802 1318 846 [c]
1331 800 1571 838 orthostratas
1584 800 1811 839 intrinsecus,
1832 813 1877 839 ex

284 858 399 894 rubro
409 857 494 894 saxo
507 857 689 907 quadrato
701 886 710 901 ,
728 867 790 895 aut
801 870 845 894 ex
857 857 942 894 testa
956 886 966 901 ‚
978 866 1040 894 aut
1051 856 1208 894 silicibus
1219 856 1425 901 ordinariis,
1434 857 1543 894 struat
1562 857 1748 907 bipedales
1759 859 1878 907 parie-

282 924 335 949 tes
346 938 354 951 ,
376 915 412 949 ὃ(
426 925 513 950 cum
526 913 617 950 aufis
630 913 754 951 ferreis
765 913 801 950 δε
812 913 971 965 plumbo
982 912 1126 949 frontes
1138 912 1267 950 vini&
1278 911 1358 950 sint.
1387 914 1439 950 Ita
1449 914 1550 951 enim
1565 924 1643 950 non
1656 914 1876 957 acervatim,

281 967 341 1004 sed
361 968 492 1006 ordine
509 968 686 1007 struCtuiia
706 981 801 1020 opus
819 970 957 1019 poterit
975 967 1042 1005 effe
1062 968 1137 1006 fine
1158 970 1249 1006 vitio
1268 967 1533 1021 sempiternum
1547 998 1558 1013 ‚
1579 969 1683 1018 quod
1695 968 1878 1006 cubilia&

282 1035 510 1074 coagmenta
522 1037 652 1063 corum
663 1027 755 1062 inter
764 1024 797 1061 se
808 1024 966 1062 sedentia
977 1024 1013 1060 δε
1024 1025 1145 1069 junna
1152 1026 1197 1061 ris
1208 1025 1358 1074 alligata
1369 1037 1447 1062 non
1457 1025 1676 1075 protrudent
1685 1036 1795 1074 opuS‚
1811 1036 1876 1061 ne-

281 1091 354 1128 que
372 1080 607 1118 orthostratas
627 1083 724 1118 inter
744 1081 777 1117 se
787 1082 962 1131 religatos
975 1081 1054 1117 -labi
1074 1083 1269 1131 patientur.
1306 1082 1440 1130 Itaque
1450 1093 1529 1117 non
1540 1080 1589 1117 est
1602 1080 1878 1118 contemnenda

281 1136 500 1172 Graecorum
513 1136 683 1175 striiCtura
696 1150 703 1173 :
716 1149 793 1174 non
804 1139 906 1174 enim
918 1147 1070 1174 utuntur
1085 1135 1223 1173 emolli
1236 1147 1420 1174 caemcnto
1430 1138 1545 1187 polita
1557 1165 1567 1181 ‚
1578 1135 1636 1173 sed
1649 1148 1739 1173 cum
1754 1134 1879 1172 disces-

280 1191 404 1228 serunt
417 1192 436 1227 21
447 1193 648 1240 quadrato,
670 1203 817 1243 ponunt
828 1193 873 1230 de
884 1192 982 1230 filice
992 1192 1050 1229 seu
1061 1192 1105 1229 de
1116 1192 1235 1243 lapide
1247 1193 1341 1229 duro
1355 1191 1419 1239 [d]
1433 1193 1658 1229 ordinariam
1672 1218 1679 1231 ‚
1694 1191 1731 1228 &
1742 1194 1792 1228 ita
1806 1193 1878 1239 (uti

279 1246 433 1285 lateritia
450 1248 642 1295 struentes>
663 1249 813 1297 alligant
826 1260 963 1285 eorum
981 1249 1127 1286 alternis
1149 1248 1285 1285 choriis
1299 1258 1534 1298 coagmenta,
1549 1247 1585 1284 ἃ
1596 1247 1646 1284 fic
1657 1249 1820 1284 maxime
1830 1247 1878 1284 ad

282 1305 524 1340 :eternitatem
533 1303 655 1341 firmas
668 1303 865 1354 perficiunt
876 1306 1040 1342 virtutes.
1066 1304 1158 1341 Haec
1168 1314 1293 1341 autem
1304 1304 1457 1341 duobus
1468 1303 1664 1353 generibus
1677 1303 1875 1340 struuntur:

282 1359 338 1403 [e]
362 1370 405 1395 ex
424 1358 478 1395 liis
499 1371 616 1397 unum
629 1360 850 1398 Isodomum
861 1386 868 1400 .
889 1361 1044 1397 alterum
1066 1360 1394 1411 pseudisodomum
1414 1360 1627 1410 appellatur.
1658 1359 1877 1397 Isodomum

279 1413 412 1450 dicitur
434 1417 651 1454 cumomnia
673 1414 693 1435 *
713 1416 841 1453 choria
853 1427 957 1465 aequa
971 1414 1202 1454 crassitudine
1224 1416 1357 1454 fuerint
1374 1416 1515 1454 strueta.
1527 1414 1873 1455 pseudisodomum,

281 1471 535 1520 *cum-impares
548 1474 585 1509 ὅ(
597 1473 793 1521 inaequales
805 1472 956 1510 ordines
968 1473 1164 1510 coriorum
1174 1473 1393 1522 diriguntur.

335 1526 387 1562 Ea
399 1536 556 1576 utraque
576 1527 755 1566 suntideo
767 1528 888 1573 firma,
901 1530 1076 1580 primum,
1092 1529 1199 1578 quod
1218 1528 1291 1579 ipsa
1309 1537 1493 1568 caementa
1503 1528 1582 1566 sunt
1598 1526 1696 1578 spiss'a
1707 1526 1743 1564 δε
1760 1525 1877 1565 solida

280 1583 520 1630 proprietate,
533 1594 654 1631 neque
663 1585 708 1621 de
719 1586 869 1622 materia
879 1584 1029 1634 possunt
1039 1597 1200 1634 exugere
1212 1586 1398 1634 liquorem
1411 1615 1420 1630 ‚
1440 1584 1500 1622 sed
1512 1583 1731 1623 conservant
1742 1595 1825 1620 eam
1837 1584 1876 1619 in

280 1635 348 1673 suo
360 1636 519 1674 humore
530 1638 574 1675 ad
586 1638 772 1676 summam
783 1641 1000 1678 vetustatem
1013 1667 1020 1679 ‚
1036 1639 1183 1690 ipsaque
1195 1653 1329 1678 eorum
1341 1641 1475 1678 cubilia
1487 1642 1652 1690 primum
1663 1641 1773 1689 plana
1785 1641 1823 1676 &
1834 1639 1877 1675 li-

281 1690 384 1728 brata
394 1692 509 1741 posita
520 1723 530 1738 ‚
550 1705 628 1731 non
639 1697 829 1744 patiuntur
840 1707 944 1733 ruere
955 1697 1147 1732 materiam
1160 1725 1170 1739 ‚
1197 1695 1256 1732 sed
1268 1707 1444 1747 perpetua
1454 1698 1636 1746 parietum
1647 1693 1876 1732 crassitudine
1892 1720 1894 1722 »

279 1748 428 1795 religata
447 1751 645 1786 continent
662 1750 706 1786 ad
724 1750 905 1788 summam
924 1750 1154 1788 vetustatem.
1188 1751 1316 1789 Altera
1329 1751 1399 1796 est,
1419 1763 1533 1801 quam
1549 1746 1738 1799 ἔμπλεκἹον
1753 1750 1876 1799 appel-

278 1803 362 1839 lant,
377 1813 450 1851 qua
462 1805 575 1840 etiam
586 1804 697 1841 nostri
706 1805 827 1842 rustici
839 1816 1005 1843 utuntur.
1038 1808 1218 1858 Qiorum
1230 1807 1371 1844 frontes
1390 1809 1595 1856 poliuntur,
1610 1807 1751 1854 reliqua
1761 1806 1811 1841 ita
1821 1807 1875 1842 uti

279 1856 364 1895 sunt
374 1867 458 1895 nata
471 1887 481 1903 ‚
498 1870 585 1896 cum
600 1862 756 1897 materia
769 1862 958 1899 collocata
970 1864 1117 1898 alternis
1129 1863 1278 1909 alligant
1291 1863 1538 1910 coagmentis.
1570 1861 1643 1898 Sed
1654 1861 1767 1898 nostri
1778 1862 1876 1897 cele-

1776 1926 1875 1954 ritati

274 2012 300 2045 c]
322 2013 406 2041 Idem.
429 2012 608 2043 Ortliostratae
624 2014 682 2043 sunt
693 2017 830 2045 arrectaria
841 2038 847 2049 ‚
862 2026 1018 2056 quacunque
1030 2017 1079 2044 iiiit
1097 2019 1216 2046 materia.
1229 2019 1395 2058 Ligneorum
1408 2020 1529 2056 quamvis
1549 2019 1786 2058 procumbentium
1801 2030 1877 2048 men-

314 2055 354 2081 tio
363 2055 398 2081 est
408 2054 453 2081 lib.
466 2065 491 2081 x.
506 2065 563 2093 cap.
575 2066 613 2087 19·
636 2057 812 2094 Lapideorum
823 2066 914 2085 autem
933 2067 1002 2085 ratio
1019 2058 1134 2098 intelligi
1154 2059 1239 2096 potest
1257 2058 1303 2086 hic
1322 2068 1354 2086 ex
1364 2059 1511 2097 Tyburtiiii
1527 2060 1618 2098 lapidis
1630 2059 1734 2099 spondis
1750 2069 1875 2098 pontium

313 2094 454 2128 Hadriani,
467 2095 584 2128 Fabrm'i,
596 2100 620 2124 &
631 2098 730 2129 Cxstii,
741 2097 766 2124 id
777 2098 822 2130 est,
834 2100 860 2125 S.
872 2099 971 2137 Angeli
982 2119 990 2129 ,
1009 2100 1033 2126 S.
1045 2100 1234 2127 Bartliolomaei
1243 2121 1249 2132 ,
1268 2104 1291 2127 &
1302 2109 1419 2138 quatuor
1430 2100 1557 2137 capitum,
1569 2111 1718 2139 quanquam
1732 2102 1788 2139 plus
1800 2101 1878 2128 semi-

313 2135 407 2162 dirutis
419 2156 425 2167 ,
448 2137 510 2163 &in
523 2136 662 2173 sepulchro
672 2138 839 2166 Planciorurn
849 2140 890 2166 via
900 2138 1052 2177 Tyburtiua
1064 2161 1070 2170 .
1087 2140 1118 2167 ad
1136 2149 1249 2178 pontem
1266 2142 1412 2168 Lucanum.
1433 2141 1590 2168 inciduntur
1609 2143 1634 2169 iii
1654 2143 1692 2169 his
1705 2142 1807 2170 canales
1820 2163 1827 2174 ,
1846 2143 1874 2170 iu

314 2184 380 2213 quos
399 2176 481 2203 veluti
497 2178 524 2204 in
542 2175 666 2205 foeminas
684 2178 753 2207 aliud
767 2179 900 2217 quidpiam
921 2189 969 2208 ceu
980 2179 1126 2209 masculum
1145 2182 1213 2209 ineat
1234 2181 1484 2219 committaturque.
1508 2182 1664 2217 Cuiusmodi
1676 2182 1743 2213 sunt,
1758 2193 1822 2222 quas
1833 2192 1876 2210 re-

313 2224 426 2254 gnantes
438 2217 517 2244 nostri
539 2218 674 2246 inottefias
686 2240 692 2251 ‚
712 2219 781 2257 quali
802 2220 941 2248 mordefias
952 2241 958 2250 ‚
979 2218 993 2248 al
1005 2221 1154 2249 mordendo
1167 2231 1281 2254 vocant,
1299 2219 1478 2250 commissum
1489 2222 1589 2250 scilicet
1601 2233 1695 2262 genus,
1708 2233 1770 2252 cum
1781 2233 1876 2261 perpe-

313 2257 456 2300 tuoncanali
468 2258 604 2291 induntur,
614 2259 796 2288 inserunturve
806 2260 903 2288 tabulae
913 2281 919 2291 ,
936 2269 981 2289 aut
992 2262 1129 2300 quippiam
1140 2262 1231 2291 limile.
1255 2263 1319 2290 Hoc
1332 2271 1420 2291 autem
1433 2263 1494 2291 loeo
1505 2265 1708 2302 interpretamur
1720 2275 1768 2302 pto
1779 2265 1875 2291 erestis

314 2298 408 2341 coriis,
420 2297 564 2326 secundum
575 2310 633 2337 qua:
644 2301 775 2328 excitandi
786 2301 844 2329 sunt
856 2301 989 2340 bipedales
1002 2304 1126 2340 parietes.
1149 2304 1346 2331 Revinciuntur
1357 2313 1421 2331 vero
1439 2305 1507 2331 inter
1518 2303 1541 2332 se
1552 2304 1666 2340 ejusdem
1677 2305 1746 2342 plani
1759 2305 1824 2331 corii
1836 2304 1875 2331 la-

314 2337 388 2376 pides
404 2338 468 2365 antis
484 2336 574 2367 ferreis
593 2349 638 2368 aut
657 2343 729 2368 aereis
740 2343 845 2379 potius;
863 2352 1013 2381 quanquam
1030 2346 1053 2370 &
1065 2344 1160 2383 ligneis
1172 2343 1320 2372 secui-iculis
1343 2345 1446 2377 (nostri
1458 2345 1629 2373 hirundinum
1647 2345 1741 2372 caudas
1756 2346 1871 2377 vocant)

315 2388 376 2405 cera
395 2382 419 2407 &
436 2389 541 2407 amurca
553 2378 658 2418 perfufis
675 2382 702 2408 in
711 2382 909 2420 alligationibus
925 2383 999 2416 usos,
1019 2383 1070 2422 ipsa
1082 2395 1161 2423 opera
1171 2385 1278 2413 docent.
1294 2382 1437 2413 Inferiores
1446 2395 1535 2413 autem
1546 2386 1642 2424 lapides
1658 2395 1721 2413 cuin
1732 2384 1873 2424 superiori-

315 2418 364 2446 bus
375 2418 549 2459 configuntur
559 2421 639 2448 clavis
651 2425 674 2448 ἃ
687 2423 897 2451 connestuntur.

276 2459 307 2494 d]
330 2459 413 2487 Idem.
437 2460 579 2488 Ordinaria
590 2462 717 2490 struClura
727 2463 814 2490 media
829 2464 863 2491 est
875 2464 943 2492 inter
952 2474 1011 2492 eam
1024 2475 1081 2503 qna:
1093 2464 1122 2493 fit
1134 2464 1148 2493 ὲ
1160 2466 1289 2505 quadrato
1300 2464 1392 2503 lapide,
1404 2469 1428 2493 ἃ
1438 2476 1496 2503 quae
1506 2476 1537 2493 ex
1555 2463 1665 2493 informi
1684 2475 1817 2494 caemento
1834 2474 1875 2494 te-

317 2510 390 2528 mere
401 2502 531 2540 congesto
540 2522 547 2532 .
556 2502 600 2529 ubi
614 2503 711 2540 lapides
730 2503 775 2530 etii
786 2504 817 2531 ad
827 2514 952 2532 normani
970 2515 1023 2532 non
1042 2505 1199 2544 respondent
1210 2526 1216 2536 .
1234 2506 1247 2534 ‚i
1259 2506 1406 2534 seinvicem
1424 2516 1477 2532 non
1494 2505 1638 2533 abhorrent
1650 2510 1674 2534 ἃ
1684 2507 1777 2534 ordine
1789 2517 1874 2546 coag-

317 2550 482 2568 mentantur.
505 2542 600 2571 Claud.
610 2543 745 2571 Salmalius
760 2545 787 2571 in
798 2544 919 2572 Solinum
933 2555 1007 2579 123²·
1030 2547 1094 2573 Tria
1105 2547 1159 2574 lia-*c
1172 2544 1351 2585 vulgatissima
1361 2547 1546 2574 structurarum
1559 2557 1655 2583 ‘genera
1672 2548 1739 2585 apud
1751 2550 1871 2575 Graecos.

316 2584 445 2625 Later-itia
461 2584 476 2612 η’
486 2582 656 2616 λ’πὲβηπέλε.
667 2585 808 2612 Ordinaria
819 2585 907 2612 fimilis
922 2585 1057 2616 latericias,
1068 2584 1107 2614 sed
1120 2598 1150 2614 ex
1163 2584 1247 2625 lapide
1258 2588 1324 2615 duro
1334 2586 1373 2614 vel
1384 2586 1454 2614 filice
1465 2607 1471 2617 ,
1483 2580 1695 2626 quainbilka'ipnpr
1707 2597 1785 2616 vocat
1798 2590 1873 2615 Con-

317 2621 453 2649 stantinus.
476 2624 568 2652 Tertia
581 2634 612 2651 ex
623 2627 690 2652 Saxo
708 2625 854 2664 quadram,
874 2636 953 2663 quani
966 2624 1129 2662 wifynz'dqci
1142 2628 1203 2659 λίθω
1220 2629 1289 2656 idem
1300 2627 1420 2665 appellat.
1440 2628 1632 2666 Qodcunque
1643 2628 1821 2659 lit,ordinaria
1832 2628 1873 2655 di-

317 2660 446 2689 cebantur
462 2662 493 2690 πὶ
508 2662 639 2703 ἑίῐιέξηρα,
653 2666 705 2693 five
715 2676 746 2693 cx
758 2666 838 2694 latere
852 2687 857 2698 ‚
877 2666 928 2694 live
939 2677 970 2694 ex
981 2667 1049 2694 lilice
1061 2668 1154 2696 {iruna
1169 2665 1262 2697 effent.
1282 2668 1433 2695 Vitruvius:
1454 2668 1494 2696 sed
1507 2678 1569 2696 cum
1585 2666 1754 2696 discesserunt
1773 2666 1787 2695 ὲ
1806 2678 1872 2706 qua-

316 2700 410 2733 drato.
425 2712 527 2737 ponunt
544 2705 674 2738 derili'ce,
693 2705 735 2734 seu
753 2707 785 2734 de
799 2707 883 2745 lapide
903 2707 970 2735 duro
985 2708 1114 2736 ordinaria
1128 2729 1134 2739 ,
1152 2713 1204 2737 ἃς.
1228 2711 1263 2736 ita
1272 2708 1417 2747 legendum
1437 2718 1489 2735 non
1508 2709 1677 2736 ordinariam.
1701 2711 1770 2737 Nam
1787 2707 1873 2747 sequi-

317 2749 376 2767 tur:
397 2743 504 2786 alligata
515 2755 600 2772 eornm
615 2747 721 2775 alternis
737 2747 815 2775 choris
827 2756 984 2784 coagmenta.
1007 2747 1057 2775 vbi
1067 2749 1198 2777 ordinaria
1214 2749 1270 2778 suut
1282 2748 1315 2776 πὲ
1331 2744 1448 2785 {sfgw'pnya
1459 2769 1465 2779 ,
1483 2749 1594 2777 aedificia
1606 2749 1699 2777 ordine
1712 2749 1815 2776 strusta.

273 2781 299 2814 e]
330 2782 414 2826 Idem.
437 2783 508 2826 Alias
519 2784 616 2824 legitur
628 2786 830 2816 libna-codonium
840 2792 863 2816 δε
876 2787 1160 2827 Ρίὲιιάἰίὰῑεοάοηῑυιῃ.
1173 2790 1312 2818 Tricaelius
1323 2789 1430 2828 legebat
1441 2789 1587 2829 lsogonion
1599 2793 1623 2817 &
1635 2788 1870 2829 pseudisogonion.

319 2822 383 2849 Vide
395 2822 468 2859 plura
478 2833 503 2849 in
516 2826 616 2853 Lexico
627 2829 794 2856 VitruvianO.

276 2861 295 2881 vl<
321 2862 415 2906 Claud.
436 2863 572 2907 Saluialius
592 2867 617 2892 iii
629 2862 749 2908 S’olimim
768 2879 841 2903 1233.
852 2874 920 2897 Cum
931 2872 1015 2897 omnia
1027 2871 1111 2898 chorda
1120 2881 1188 2910 aqua
1206 2869 1366 2907 craffitudine
1378 2870 1480 2908 fuerint
1489 2870 1600 2905 struc‘i‘a.
1621 2871 1662 2897 Sic
1675 2878 1753 2897 vocat
1765 2869 1872 2897 ordines

315 2901 432 2940 lapidum
444 2913 487 2948 qui
500 2906 593 2949 ³T'qu‘ll}
609 2906 778 2936 crassitudine
789 2909 886 2938 suntin
896 2912 1022 2939 structum
1032 2911 1166 2939 Isodomo.
1177 2912 1282 2940 Dicitur
1292 2920 1381 2939 autem
1393 2910 1489 2940 chorus
1499 2914 1523 2939 δε
1536 2911 1735 2942 εΙιοῐίιιηὶοῐάο
1747 2910 1871 2938 laterum.

314 2944 406 2981 Qare
417 2946 440 2971 ἃ
449 2953 475 2971 iii
484 2945 685 2982 pieudilodonio
695 2949 800 2978 ordines
811 2950 955 2980 chororum
965 2962 1018 2979 non
1031 2954 1166 2980 coriorum
1179 2951 1329 2991 legendum-

1757 2990 1794 3029 f]
1808 2990 1869 3019 Phi-
