2023 3162
239 102 313 135 190
630 79 1457 122 M.V1TRUV11P01„L10N1s

234 155 405 206 quotidie
425 154 572 192 cursum
594 149 770 188 faciendo
783 178 793 193 ,
816 149 962 185 circiter
979 147 1119 184 ottavo
1141 147 1177 183 Sc
1197 145 1378 195 vigesimo
1397 145 1455 181 die
1473 143 1565 182 subit
1584 145 1704 183 radios
1723 147 1807 183 solis
1820 173 1828 186 ‚

234 215 270 249 ὃ(
282 214 333 249 ita
342 210 540 248 menstruas
552 206 693 258 perficit
703 206 876 242 rationes.
906 204 1037 247 Nunc,
1050 214 1091 240 ut
1110 204 1146 238 in
1167 202 1313 250 singulis
1324 200 1508 240 mensibus
1520 201 1585 238 Sol
1596 201 1692 251 ligna
1703 214 1826 254 perva-

239 268 338 309 dens,
353 277 466 317 auget
478 268 514 304 ὅ(
526 264 660 301 minuit
671 261 814 300 dierum
825 262 862 296 ὃ(
875 258 1052 296 horarum
1062 258 1170 309 spatia
1183 287 1192 302 ‚
1206 258 1339 295 dicam.

910 387 944 424 C
974 399 997 424 A
1026 397 1058 423 P.
1116 386 1165 424 V.

478 480 561 531 De
581 475 702 529 Solis
717 474 857 550 curfia
867 490 954 549 per
965 473 1364 549 dnodecimslgnct
1376 477 1596 529 Zodiaci.

240 608 302 691 IS
320 618 484 656 namque
497 617 584 643 cum
597 604 648 653 [a]
664 603 804 641 Arietis
817 601 958 653 lignum
971 604 1059 642 init,
1081 605 1118 641 δε
1131 612 1275 653 partem
1288 603 1456 647 oc'tavam
1469 614 1683 655 pervagatur
1695 633 1704 648 ‚
1725 605 1833 655 perfi-

281 666 331 701 cit
341 663 607 712 :equinoCtium
627 672 802 699 vernum:
829 658 889 705 [b]
911 671 997 697 cum
1018 659 1252 710 progreditur
1270 658 1314 696 ad
1329 659 1484 696 caudam
1504 662 1615 697 Tauri
1630 689 1639 705 ‚
1660 660 1833 709 sydusque

242 720 493 769 Vergiliarum
506 748 515 763 ‚
530 715 550 755 ὲ
563 718 698 767 quibus
710 717 849 754 eminet
858 716 1011 752 dimidia
1020 727 1099 766 pars
1111 716 1211 766 prior
1223 715 1340 752 Tauri
1352 717 1387 751 in
1400 717 1516 762 majus
1529 715 1681 766 spatium
1693 718 1835 760 mundi,

239 789 354 826 quam
373 775 573 812 dimidium
594 774 781 824 procurrit
794 801 803 816 ‚
826 771 1034 823 procedens
1055 771 1100 808 ad
1119 772 1454 822 Septentrionalem
1476 784 1627 823 partem.
1660 773 1688 808 E
1702 774 1835 810 Tauro

241 831 542 881 cumingreditur
553 832 588 867 in
610 829 815 866 Geminos,
840 828 1093 864 exorientibus
1106 828 1278 877 Vergiliis
1300 830 1414 878 magis
1428 827 1554 865 crescit
1571 827 1674 878 supra
1684 839 1832 869 terram,

240 890 278 926 ὃ(
289 898 397 938 auget
405 887 517 938 spatia
528 886 685 923 dierum:
699 883 829 921 deinde
842 884 862 919 a
873 883 1044 920 Geminis
1056 895 1142 920 cum
1154 884 1220 920 init
1232 883 1276 919 ad
1290 884 1492 923 Cancrum,
1507 887 1570 932 qui
1582 883 1834 923 brevissimum

202 966 205 969 -
240 954 345 982 tenet
357 944 434 981 caeli
444 942 601 993 spatium
613 971 622 986 ,
643 952 734 978 cum
744 940 913 990 pervenit
925 941 960 975 in
972 946 1116 989 partem
1126 940 1311 983 octavam,
1324 939 1467 990 perficit
1478 941 1659 978 solstitiale
1676 951 1835 991 tempus:

241 1002 279 1037 &
290 1010 447 1050 pergens
459 1001 625 1048 pervenit
635 996 678 1034 ad
691 1005 802 1047 caput
814 995 850 1031 δε
861 996 991 1045 peetus
1004 995 1144 1032 Leonis
1159 1024 1169 1040 ‚
1180 996 1283 1045 quod
1296 1007 1344 1033 eae
1356 1006 1472 1046 partes
1486 996 1638 1033 Cancro
1652 995 1731 1033 sunt
1741 998 1838 1034 attri-

242 1055 350 1093 butae.
381 1055 433 1091 Ex
445 1054 593 1103 pestore
604 1063 732 1090 autem
752 1052 891 1088 Leonis
904 1053 942 1089 δε
952 1050 1088 1088 finibus
1108 1051 1262 1098 Cancri,
1279 1053 1375 1089 Solis
1388 1054 1514 1091 exitus,
1531 1064 1745 1103 percurrens
1758 1053 1844 1090 reli-

241 1122 332 1159 quas
343 1121 461 1160 partes
482 1110 636 1147 Leonis,
660 1108 848 1145 imminuit
859 1106 929 1144 diei
943 1107 1240 1157 magnitudinem
1260 1111 1296 1146 δε
1308 1109 1570 1145 circinationes
1584 1138 1594 1153 ,
1611 1110 1779 1157 reditque
1798 1109 1836 1146 in

241 1167 497 1203 Geminorum
508 1166 689 1214 aequalem
703 1162 863 1201 cursum.
894 1164 1007 1201 Tunc
1020 1175 1110 1201 vero
1123 1163 1142 1199 ἐι
1158 1167 1285 1202 Leone
1296 1163 1471 1202 transiens
1484 1165 1520 1200 in
1534 1165 1742 1213 Virginem,
1754 1177 1838 1214 pro-

240 1221 479 1271 grediensque
489 1221 535 1257 ad
547 1220 664 1257 finum
677 1219 782 1257 vestis
792 1221 879 1265 ejus,
895 1219 1082 1257 contrahit
1094 1221 1377 1257 circinationem
1390 1247 1398 1260 ,
1419 1219 1456 1256 δε
1468 1231 1586 1269 aequat
1598 1231 1680 1257 eam
1694 1249 1703 1264 ‚
1721 1232 1837 1269 quam

243 1279 389 1315 Taurus
402 1277 519 1317 habet,
536 1275 660 1314 cursus
672 1277 868 1313 rationem.
899 1276 929 1312 E
940 1277 1095 1324 Virgine
1107 1286 1231 1314 autem
1245 1277 1482 1327 progrediens
1493 1288 1558 1326 per
1568 1275 1688 1312 finum
1703 1305 1712 1319 ‚
1724 1278 1787 1324 qui
1799 1275 1838 1313 ss-

242 1345 312 1370 nus
330 1334 448 1371 Librae
468 1344 582 1382 partes
601 1332 710 1369 habet
729 1333 863 1382 primas
875 1360 885 1376 ,
904 1333 940 1368 in
956 1331 1073 1369 Libra:
1085 1342 1186 1384 parte
1196 1332 1326 1371 octava
1338 1331 1483 1383 perficit
1494 1332 1762 1380 aequinofflutn
1775 1343 1840 1369 au-

242 1389 494 1438 tumnale.qui
507 1387 629 1426 cursus
642 1397 765 1437 aequat
775 1399 855 1424 eam
867 1388 1251 1438 circinationem,quae
1262 1387 1383 1426 fuerat
1393 1389 1430 1424 in
1440 1387 1578 1425 Arietis
1590 1387 1707 1437 ligno.
1727 1388 1839 1425 Scor-

241 1446 397 1495 pionem
412 1455 537 1482 autcm
559 1456 650 1482 cum
660 1444 725 1480 Sol
735 1442 908 1492 ingressus
930 1443 1038 1481 fuerit
1059 1444 1317 1482 occidentibus
1329 1445 1504 1494 Vergiliis
1518 1470 1527 1487 ‚
1541 1445 1675 1481 minuit
1685 1455 1840 1494 progre-

242 1500 348 1538 diens
358 1500 403 1538 ad
414 1501 638 1538 Meridianas
649 1511 767 1550 partes
778 1499 1027 1548 longitudines
1038 1501 1192 1539 dierum.
1223 1501 1252 1536 E
1264 1501 1474 1551 Scorpione
1486 1513 1573 1537 cum
1586 1500 1839 1552 percurrendo

241 1557 311 1593 init
326 1557 364 1593 in
385 1557 626 1606 Sagittarium
644 1556 689 1592 ad
710 1555 849 1592 femina
867 1557 944 1601 ejus
954 1581 963 1596 ,
987 1557 1281 1595 commemorem
1304 1557 1476 1594 diurnum
1498 1558 1670 1607 pervolat
1682 1557 1837 1594 cursum.

242 1613 344 1650 Cum
357 1622 482 1650 autem
493 1614 621 1663 incipit
632 1611 652 1647 a
664 1611 865 1649 feminibus
877 1612 1078 1661 Sagittarii,
1098 1626 1179 1663 quae
1189 1624 1269 1664 pars
1279 1612 1328 1650 est
1338 1614 1508 1651 attributa
1523 1614 1778 1663 Capricorno,
1793 1611 1838 1650 ad

240 1678 384 1716 partem
396 1669 577 1708 octavam,
593 1665 845 1705 brevissimum
856 1669 946 1705 coeli
957 1671 1136 1719 percurrit
1147 1669 1312 1720 spatium.
1345 1670 1396 1706 Ex
1408 1681 1457 1707 eo
1470 1668 1490 1705 a
1503 1669 1683 1707 brevitate
1694 1669 1835 1707 diurna,

242 1722 392 1763 bruma,
418 1737 461 1763 ac
472 1725 548 1762 dies
559 1724 743 1763 brumales
761 1724 1005 1774 appellantur.
1034 1726 1064 1762 E
1077 1726 1315 1775 Capricorno
1326 1736 1451 1763 autem
1464 1725 1638 1763 transiens
1649 1727 1686 1761 in
1708 1724 1838 1772 Aqua-

242 1778 342 1815 rium
355 1808 364 1822 ,
375 1780 533 1830 adauget
545 1783 581 1819 ὅ(
594 1790 762 1829 exaequat
773 1781 956 1830 Sagittarii
965 1781 1200 1832 longitudine
1210 1782 1282 1818 diei
1291 1782 1456 1832 spatium.
1487 1781 1552 1818 Ab
1565 1781 1735 1829 Aquario
1747 1790 1836 1815 cum

241 1834 413 1882 ingressus
426 1835 523 1873 estin
534 1836 661 1875 Pisces,
677 1837 846 1873 Favonio
858 1836 981 1875 flante,
996 1837 1266 1888 Scorpionibus
1278 1847 1474 1887 comparat
1483 1837 1661 1884 aequalem
1672 1833 1834 1872 cursum.

241 1889 294 1926 Ita
304 1889 369 1926 Sol
380 1902 421 1927 ea
432 1889 530 1940 signa
541 1890 773 1941 pervagando
787 1920 796 1934 ‚
818 1893 925 1928 certis
936 1895 1168 1942 temporibus
1180 1903 1288 1942 auget
1301 1902 1363 1930 aut
1373 1893 1507 1928 minuit
1518 1891 1662 1928 dierum
1675 1892 1710 1927 δ(
1724 1890 1834 1927 hora-

240 1956 322 1981 rum
334 1945 454 1995 spatia.
485 1948 597 1983 Nunc
609 1946 655 1982 de
668 1946 808 1981 caeteris
820 1945 1010 1984 sideribus,
1034 1950 1089 1992 [c]
1105 1960 1187 1996 quae
1200 1946 1280 1984 sunt
1291 1948 1415 1983 dextra
1427 1958 1470 1983 ac
1488 1946 1622 1986 sinistra
1640 1958 1778 1983 zonam
1794 1944 1836 1981 si-

240 2011 415 2049 gnorum,
428 2002 649 2047 Meridiana,
660 2000 1022 2051 Septentrionalique
1032 2011 1133 2052 parte
1146 2001 1402 2047 mundi‚stellis
1412 2001 1582 2053 disposita
1593 2000 1832 2052 figurataque,

231 2055 375 2093 dicam.

1714 2169 1833 2207 CAP.

240 2343 270 2378 a]
300 2341 446 2370 Philander.
469 2345 596 2381 Qatuor
606 2346 719 2385 insignes
729 2355 882 2386 temporum
894 2348 1054 2375 mutationes
1066 2347 1118 2375 hoc
1129 2347 1216 2383 capite
1223 2345 1407 2375 describuntur
1418 2366 1425 2376 ‚
1444 2347 1676 2385 oequffioffiorum,
1688 2346 1799 2379 solstitii,
1808 2350 1834 2375 Sc

280 2382 391 2410 brumae.
411 2385 458 2411 Eas
470 2383 525 2411 fieri
535 2385 561 2411 in
571 2387 672 2414 oetavis
685 2388 821 2426 lignorum
830 2388 947 2427 partibus
959 2387 1090 2416 adfirmat.
1103 2385 1309 2427 cuisuffragatur
1320 2388 1417 2415 Plinius
1430 2388 1476 2414 lib.
1488 2397 1572 2415 xvul.
1584 2397 1640 2425 cap.
1652 2397 1692 2421 25.
1703 2392 1726 2415 ἃ
1739 2387 1783 2414 hb.
1797 2397 1832 2415 ιι.

280 2433 338 2461 ⁶³?-
349 2435 374 2455 9·
383 2422 421 2451 his
434 2423 535 2452 verbis:
560 2426 603 2453 Sol
613 2435 701 2455 autem
711 2428 762 2466 ipse
773 2438 888 2467 quatuor
897 2427 1058 2457 differentias
1070 2429 1150 2457 habet
1163 2440 1168 2456 2
1182 2428 1221 2456 bis
1233 2437 1335 2466 aequata
1346 2430 1425 2456 noste
1436 2428 1487 2455 dici
1498 2449 1504 2460 ,
1516 2439 1576 2456 vere
1585 2432 1608 2456 3<
1617 2437 1759 2460 autumno,
1771 2432 1794 2455 δέ
1807 2429 1834 2456 in

281 2472 405 2492 centrum
417 2464 534 2492 incidens
545 2474 621 2494 terr-1·
634 2488 640 2499 ,
660 2469 760 2496 ostavis
770 2470 794 2497 in
805 2469 920 2508 partibus
932 2470 1021 2498 arietis
1032 2480 1060 2498 ac
1070 2470 1161 2498 librae:
1178 2469 1216 2497 bis
1225 2469 1382 2506 permutatis
1389 2468 1486 2506 spatiis,
1498 2470 1523 2496 in
1535 2470 1642 2497 austum
1653 2469 1704 2496 diei
1714 2489 1721 2500 ,
1740 2468 1834 2496 bruma

277 2505 306 2532 in
317 2505 410 2533 oetam
420 2514 493 2543 parte
505 2507 673 2543 Capricorni}
685 2509 771 2537 nostis
782 2520 854 2541 vero.
863 2510 973 2538 solstitio
984 2511 1101 2538 totidem
1112 2511 1137 2538 in
1146 2509 1265 2548 partibus
1276 2510 1383 2537 Cancri.
1404 2510 1460 2547 Qi
1470 2508 1544 2537 locus
1555 2510 1692 2538 admonet,
1706 2518 1733 2537 ut
1746 2510 1834 2537 dicam

277 2555 363 2572 errare
372 2555 427 2576 eos,
438 2546 483 2585 qui
493 2545 614 2574 brumam
624 2546 774 2586 hybernum
785 2550 923 2578 solstitium
933 2560 1046 2579 vocant:
1062 2561 1111 2589 qua
1122 2552 1148 2578 in
1158 2550 1287 2579 sententia
1296 2548 1364 2577 solus
1375 2560 1495 2578 veterum
1506 2548 1556 2578 fuit
1568 2550 1734 2582 Columella,
1747 2553 1771 2578 ἃ
1782 2559 1833 2588 po-

280 2586 331 2613 stea
341 2587 456 2615 Servius.
478 2588 586 2625 Optimi
596 2589 795 2618 cnimauCiores
807 2588 899 2626 rigam-k
909 2590 1044 2628 λφιιεμψέ
1055 2591 1185 2624 brumam,
1203 2588 1299 2626 σξη-οἱς
1306 2588 1409 2625 9ειμναξ,
1421 2590 1558 2619 solstitium
1569 2591 1709 2630 appellant.

238 2632 267 2673 b]
297 2638 380 2666 Idem.
404 2640 503 2667 Caetcri
512 2641 595 2668 Tauri
603 2650 686 2679 partes
696 2642 854 2679 posteriores
864 2651 918 2669 non
930 2642 1013 2670 videri
1025 2644 1185 2678 ajunt.Vnus
1198 2643 1296 2672 Plinius
1306 2644 1460 2672 Vitruvium
1470 2644 1505 2671 est
1513 2643 1615 2672 secutus
1624 2643 1670 2671 lib.
1683 2652 1717 2670 u.
1728 2650 1832 2680 cap-42·

276 2684 307 2706 In
317 2679 407 2710 careda,
419 2680 515 2719 inquit.
526 2684 608 2709 Tauri
619 2682 713 2719 ftptem
725 2702 733 2713 ‚
749 2693 812 2723 quas
822 2683 980 2721 appellavere
991 2684 1121 2720 Vergilias.

236 2731 262 2765 c]
289 2731 374 2759 Idem.
392 2733 431 2760 Eo
440 2732 545 2761 dicendi
563 2743 661 2774 genere
672 2734 728 2763 usus
741 2735 776 2763 est
794 2735 872 2764 lib.x.
886 2744 942 2772 cap.
954 2745 993 2762 xi.
1011 2735 1103 2764 dextra
1120 2743 1208 2764 autem
1219 2735 1252 2771 ὠ»
1263 2734 1367 2774 stmstrn
1378 2737 1504 2766 cochleam
1523 2738 1598 2775 tigna
1608 2735 1778 2764 collocantur.
1804 2738 1831 2763 Sc

279 2781 336 2810 cap.
349 2781 382 2807 ¹5·
405 2776 464 2811 Qae
475 2774 567 2802 dextra
576 2784 607 2803 ac
620 2774 723 2814 fim'stra
734 2777 849 2806 canalem
862 2776 990 2812 figuntur.

1742 2916 1830 2945 Totus
