2023 3162
460 114 1090 154 nsAncrrirr-:c-rvna
1146 110 1377 152 Lavi.
1661 127 1735 162 107

135 194 270 226 naturae
301 183 529 235 perlucidam
553 185 739 221 raritatem
760 183 955 220 remittunt
975 191 1166 220 enatantes
1189 181 1235 219 ab
1255 180 1324 219 suis
1342 180 1562 232 corporibus
1583 183 1744 223 fluentes

135 242 316 290 imagines
328 240 373 276 ad
383 239 566 278 summam
577 251 680 289 aquae
693 239 891 290 planiciem
901 267 912 283 ‚
934 249 1043 288 atque
1053 239 1104 275 ibi
1117 248 1326 275 commorae
1342 237 1486 275 efficere
1498 240 1672 277 videntur
1682 242 1736 277 in-

136 297 296 335 fractum
312 308 507 333 remorum
521 296 639 332 oculis
650 294 844 344 aspedium.
857 295 948 331 Hoc
961 304 1102 340 autem,
1117 293 1190 331 sive
1203 292 1490 331 simulacrorum
1502 294 1735 344 impulsn‚scu

136 353 326 390 radiorum
340 364 383 388 ex
395 353 514 389 oculis
525 348 764 402 effusionibus
780 350 848 397 (uti
860 349 1021 398 Physicis
1033 351 1170 400 placet)
1184 349 1515 399 videamu8‚utraq·,
1530 353 1674 387 rarione
1685 353 1735 388 vi-

136 410 244 446 detur
255 409 303 444 ita
315 406 396 452 effe,
406 408 458 445 uti
469 405 551 444 falsa
560 404 693 451 judicia
705 407 908 442 oculorum
917 405 1050 444 habeat
1060 405 1230 456 aschtus.
1250 405 1350 442 Cum
1362 417 1452 455 ergo
1464 418 1545 455 qua:
1553 406 1574 442 s
1568 416 1633 443 unt
1645 415 1731 444 Vera

136 463 220 501 falsa
230 463 419 501 videantur
430 492 440 507 ‚
460 464 498 500 ὃ(
508 462 687 499 nonnulla
697 462 801 498 aliter
812 472 927 510 quam
938 460 1017 498 sunt
1027 462 1147 498 oculis
1159 460 1365 511 probentur
1375 490 1386 505 ‚
1404 473 1482 498 non
1498 470 1593 514 puto
1613 474 1728 512 opor-

137 531 212 558 tere
224 519 292 556 ess'e
304 519 468 569 dubium,
483 519 587 566 quin,
599 517 642 554 ad
653 517 830 555 locorum
843 526 990 554 naturas
1000 525 1065 553 aut
1074 515 1303 554 nccessitates
1313 546 1322 561 ‚
1342 516 1584 555 detraffiones
1596 527 1658 555 aut
1668 517 1730 553 ad-

136 576 314 624 jectiones
330 573 408 611 fieri
417 572 598 611 debeant:
617 572 736 609 sedita
749 583 788 610 ut
807 572 900 609 nihil
910 573 948 610 in
967 572 1022 609 his
1032 572 1207 621 operibus
1219 572 1461 619 (desideretur.
1496 574 1587 611 Haec
1601 583 1731 611 autem

138 633 250 668 ctiam
262 631 494 679 ingeniorum
507 627 757 668 acuminibus,
772 639 848 664 non
859 626 983 664 solum
994 627 1171 664 dofftrinis
1181 626 1400 665 efficiuntur.
1422 630 1532 678 igitur
1543 628 1732 667 statuenda

138 687 188 724 est
197 688 361 737 primum
380 686 474 722 ratio
488 683 784 732 symmetriarum
797 713 806 728 ‚
831 682 932 732 aqua
950 683 1113 720 sumatur
1123 681 1197 719 sine
1215 684 1449 721 dubitatione
1462 686 1730 722 commutatio.
1766 678 1771 683 ’

137 741 286 779 Deinde
297 741 499 791 explicetur
511 742 634 789 operis
646 739 757 776 futuri
771 741 997 777 &locorum
1010 739 1130 775 imum
1142 737 1296 788 spatium
1310 763 1318 777 ‚
1346 740 1591 789 longitudinis
1603 741 1638 777 ἃ
1651 741 1732 777 lati-

138 798 294 835 tudinis:
316 797 419 842 cujus
433 807 520 833 cum
531 795 639 833 semel
651 794 758 832 fucrit
774 793 973 832 constitura
986 793 1220 843 magnitudo,
1236 793 1404 842 sequatur
1417 808 1500 833 eam
1512 797 1731 846 proportio-

137 854 194 890 nis
206 854 251 890 ad
261 851 436 889 decorem
446 852 706 900 apparatio‚uti
717 862 794 888 non
806 849 847 886 fit
861 849 1180 886 considerantibus
1190 848 1352 900 aspeetus
1367 851 1426 895 [c]
1441 852 1654 898 eurythmiae
1667 851 1734 888 du-

141 907 222 945 bius
236 922 243 945 :
257 907 301 955 de
311 919 397 956 qua,
410 906 543 956 quibus
555 907 758 944 rationibus
769 905 966 951 efficiatur,
980 905 1029 943 est
1039 904 1129 944 mihi
1140 905 1470 956 pronuntiandum.
1492 907 1734 957 Primumque

140 964 186 1001 de
199 965 294 1002 cavis
304 962 449 1008 aedtum,
461 964 514 1000 uti
525 961 603 1000 fieri
614 961 783 1003 debeant,
797 962 935 999 dicam.
1295 971 1297 974 ⁴

793 1057 828 1094 C
858 1067 887 1095 A
918 1070 948 1094 P.
1013 1059 1089 1095 III.

699 1136 781 1187 De
807 1123 950 1187 &dves
980 1135 1163 1189 adium.

140 1248 308 1330 CAva
328 1247 460 1287 aedium
480 1250 648 1299 quinque
666 1248 863 1297 generibus
874 1247 953 1285 sunt
963 1247 1138 1292 diffinita,
1158 1248 1385 1296 quorumita
1395 1246 1730 1296 figuraenominan-

224 1316 293 1349 tur,
305 1304 570 1344 Tuscanicum,
590 1304 849 1348 Corinthium,
863 1303 1112 1353 Tetrastylon‚
1127 1304 1416 1353 Displuviatuni,
1430 1302 1728 1341 Testudinatum.

139 1359 345 1398 Tuscanica
361 1359 443 1397 sunt
455 1390 465 1406 ,
492 1363 568 1406 [a]
591 1362 629 1397 in
650 1361 783 1408 quibus
803 1359 923 1397 trabes
944 1362 980 1405 in
999 1361 1080 1396 atrii
1098 1358 1292 1396 latitudine
1313 1359 1469 1405 traje&ae
1490 1358 1651 1398 habeant
1670 1361 1726 1396 in-
1741 1369 1792 1393 Ar.
1804 1367 1871 1394 coma

137 1415 339 1466 terpensiva
361 1415 397 1452 &
419 1417 440 1460 [
450 1414 496 1464 b]
519 1417 731 1464 colliquias,
751 1415 797 1451 ab
818 1417 957 1465 angulis
970 1417 1151 1466 parietum
1164 1415 1322 1464 angulos
1343 1416 1536 1464 tignorum
1553 1416 1728 1451 intercur·
1740 1409 1799 1435 ‘¹³³²‘

136 1481 275 1508 rentes:
289 1473 378 1508 irem
393 1471 559 1508 asseribus
569 1471 836 1508 stillicidiorum
849 1474 886 1508 in
900 1471 1067 1509 medium
1081 1472 1342 1521 compluvium
1354 1471 1527 1517 dejectus.
1541 1472 1580 1507 In
1593 1470 1728 1507 Corin-

138 1526 222 1564 thiis
234 1526 358 1564 iisdem
370 1526 573 1565 rationibus
584 1527 704 1565 trabes
726 1528 764 1563 ὃς
786 1529 998 1577 compluvia
1011 1527 1266 1571 collocantur,
1289 1525 1348 1564 scd
1359 1525 1378 1562 a
1388 1525 1586 1577 parietibus
1605 1524 1726 1562 trabes

136 1582 350 1620 recedentes
363 1583 399 1618 in
411 1583 631 1620 circuitione
644 1584 742 1619 circa
761 1584 955 1619 columnas
976 1592 1274 1632 componuntur.
1305 1581 1512 1630 Tetrassyla
1525 1580 1603 1617 sunt
1615 1610 1626 1625 ‚
1643 1593 1726 1629 qua:

136 1636 299 1683 subieritis
309 1637 372 1676 sub
381 1637 543 1675 trabibus
553 1639 782 1688 angularibus
794 1639 997 1683 columnis,
1009 1638 1044 1676 &
1057 1639 1256 1676 utilitatem
1268 1636 1431 1674 trabibus
1443 1665 1452 1681 ‚
1464 1638 1500 1673 ὃ(
1512 1636 1727 1673 firmitatem

135 1692 326 1741 praestanr,-
343 1696 447 1742 quod
459 1705 579 1741 neque
599 1694 678 1744 ipsae
690 1705 868 1742 magnum
889 1696 1076 1744 impetum
1087 1703 1274 1743 coguntur
1291 1692 1446 1736 habere,
1468 1703 1590 1740 neque
1611 1692 1657 1728 ab
1670 1692 1725 1728 in-
1738 1698 1862 1737 l-aquam‚

135 1747 346 1798 terpensivis
357 1760 568 1786 onerantur.
602 1753 658 1795 [c]
674 1748 898 1798 Displuviata
911 1759 1036 1786 autem
1046 1748 1138 1793 sunt,
1150 1750 1187 1784 in
1198 1747 1331 1797 quibus
1345 1745 1409 1792 [d]
1423 1747 1593 1796 deliquia:
1603 1758 1728 1785 arcam

133 1800 347 1840 sustinentes
367 1804 540 1841 stillicidia
561 1806 737 1848 rejiciunt.
773 1804 866 1841 Haec
888 1804 1146 1853 hybernaculis
1163 1804 1344 1841 maximas
1363 1802 1526 1853 praestant
1538 1803 1727 1847 utilitates,

134 1857 238 1907 quod
253 1861 469 1909 compluvia
482 1872 615 1897 corum
627 1859 754 1898 etech,
770 1871 850 1896 non
862 1859 1008 1898 obstant
1017 1858 1223 1896 luminibus
1236 1860 1495 1895 tricliniorum.
1526 1857 1597 1894 Sed
1612 1869 1654 1894 ea
1664 1856 1728 1894 ha-

133 1913 224 1950 bent
234 1915 273 1950 in
285 1913 550 1951 refeffionibus
563 1915 770 1952 molestiam
785 1926 975 1964 magnam,
992 1914 1096 1964 quod
1109 1916 1204 1951 circa
1213 1915 1366 1964 parietes
1376 1912 1553 1950 stillicidia
1564 1913 1728 1951 defluen-

135 1970 185 2005 tia
196 1971 391 2007 continent
401 1969 608 2020 fistule‚que
620 1983 700 2008 non
713 1971 880 2007 celeriter
891 1972 1074 2020 recipiunt
1084 1982 1129 2007 ex
1141 1970 1328 2007 canalibus
1341 1980 1475 2017 aquam
1486 1968 1727 2006 defluentem.

135 2024 265 2074 Itaque
275 2025 521 2064 redundantes
533 2026 737 2076 restagnant
751 2051 759 2065 ,
784 2027 820 2062 ὃς
833 2028 890 2072 [e]
903 2025 1113 2063 intestinum
1126 2037 1221 2076 opus
1233 2052 1242 2068 ‚
1265 2027 1302 2062 ὅ(
1315 2026 1470 2075 parietes
1480 2027 1517 2061 in
1529 2027 1579 2062 eis
1590 2026 1728 2074 generi-

1132 2082 1170 2119 Ο
1211 2096 1231 2120 2
1656 2079 1726 2116 bus

137 2153 163 2187 e]
191 2153 274 2181 Idem.
298 2153 482 2191 Eurhytmiam
493 2154 559 2181 dixit
571 2155 675 2182 Vitruv.
687 2155 756 2183 1ib.1.
770 2165 864 2193 cap.rr.
875 2152 926 2183 effe
937 2155 1069 2183 venustam
1080 2153 1202 2192 speciem,
1216 2152 1443 2189 commodumque
1455 2148 1729 2188 incomposstionibus

176 2193 360 2222 membrorum
371 2193 514 2232 aspestum.
533 2195 569 2227 En
578 2196 746 2224 concinnitas
756 2196 871 2224 nascitur
882 2206 914 2223 ex
924 2195 1084 2234 symmetriis
1094 2190 1250 2233 praesctiptis
1261 2214 1268 2225 ,
1285 2201 1330 2219 aut
1339 2193 1370 2219 iis
1383 2212 1390 2223 ,
1407 2201 1467 2229 quae
1479 2192 1493 2218 a*
1505 2190 1594 2218 solerti
1610 2195 1634 2219 &
1645 2198 1727 2218 acuto

177 2233 335 2262 Archireeto
346 2244 394 2272 pro
405 2234 540 2262 occasione
550 2244 714 2272 quaeruntur.

134 2275 166 2309 a]
196 2274 345 2302 Philander.
364 2274 542 2312 Interpenfiva
561 2276 722 2303 Hermolaus
733 2276 768 2303 ait
779 2273 830 2304 effe
851 2276 938 2315 tigilla
950 2271 1096 2303 autafferes
1112 2274 1145 2301 ab
1155 2274 1258 2314 angulis
1275 2272 1405 2310 parietum
1415 2270 1446 2298 ad
1464 2271 1726 2311 angulostignorum
1741 2279 1804 2314 Cast
1816 2285 1866 2305 1110

172 2315 329 2342 interclusos
339 2335 346 2346 ‚
369 2314 400 2341 ad
416 2313 512 2341 imbres
524 2315 550 2340 in
562 2315 700 2352 colliquias
711 2316 876 2343 derivandos.
900 2317 959 2355 Ego
970 2316 1090 2343 eoetiam
1101 2314 1209 2341 nomine
1221 2314 1274 2341 dici
1284 2312 1440 2340 crediderim
1451 2311 1524 2351 ligna
1533 2313 1662 2350 quaedam,
1673 2310 1726 2340 ful-

173 2365 218 2383 cra
226 2355 434 2383 stillicidiorum:
456 2363 499 2381 aut
511 2364 623 2392 quorum
635 2365 690 2393 pars
701 2357 822 2391 trajee'tas
831 2359 855 2384 δε
864 2355 980 2394 alioquin
992 2355 1073 2392 veluti
1084 2353 1192 2393 pentiles
1212 2353 1298 2381 trabes
1306 2351 1411 2380 sustinet
1422 2373 1429 2385 ‚
1448 2352 1530 2380 altera
1542 2353 1636 2391 parieti
1645 2352 1726 2381 infixa

173 2392 286 2423 affixave
297 2396 339 2423 est.
599 2423 603 2426 ,

134 2436 164 2471 b]
190 2436 273 2464 idem.
292 2435 441 2473 Colliquias
450 2434 572 2474 intelligo
584 2435 685 2463 canales
697 2457 703 2467 ‚
712 2438 756 2474 qui
767 2435 930 2464 defluentem
942 2434 955 2463 ὲ
969 2435 1100 2464 stillicidio
1111 2444 1203 2473 aquam
1214 2433 1356 2472 recipiunt.
1380 2432 1474 2461 Claud*
1484 2434 1620 2463 Salmasius
1631 2435 1656 2462 in
1675 2436 1726 2462 So-

175 2476 222 2504 lin.
237 2486 296 2516 pag.
307 2488 372 2511 727.
391 2476 507 2503 Collicias
515 2478 594 2503 etiam
604 2486 682 2503 vocat
694 2477 789 2504 Plinius
800 2498 806 2508 ,
829 2477 969 2514 ampliores
980 2476 1063 2504 sulcos
1074 2497 1080 2508 ,
1099 2478 1145 2514 qui
1158 2474 1396 2513 interponebantur
1415 2475 1447 2502 ad
1457 2474 1618 2503 educendam
1629 2484 1727 2513 aquam

175 2518 202 2544 in
212 2514 300 2545 fossas.
323 2523 354 2546 In
364 2517 409 2553 ufic
415 2518 451 2544 er‘l
460 2537 466 2546 ,
488 2517 575 2555 inquit
587 2537 594 2549 ,
613 2515 646 2550 (5*
657 2518 761 2545 cola-cias
770 2520 932 2555 interponere»
943 2515 1085 2554 filtalocm
1093 2516 1211 2554 postulat,
1221 2516 1340 2553 ampliore
1349 2514 1416 2550 sulco
1426 2535 1434 2545 ,
1451 2525 1501 2553 qua
1510 2518 1536 2543 in
1540 2515 1618 2552 foffas
1627 2524 1726 2554 aquam

176 2557 295 2585 educant.

135 2599 161 2633 c]
192 2598 277 2626 Idem.
298 2598 383 2625 Teita
393 2596 546 2636 displiiviara
557 2617 564 2627 ,
580 2606 608 2624 ut
621 2597 795 2635 interpretor,
808 2597 874 2626 fiunt
884 2597 1000 2626 trabi‘um
1011 2597 1106 2633 junffls
1116 2596 1246 2636 capitibus
1255 2618 1261 2629 ‚
1273 2604 1369 2624 mutuo
1386 2596 1486 2626 innixu,
1497 2594 1653 2634 paribusque
1662 2604 1728 2624 con-

174 2648 214 2667 tra
224 2638 247 2666 se
258 2637 419 2677 ponderibus
428 2659 434 2670 ‚
454 2639 513 2665 imis
526 2637 642 2675 partibus
654 2639 813 2666 divaricatis.
835 2640 882 2670 Ea,
893 2639 939 2666 nili
947 2637 1033 2670 fallor,
1046 2635 1118 2666 Sext.
1132 2638 1273 2676 Pompeius
1292 2638 1422 2675 pestinata
1430 2636 1542 2674 appellat
1552 2657 1558 2669 ,
1572 2637 1636 2664 ficut
1647 2638 1731 2664 testu-

176 2680 267 2707 dinam
275 2680 301 2707 in
311 2688 426 2717 quatuor
434 2687 520 2716 partes
531 2679 640 2706 devexa.
666 2683 682 2706 Ω
693 2680 749 2714 ujus
762 2678 920 2707 sententiam
931 2679 1036 2712 adjuvat
1048 2679 1122 2707 locus
1132 2679 1174 2706 ille
1183 2688 1240 2715 cap.
1254 2677 1372 2705 1.lib.11.
1397 2679 1435 2703 lt:
1444 2687 1476 2704 cx
1486 2685 1600 2715 quatuor
1610 2677 1728 2715 partibus

175 2720 207 2747 ad
217 2720 388 2748 altitudinem
397 2719 514 2747 educunt
525 2719 614 2747 medio
626 2729 709 2747 metas
723 2741 728 2752 ‚
749 2730 811 2758 quas
823 2718 916 2748 fronde
926 2723 950 2747 8.·
960 2720 1018 2748 luto
1028 2728 1150 2760 tegentes
1160 2739 1167 2752 ‚
1186 2716 1309 2747 efficiunt
1328 2716 1466 2745 barbarico
1484 2727 1559 2745 more
1570 2718 1728 2746 testudinata

174 2761 288 2788 turrium
301 2761 382 2788 reeta.

138 2797 168 2834 l]
188 2801 271 2829 idem.
291 2801 476 2840 Deliquiarum
487 2799 620 2828 vocabulo
631 2800 736 2828 videtur
745 2800 895 2829 intellioere
904 2821 911 2833 ,
923 2811 986 2839 quas
997 2803 1069 2828 Sext.
1080 2800 1221 2837 Pompeius
1233 2798 1298 2827 dicit
1309 2797 1419 2829 delitias,
1432 2798 1506 2838 tigna
1517 2809 1574 2837 qua:
1584 2797 1599 2826 ,Ξ
1610 2799 1726 2826 culmine

833 2825 850 2841 t>

170 2842 232 2870 testi
251 2841 281 2869 ad
292 2843 395 2882 tegulas
414 2841 550 2880 angulares
563 2841 668 2869 ultimas
690 2839 917 2884 versusfastzgium
937 2842 1112 2869 collocantur.
1131 2840 1207 2867 Vnde
1218 2840 1322 2868 testum
1338 2839 1488 2868 deliri-itum
1501 2843 1525 2867 &
1543 2840 1673 2867 delitiares
1686 2848 1728 2866 te-

171 2881 248 2918 gulae.
269 2884 339 2910 Nam
350 2883 463 2910 collirias
473 2882 576 2922 tegulas
588 2881 658 2908 idem
677 2892 755 2910 autor
765 2882 799 2910 ait
811 2880 862 2910 esse
871 2892 917 2920 per
926 2892 987 2921 quas
998 2892 1066 2921 aqua
1076 2883 1103 2909 in
1115 2891 1156 2909 vas
1176 2880 1288 2908 defluere
1297 2880 1394 2918 potest.
1415 2882 1479 2908 Non
1487 2880 1580 2908 desunt
1592 2879 1728 2918 exempl-i-

173 2922 210 2947 ria
219 2922 244 2948 in
254 2922 347 2960 quibus
357 2933 406 2960 pro
415 2933 514 2954 arcam,
527 2931 623 2961 aquam
636 2922 748 2961 legatur.

142 2960 167 2994 ε]
188 2961 268 2988 Idem.
292 2961 463 2992 Profenestris
475 2964 525 2990 hoc
537 2963 600 2991 loco
611 2963 828 3004 intelligendum·
851 2962 922 2992 Alias
931 2971 1012 2992 omne
1022 2972 1087 3003 opus
1100 2961 1208 2991 materia
1228 2960 1349 2990 constans
1360 2959 1523 3001 significatur
1534 2961 1648 2990 intestini
1663 2970 1727 2999 ope—

175 2999 208 3030 558
218 3002 400 3042 ³ppellatione.
421 3005 488 3035 Vide
501 3005 628 3032 Lexicon.

1628 3042 1657 3076 a]
1667 3039 1727 3069 Phi-
