2023 3162
240 47 316 73 202
393 31 730 70 M.V1TRuv11
762 29 1062 66 Potmoms
1093 39 1152 65 DE
1181 26 1505 68 ARCHITECT.
1535 29 1640 69 Lis.
1670 30 1750 68 IX.

240 99 455 137 vehementi
473 98 576 137 cursu
588 100 735 148 cogitur
747 96 885 133 tardius
894 97 1064 133 emittere
1075 95 1274 133 salientem.
1307 96 1357 133 Ita
1376 109 1454 145 quo
1467 99 1591 136 minus
1606 100 1716 136 celeri
1727 96 1831 135 cursu

243 166 306 192 vas
326 157 465 205 excipit
478 167 615 203 aquam
628 183 637 198 ,
663 153 789 190 dilatat
803 152 977 188 horarum
997 150 1117 202 spatia.
1150 152 1413 201 Aquariivero
1425 151 1658 203 Pisciumque
1678 155 1835 205 punitis,

244 212 298 248 uti
312 210 484 260 gradibus
497 208 671 248 scandens
686 237 695 251 ,
716 207 877 244 orbiculi
895 207 1067 244 foramen
1086 208 1124 243 in
1135 206 1261 244 Ariete
1279 207 1470 257 tangendo
1488 210 1660 247 octavam
1681 221 1836 259 partem,

244 278 353 316 aquae
373 277 578 316 temperate
600 264 738 300 salienti
756 263 897 313 praestat
916 262 1188 311 aequinoC’tiales
1211 263 1331 300 horas.
1367 264 1431 299 Ab
1444 263 1572 301 Ariete
1591 277 1654 315 per
1666 268 1779 303 Tauri
1799 268 1838 302 ὃς

245 323 500 359 Geminorum
521 320 629 371 spatia
646 318 844 356 adsumma
864 318 1145 369 CancripunCta
1160 347 1169 362 ‚
1190 320 1299 369 partis
1311 319 1449 357 ofitavae
1468 318 1639 357 foramen
1658 321 1718 359 seu
1739 332 1839 370 tym-

242 389 384 430 panum
396 376 661 414 versationibus
673 386 872 424 peragens,
894 376 933 412 &
951 375 987 410 in
1010 373 1246 412 altitudinem
1269 386 1316 411 co
1329 376 1492 418 rediens,
1514 376 1650 413 viribus
1669 387 1840 414 extenua-

244 443 326 478 tur,
349 435 386 469 ὃ(
409 433 458 468 ita
480 432 616 468 tardius
639 430 792 467 fluendo
813 430 942 467 dilatat
959 428 1147 468 morando
1166 430 1296 479 spatia,
1321 430 1358 467 ὃ(
1380 429 1494 468 efficit
1514 430 1623 468 horas
1642 433 1680 469 in
1702 434 1841 470 Cancri

248 488 351 538 [igno
363 487 577 525 solstitiales.
609 486 648 523 A
668 487 818 524 Cancro
840 498 928 523 cum
949 487 1157 536 proclinat,
1178 488 1215 523 &
1231 487 1370 536 peragit
1387 499 1452 537 per
1462 487 1636 524 Leonem
1657 489 1695 524 ὅ(
1718 489 1839 537 Virgi-

247 555 336 582 nem
351 568 359 581 ‚
381 542 426 578 ad
439 542 557 581 Librae
575 543 686 593 partis
706 543 846 580 oCtavae
857 542 991 593 puncta
1011 542 1233 579 revertendo
1247 571 1256 585 ,
1269 542 1305 578 δε
1318 544 1497 591 gradatim
1510 542 1749 594 corripiendo
1764 544 1841 593 spa-

249 601 320 642 tia,
341 599 530 636 contrahit
547 598 678 638 horas,
700 597 796 635 &ita
807 599 1023 648 perveniens
1045 597 1090 634 ad
1111 598 1244 647 puncta
1268 597 1405 637 Librae,
1431 599 1707 647 aequinostiales
1725 598 1840 636 rursus

248 653 371 693 reddit
382 653 502 692 horas.
533 655 600 692 Per
611 654 831 704 Scorpionis
842 665 934 692 vero
952 653 1060 704 spatia
1071 653 1106 689 &
1121 654 1303 702 Sagittarii
1321 655 1521 704 proclivius
1540 655 1752 705 deprimens
1770 653 1846 692 sese*

247 709 420 747 foramen
434 735 440 749 ,
462 709 678 760 rediensque
691 711 981 747 circumactione
993 710 1037 747 ad
1048 710 1269 758 Capricorni
1280 719 1420 760 partem
1433 711 1603 748 oiiavam
1617 739 1626 754 ‚
1639 710 1842 748 restituitur

253 766 440 802 celeritate
456 767 613 804 salientis
632 766 678 803 ad
690 766 872 815 brumales
889 765 1064 803 horarum
1078 764 1285 802 brevitates.
1308 768 1399 818 Qae
1411 765 1489 803 sunt
1501 769 1537 803 in
1549 766 1842 816 horologiorum

250 820 562 870 descriptionibus
583 823 742 859 rationes
756 823 792 858 &
804 831 993 871 apparatus
1005 850 1013 865 ‚
1030 830 1069 857 ut
1082 819 1149 858 ssnt
1161 821 1205 858 ad
1217 820 1319 858 usum
1330 823 1578 871 expeditiores
1591 848 1598 861 ‚
1611 834 1723 872 quam
1736 821 1842 873 aptis-

331 874 423 914 sime
448 879 555 928 potui
573 876 767 928 perscripsi.
798 876 928 914 Restat
946 889 1047 914 nunc
1059 877 1104 912 de
1119 877 1460 915 machinationibus
1474 907 1483 922 ‚
1507 881 1544 916 δε
1564 878 1609 915 de
1630 890 1758 916 earum

408 935 597 986 principiis
615 934 835 970 ratiocinari.
869 933 999 981 ltaque
1012 932 1056 968 de
1074 931 1128 969 his
1148 942 1187 969 ut
1206 944 1342 982 corpus
1361 934 1603 972 emendatum
1616 934 1683 973 Ar-

591 988 798 1026 cliiteffi’turae
818 986 1049 1039 perficiatur,
1069 988 1107 1024 in
1126 989 1293 1036 sequenti
1314 991 1507 1028 volumine

853 1044 1030 1094 incipiam
1054 1042 1232 1082 scribere.

1695 2529 1750 2567 M.
1781 2528 1855 2567 Vi-
