2023 3162
292 102 336 134 ,ο
675 87 1500 126 DESIGNIFICATIONE

338 154 367 191 E
384 166 425 192 xx
440 165 574 192 SONA.
604 154 687 191 Lib.
704 166 761 191 lv.
782 165 908 204 cap.7.
938 157 985 189 Et
1004 153 1058 189 uti
1085 151 1222 205 reliqua
1240 150 1396 204 misena,
1419 166 1490 206 qnae
1504 152 1620 206 so'lent
1644 154 1706 209 ‘sfi‘
1725 158 1764 195 in
1770 156 1872 209 fimi

282 207 372 246 tibus
385 239 394 254 ,
412 207 455 246 ad
471 208 580 246 latera
586 207 677 260 ficnt
695 209 870 260 transsata.
902 207 1039 245 Baldus
1054 221 1062 244 ε
1084 210 1227 246 Mirum
1240 208 1284 246 de
1294 221 1393 247 voce
1405 209 1472 247 hac
1489 211 1636 249 nullum
1654 214 1809 253 verbum
1820 216 1870 253 fc„

282 264 365 304 ciss'e
377 264 614 304 Philandrum
628 294 638 309 ‚
660 266 779 301 necin
791 264 930 301 Latinis
948 265 1229 302 commentariis
1242 264 1453 303 Barbarum.
1488 266 1605 313 Cujus
1616 278 1741 308 tamen
1753 271 1870 310 sensus

282 324 350 372 qui
359 322 528 366 fuerit‚ex
542 322 667 358 Italica
677 318 844 358 versione
853 329 963 370 patet.
973 321 1022 357 ait
1035 321 1147 357 enim:
1159 318 1274 357 ‘ecome
1284 320 1315 357 le
1323 319 1412 356 altre
1416 322 1515 372 parti
1524 321 1647 373 egualt)
1656 324 1871 380 quesbgljono

282 373 366 429 rffi⁷r
375 377 459 414 nelle
465 372 663 428 frontispno
674 372 697 411 ἰι
707 376 721 411 ι’
731 373 794 411 lati
804 375 1014 427 trasportate.
1025 374 1169 413 Putavit
1177 388 1267 427 ergo
1279 377 1514 415 vocabulum
1526 376 1592 414 effe
1604 377 1624 414 51
1637 379 1771 419 Graeco
1783 381 1866 433 ἴξος,

284 435 442 483 aequalis.
467 431 666 469 Turnebus
685 440 817 468 contra
828 442 969 480 magno
988 430 1192 470 verborum
1212 442 1390 484 apparatu
1400 432 1643 470 adulterinam
1663 433 1700 471 ὃς
1712 435 1870 487 spuriam

282 500 421 526 vocem
434 490 471 525 δ(
482 486 570 524 ideo
582 486 857 537 explodendam
867 486 1043 532 ostendit,
1055 487 1169 537 ejusq3
1182 487 1277 526 loco
1287 487 1564 528 restituendum,
1578 501 1622 524 ex
1632 485 1685 525 his
1694 493 1814 535 omnia,
1830 505 1870 533 ut

281 543 324 581 sit
335 544 444 581 lectio
455 542 667 588 emendata,
679 535 724 581 ὠ
734 543 789 579 uti
796 541 931 595 reliqua
941 555 985 579 ex
996 540 1061 588 his,
1073 544 1186 580 omnia
1195 557 1265 595 φα
1273 541 1389 596 solent
1399 541 1461 594 effi
1470 544 1507 580 in
1516 541 1702 594 fiontibm,
1711 545 1759 581 ad
1766 545 1871 586 latera

271 598 362 648 fimi
372 597 548 649 translata.
578 598 714 639 Acme,
730 598 767 636 δι
779 597 928 636 fortasse
940 611 1028 636 vere
1040 613 1048 635 :
1068 599 1212 637 fortasse
1223 601 1313 640 dieo
1325 630 1335 645 ‚
1347 599 1436 649 quid
1447 602 1547 637 enim
1558 600 1734 651 prohibet
1745 602 1871 643 Vitru-

281 656 397 693 vium,
411 665 451 692 ut
463 654 513 693 est
524 651 713 707 φιλέλὶκῖω,
725 653 893 705 scripsisse
904 652 1013 705 ἐξίζε,
1028 657 1066 693 ὅ(
1078 656 1218 693 Latinis
1229 656 1503 694 characteribus
1514 657 1610 694 exifu
1622 659 1679 694 vel
1689 657 1871 704 exison‚&

279 711 366 748 inde
377 712 557 762 paulatim
570 713 606 749 in
621 711 770 749 exisona
780 711 1013 750 vocabulum
1023 712 1277 761 degenerasse?
1305 722 1404 751 certe
1422 713 1603 761 quiequid
1613 712 1656 750 sit
1667 742 1679 758 ,
1700 714 1871 753 Turnebi

280 767 552 806 animadversio
564 769 658 805 mihi
670 767 776 805 valde
785 767 974 817 probatur.

336 823 365 859 E
378 837 400 860 x
411 835 430 860 1‘
442 836 462 861 E
472 835 495 862 R
509 838 534 860 T
552 838 562 863 1
576 836 612 861 ο.
625 823 736 861 Lib.v
745 835 757 859 1
771 835 785 859 1
801 835 831 859 1.
844 833 923 873 cap.
933 834 946 865 5
958 852 965 859 .
978 824 1206 876 Expertiones
1214 831 1330 859 autem
1340 814 1605 874 &probationes
1616 823 1876 877 eorumstcficnt

275 877 511 931 providende.
540 879 696 917 Baldus:
728 879 972 929 Expertiones
991 891 1060 931 pro
1070 880 1329 931 experimentis
1350 878 1440 917 dixit
1449 880 1641 919 vocabulo
1661 892 1792 932 parum
1801 882 1875 919 La-

281 936 366 972 tinis
377 934 615 986 scriptoribus
630 934 777 973 usitato.

339 991 368 1027 E
386 1004 406 1027 x
423 1004 441 1028 P
455 1005 476 1028 R
489 1003 510 1028 E
524 1003 537 1026 s
551 1003 564 1026 s
580 1002 627 1028 10
638 1002 665 1029 N
679 1005 697 1027 E
712 1003 740 1025 s.
773 989 859 1026 Lib.
875 1000 929 1025 1v.
944 1002 1021 1040 cap.
1033 1003 1071 1036 4.
1102 996 1190 1028 Item
1200 990 1328 1027 circum
1346 1000 1544 1043 coagmenta
1563 983 1607 1030 ὠ
1627 988 1766 1038 cubilia,
1789 993 1874 1030 emi-

278 1054 401 1082 nentes
409 1045 643 1098 expressiones,
650 1041 928 1098 graphicoteram
938 1044 1094 1097 efficiunt
1104 1047 1142 1081 in
1153 1045 1282 1097 [spectu
1293 1043 1561 1084 deleffiationem.
1594 1050 1754 1098 Optime
1765 1051 1803 1087 ὅ(
1814 1061 1876 1099 ap-

279 1101 399 1151 posite
409 1101 622 1139 Philander:
643 1105 683 1137 in
700 1101 914 1153 asperitatem
932 1097 1044 1152 excisi}
1057 1105 1309 1154 prominentes,
1332 1094 1377 1140 ὠ
1393 1099 1483 1155 quod
1502 1101 1608 1157 vulgo
1627 1102 1771 1141 dicimus
1788 1104 1874 1142 rele-

278 1166 382 1202 vatae,
392 1155 591 1209 quodgentis
599 1154 767 1209 vistcntur
776 1156 814 1193 in
820 1153 1055 1208 strperbiss'imi
1062 1161 1176 1209 pontis
1186 1156 1354 1210 reliquiis,
1368 1159 1430 1209 qui
1437 1155 1484 1194 ad
1497 1159 1680 1207 :Karniam
1691 1161 1875 1198 extrubi'us

279 1221 372 1249 erat.
404 1212 522 1250 Addit
542 1213 721 1252 Barbarus
731 1237 739 1253 ‚
760 1213 781 1251 ὲ
802 1211 933 1250 nostris
953 1218 1088 1267 Bugnaes
1108 1215 1236 1252 vocari
1249 1240 1256 1255 ,
1276 1224 1317 1252 ut
1338 1216 1375 1251 ὅ(
1392 1212 1524 1265 passim
1543 1216 1659 1265 vulgo
1678 1227 1874 1256 vocantur.

280 1267 427 1306 Baldus.

278 1436 379 1520 ΡΑ
393 1450 409 1476 s
423 1451 448 1478 c
465 1454 476 1478 1
490 1449 538 1479 ἵε.
570 1441 656 1479 Lib.
676 1454 688 1478 1
703 1452 717 1478 1
731 1454 763 1478 1.
777 1454 809 1480 c.
829 1457 863 1488 3.
894 1442 1037 1496 Reliqua
1041 1452 1124 1495 pars
1144 1439 1330 1493 (epistylii)
1348 1450 1475 1494 praeter
1487 1441 1672 1494 cymatium
1683 1437 1876 1478 dividenda

340 1496 390 1531 eft
399 1495 436 1532 in
442 1505 562 1547 partes
572 1495 759 1536 duodecim,
774 1496 817 1542 ό·
828 1511 946 1535 earum
955 1500 1065 1536 trium
1078 1499 1196 1551 prima
1206 1523 1214 1537 ‚
1227 1494 1338 1549 fascia
1348 1496 1394 1545 cst
1402 1495 1569 1550 finienda
1580 1526 1590 1541 ‚
1613 1494 1685 1540 &a
1715 1496 1849 1535 Baldus
1863 1512 1873 1535 :

279 1548 407 1588 Fasciae
419 1553 559 1590 Ionicis
572 1582 582 1597 ‚
602 1552 808 1591 Corinthiis
820 1581 828 1595 ,
851 1557 889 1593 ὅ(
902 1554 1104 1606 compositi
1113 1554 1253 1592 ordinis
1263 1553 1432 1604 epistyliis
1446 1583 1456 1599 ‚
1474 1554 1684 1592 eminentiae
1694 1552 1874 1599 suntillae,

280 1618 360 1654 quae
372 1607 478 1646 instar
488 1610 681 1647 taeniarum
700 1610 879 1658 gradatim
889 1610 1068 1662 dispositae
1081 1637 1089 1651 ‚
1109 1610 1362 1662 epistyliorum
1372 1610 1513 1649 frontes
1525 1618 1670 1648 ornant.
1695 1608 1878 1646 Tuscani-

279 1673 370 1699 eum
381 1663 418 1700 ἅτ
431 1665 620 1703 Doricum
629 1667 822 1705 Vitruvius
836 1667 910 1705 sine
921 1667 1036 1706 fasciis
1049 1666 1401 1706 exhibet.Palladius
1411 1669 1449 1705 &
1462 1666 1876 1710 Bartocius,veteres‚ut

277 1718 513 1767 profitentur,
525 1722 670 1766 imitati,
683 1721 825 1761 duabus
834 1734 981 1762 ornant.
994 1724 1180 1762 Referunt
1191 1733 1315 1761 autem
1324 1722 1486 1773 speciem
1498 1722 1748 1774 adpastarum,
1760 1732 1871 1758 orna-

225 1787 228 1790 *
277 1777 397 1811 menti
416 1776 453 1813 δε
473 1778 640 1815 utilitatis
652 1780 779 1827 gratia,
793 1780 1020 1830 regularum.
1053 1779 1157 1818 Alias
1169 1778 1294 1817 fascias
1303 1778 1488 1817 habemus
1501 1777 1599 1829 apud
1610 1776 1768 1815 eundem
1782 1804 1793 1819 ‚
1813 1773 1874 1811 sed

277 1829 352 1867 alio
364 1834 536 1870 nomine.
559 1835 608 1872 ita
619 1835 719 1871 enim
728 1836 790 1872 lib.
800 1848 814 1872 1
823 1849 856 1875 v.
869 1842 939 1873 c.6.
951 1836 1014 1875 ubi
1036 1836 1081 1874 de
1092 1845 1284 1887 portarum
1296 1835 1526 1873 ornamentis
1539 1849 1547 1870 :
1571 1832 1760 1884 Cymatium
1769 1826 1874 1879 hujus

281 1882 592 1936 (antepagmenti)
604 1889 834 1939 crasszmdinis
834 1888 953 1942 sexta.
967 1890 1098 1944 reliqua
1101 1902 1186 1945 pars
1190 1900 1315 1944 praeter
1324 1891 1509 1943 cymatium
1518 1885 1702 1924 dividatur
1709 1886 1748 1921 in
1753 1894 1873 1937 partes

280 1951 305 1976 x
313 1951 327 1975 1
340 1952 354 1976 1
364 1970 371 1976 .
385 1938 513 1978 harum
523 1944 632 1979 trium
635 1945 752 1995 prima
763 1945 935 1996 Corfifiat
945 1960 1023 1984 cum
1034 1946 1215 1998 Astragalo
1228 1972 1235 1986 ,
1247 1943 1404 1996 secunda
1411 1953 1557 1996 quatuor
1567 1970 1577 1986 ²
1594 1942 1696 1978 'estid
1707 1941 1859 1993 quinque
1862 1961 1872 1989 3

281 2007 388 2047 eaeque
399 1993 492 2045 σαψ
510 2010 588 2033 cum
600 1997 787 2051 Astragalu
797 2001 1082 2037 circumcurrant.
1095 2001 1275 2037 Barbarus
1286 2014 1297 2035 .·
1320 2005 1350 2034 C
1349 1996 1420 2050 orstc
1429 2000 1479 2035 esi
1487 1996 1745 2049 antepagmenti
1743 1993 1872 2047 fhfiia,

280 2049 355 2088 &a
387 2051 526 2091 Eadem
538 2052 719 2091 docuerat
729 2054 937 2092 Philander.
957 2055 1037 2092 Cur
1048 2054 1097 2092 sie
1106 2056 1295 2105 appellatae
1306 2053 1452 2099 fuerint,
1462 2065 1597 2090 eorum
1608 2064 1726 2089 nemo
1746 2054 1876 2102 aperit.

283 2106 371 2144 Nos
382 2119 600 2156 quaeremus.
621 2106 749 2159 Ko‘pClw
762 2111 819 2148 vel
830 2111 974 2148 Dorice
986 2108 1103 2155 Κόρσην
1113 2111 1233 2147 Graeci
1243 2120 1388 2161 tempus
1400 2137 1408 2150 ‚
1430 2110 1559 2159 capitis
1570 2118 1714 2158 partem
1724 2107 1872 2147 dicum,

281 2175 399 2212 quam
411 2162 447 2200 &
456 2164 532 2202 alio
544 2168 701 2202 nomine
711 2165 888 2217 κρόταφον.
911 2166 1071 2204 Videtur
1081 2168 1207 2214 itaque
1218 2166 1351 2203 Corsas
1363 2163 1553 2218 appellasse
1566 2193 1575 2209 ,
1595 2162 1699 2212 quod
1711 2162 1792 2200 ostii
1804 2163 1873 2201 fint

281 2219 383 2268 quasi
396 2221 671 2272 tempora.Nee
683 2233 784 2260 nova
794 2220 980 2259 transsatio
990 2221 1009 2257 ὲ
1017 2223 1137 2273 capite
1149 2221 1319 2260 humano
1331 2221 1376 2259 ad
1385 2232 1440 2259 res
1451 2211 1722 2271 aliasJ<poGi<p85
1732 2220 1769 2255 in
1779 2228 1875 2269 tym«

281 2276 387 2326 panis
398 2275 434 2312 δε
445 2278 536 2314 rotis
548 2277 755 2326 agnoscunt
775 2287 917 2316 veteres
928 2277 1247 2315 Mechanicorum
1260 2277 1466 2328 scriptores.
1495 2276 1622 2313 Suidas
1640 2287 1796 2325 quoque
1808 2276 1874 2319 ait,

281 2329 447 2382 κρόταφον
459 2332 527 2370 effe
538 2329 701 2376 ξβιζλῖε
714 2331 747 2370 ⁷3
764 2330 890 2371 ἔκταθεν
901 2330 1030 2385 μέρῶ,
1043 2345 1155 2383 quam
1164 2333 1278 2370 nostri
1287 2331 1422 2384 dorfitm
1433 2333 1635 2383 appellant.
1646 2332 1733 2368 Scio
1744 2340 1872 2368 autem

283 2389 322 2425 ὅ(
334 2384 442 2437 Kopov‘v
453 2387 521 2424 effe
532 2398 707 2427 truncum
717 2391 776 2428 seu
785 2390 956 2442 stipitem.
969 2402 1052 2439 qnae
1064 2401 1169 2427 mens
1179 2390 1412 2439 aliquatenus
1424 2389 1469 2426 ad
1479 2401 1558 2426 rem
1570 2387 1722 2426 faceret:
1737 2386 1787 2424 ast
1797 2397 1871 2435 ego

283 2442 303 2479 ὲ
313 2444 432 2494 prima
444 2442 619 2481 sententia
628 2458 708 2483 non
719 2447 932 2485 dimoveor.
943 2456 1042 2483 cette
1054 2456 1095 2483 ut
1107 2445 1272 2483 frontem
1285 2445 1512 2489 dicimus‚ita
1525 2454 1685 2494 tempus,
1695 2443 1788 2481 Haec
1797 2443 1869 2479 ille.

339 2501 365 2536 F
378 2513 400 2537 A
414 2513 428 2536 s
443 2511 581 2539 -r101v
593 2513 633 2537 M.
668 2502 775 2539 Lib.1
790 2516 803 2540 1
818 2516 847 2539 1.
870 2503 1019 2553 capult.
1042 2507 1216 2553 Tympana
1229 2531 1238 2545 ‚
1249 2498 1394 2553 fzstigiae
1405 2501 1598 2545 ‚acroterim
1629 2499 1784 2536 Baldus:
1804 2498 1870 2534 Fa-

283 2554 432 2605 stigium
443 2555 584 2593 Latinis
610 2557 785 2606 cujusque
798 2559 849 2594 rei
868 2558 1009 2596 summa
1028 2569 1108 2608 pars
1121 2587 1131 2602 ‚
1149 2556 1393 2594 :edificiorum
1412 2558 1589 2593 maxime.
1613 2555 1744 2604 Virgil.
1764 2550 1870 2602 Fasti-

278 2611 338 2662 gia
346 2609 491 2665 fiifiipit
507 2608 612 2648 urbis.
645 2612 789 2650 Livius:
818 2625 862 2648 ex
877 2626 916 2649 ea
930 2614 1076 2664 pecnnia
1096 2612 1204 2665 clypea
1222 2614 1385 2649 inaurata
1404 2609 1595 2663 infhstigio
1611 2614 1705 2647 Iovis
1721 2606 1797 2645 aedis
1808 2617 1869 2659 po-

271 2665 435 2716 ficerunt.
467 2667 625 2705 Videtur
642 2669 766 2718 itaque
778 2668 890 2706 Latio
900 2669 999 2706 idem
1011 2668 1079 2707 effe
1097 2662 1280 2718 fdstigium
1292 2694 1300 2708 ,
1324 2667 1429 2717 quod
1442 2667 1593 2704 Graeciae
1609 2663 1718 2715 oi‘npor.
1751 2661 1869 2717 Qod

284 2725 451 2769 quamvis
464 2725 512 2761 ita
521 2723 562 2761 sit
574 2723 779 2762 architeffis
790 2725 975 2774 peculiare
986 2727 1023 2762 ὃ(
1041 2726 1237 2775 proprium
1247 2723 1475 2761 vocabulum
1486 2748 1494 2761 ,
1518 2734 1599 2772 quo
1609 2733 1690 2759 eam
1707 2719 1866 2768 templo-

282 2788 369 2813 rum
383 2778 568 2827 potisfime
578 2790 724 2829 partem
735 2790 965 2829 notant‚quae
976 2781 1014 2816 in
1024 2782 1146 2818 aciem
1159 2780 1536 2829 desinens‚tympano‚
1554 2786 1696 2814 corona
1709 2776 1746 2811 ὅ(
1759 2785 1868 2810 acro-

284 2834 382 2868 teriis
393 2835 558 2879 constat,
576 2836 663 2874 hinc
680 2835 878 2876 transsatio,
890 2834 1075 2889 fhstiginni
1095 2838 1186 2888 operi
1203 2838 1387 2888 imponere.
1416 2834 1506 2870 Alio
1523 2830 1622 2868 sensu
1642 2830 1786 2879 accepit
1798 2829 1868 2867 Vi-

282 2897 375 2925 truv.
386 2887 437 2924 lib
444 2899 474 2924 ,ν
483 2901 495 2923 1
510 2901 522 2923 1
532 2902 621 2939 .cap.
631 2905 643 2927 1
655 2920 663 2927 .
679 2893 741 2929 ubi
752 2895 801 2930 ait
811 2907 818 2930 ;
841 2898 932 2928 Sane
941 2901 1053 2928 antem
1064 2890 1182 2928 nucleo
1191 2890 1332 2927 indnHo
1335 2889 1578 2941 pavimentum
1589 2881 1733 2936 eteffera
1737 2881 1868 2936 grandi

282 2943 418 2979 circiter
437 2940 555 2978 binum
566 2943 714 2996 digitum
723 2945 974 2997 caefistruatnr
986 2976 996 2990 ,
1006 2945 1189 2998 fastigium
1203 2943 1327 2992 habens
1339 2946 1377 2980 in
1378 2940 1480 2994 pedes
1489 2939 1589 2977 denos
1600 2970 1611 2986 ,
1626 2939 1746 2992 digitos
1757 2937 1864 2976 binos.

288 2999 436 3054 Qbus
448 2999 509 3037 dat
518 3001 719 3050 intelligere
731 3030 741 3048 ,
755 3003 1012 3053 pavimentum
1025 3029 1035 3046 ‚
1056 3001 1100 3038 de
1111 3013 1191 3049 quo
1201 3001 1365 3050 loquitur
1376 3024 1384 3039 ‚
1405 3009 1484 3037 non
1494 2996 1561 3035 esse
1571 2997 1615 3036 ad
1624 2996 1788 3088 libellatcili
1801 3008 1865 3032 co-

1628 3063 1754 3101 aequan
1783 3064 1862 3090 um„
