2023 3162
273 87 348 122 132
665 73 720 113 M.
760 71 1086 112 V1r11uv11
1135 71 1488 111 POLLIONIs

272 144 379 181 cilius
391 151 656 193 extergeantur.
685 143 729 178 In
748 141 874 179 aestivis
886 141 922 176 ὃς
934 139 1076 176 exedris
1088 168 1099 183 ,
1118 139 1182 176 ubi
1192 141 1350 179 minime
1365 143 1430 187 [n]
1443 140 1566 179 fumus
1578 143 1627 181 est
1637 173 1647 189 ‚
1661 156 1731 183 nec
1742 146 1862 199 fuligo

270 199 392 249 potest
402 210 552 239 nocere,
567 200 618 236 ibi
639 198 769 234 ctclatae
780 196 861 233 sunt
870 194 1058 232 faciendae.
1091 195 1248 246 Semper
1265 198 1366 234 enim
1382 198 1439 242 [0]
1451 197 1576 234 album
1588 212 1695 249 opus,
1707 215 1862 254 propter

268 254 473 306 superbiam
485 256 656 292 candoris
670 282 680 298 ‚
700 263 780 289 non
793 250 912 288 modo
924 262 968 287 ex
978 252 1135 301 propriis
1147 281 1157 296 ‚
1169 251 1227 288 sed
1237 254 1351 290 etiam
1369 264 1413 289 ex
1423 254 1547 290 alienis
1561 255 1718 294 aedificiis
1729 264 1861 298 conci-

268 314 322 362 pit
333 311 490 350 fumum.
523 310 688 348 Coronis
700 308 889 357 explicatis
898 307 1052 356 parietes
1064 319 1178 356 quam
1191 306 1382 360 asperrime
1393 308 1630 347 trulliffentur
1642 336 1648 349 ‚
1662 313 1787 362 postea
1797 327 1861 354 au-

266 377 347 404 tem
360 367 474 418 supra,
487 365 738 404 trullissatione
749 361 1011 402 subarescente,
1025 362 1283 401 deformentur
1295 364 1514 402 directiones
1533 370 1691 406 arcuati,
1706 372 1759 407 uti
1776 372 1859 409 lon-

274 424 460 473 gitudines
480 421 526 458 ad
546 424 611 471 [p]
621 420 788 469 regulam
806 420 842 456 δε
854 419 991 456 lineam
1003 448 1014 464 ,
1031 419 1241 457 altitudines
1259 421 1305 457 ad
1323 422 1650 471 perpendiculum,
1673 428 1794 473 anguli
1813 428 1860 465 ad

271 483 335 531 [q]
349 490 521 516 normam
531 475 794 527 respondentes
804 476 1006 525 exigantur.
1037 476 1213 525 Namque
1224 475 1273 512 fic
1283 477 1478 515 emendata
1496 479 1739 516 rectoriorum
1750 483 1787 518 in
1806 485 1860 532 pi-

272 536 380 572 etur-is
400 535 467 571 erit
476 532 626 583 species.
656 531 935 576 Subarescente,
948 533 1094 569 iterum,
1106 544 1148 568 ac
1157 533 1270 569 tertio
1281 533 1495 572 inducatur:
1517 536 1566 571 ita
1579 547 1658 584 quo
1668 535 1859 576 fundatior

273 592 340 627 erit
356 603 399 626 ex
412 598 564 625 arenato
580 588 772 632 directum,
785 599 833 624 eo
845 587 990 625 firmior
999 589 1067 625 erit
1077 587 1121 625 ad
1133 588 1350 626 vetustatem
1360 588 1520 628 soliditas
1531 591 1686 628 testorii.
1700 592 1802 629 Cum
1814 594 1861 631 ab

273 643 324 697 [r]
337 657 446 683 arena
456 655 584 694 praeter
594 644 901 688 trullissationem,
913 655 991 680 non
1004 645 1125 681 minus
1135 645 1252 681 tribus
1263 647 1371 682 coriis
1380 645 1488 683 fuerit
1499 646 1763 692 deformatum,
1772 659 1862 687 tunc
1878 659 1881 664 ·

271 700 291 738 ὲ
306 702 522 739 marmoreo
531 712 648 750 grano
661 699 879 737 direffiones
891 699 971 737 sunt
981 698 1198 749 subigendae,
1210 701 1299 738 dum
1310 703 1358 738 ita
1368 704 1537 740 materies
1548 713 1791 752 temperetur,
1806 706 1862 742 uti

271 770 360 795 cum
380 757 557 806 subigitur
569 769 650 794 non
668 756 802 794 haereat
821 756 868 793 ad
886 766 1047 797 rutrum,
1070 755 1129 792 sed
1147 768 1282 806 purum
1297 757 1431 795 ferrum
1453 755 1474 795 ὲ
1492 761 1677 796 mortario
1696 760 1860 797 libretur.

270 814 401 850 Grano
413 812 564 851 induero
577 811 844 849 &inarescente
856 838 864 851 ,
885 813 1039 849 alterum
1049 813 1197 849 corium
1209 813 1402 851 mediocre
1419 815 1611 864 dirigatur:
1631 815 1669 851 id
1681 827 1770 853 cum
1781 817 1861 854 sub-

267 870 392 907 aecum
403 868 513 906 fuerit
525 897 535 912 ‚
553 869 694 906 &bene
709 868 882 905 fricatum
895 897 904 912 ‚
922 866 1087 905 subtilius
1099 868 1306 906 inducatur.
1338 870 1393 907 Ita
1413 882 1500 908 cum
1518 872 1631 908 tribus
1649 867 1723 921 [s]
1746 874 1861 917 coriis

268 938 409 970 arenae,
429 924 466 961 &
485 925 575 961 item
594 926 792 962 marmoris
806 953 817 969 ‚
834 923 977 960 solidati
994 925 1150 974 parietes
1163 924 1317 971 fuerint,
1337 937 1456 975 neque
1476 929 1598 967 rimas,
1620 939 1741 976 neque
1759 928 1861 965 aliud

266 982 399 1019 vitium
415 980 497 1017 inse
507 982 672 1030 recipere
683 990 873 1030 poterunt.
905 979 976 1016 Sed
987 983 1025 1017 ὅ(
1041 979 1086 1028 [t]
1101 980 1319 1019 baculorum
1330 981 1603 1020 subactionibus
1623 982 1780 1021 fundatae
1801 983 1860 1021 so-

263 1037 444 1082 liditates,
466 1037 734 1084 marmorisque
755 1035 920 1072 candore
940 1034 1053 1074 firmo
1072 1037 1238 1086 levigata:
1251 1067 1261 1082 ‚
1285 1037 1478 1077 coloribus
1497 1051 1585 1076 cum
1605 1038 1858 1088 politionibus

260 1092 420 1130 induffis
438 1121 451 1136 ‚
475 1091 614 1128 nitidos
641 1093 851 1144 expriment
876 1090 1107 1142 splendores.
1154 1096 1234 1141 [a]
1257 1094 1420 1132 Colores
1441 1106 1564 1134 autem
1592 1095 1671 1132 udo
1692 1096 1853 1133 testorio

276 1163 278 1165 ’
1769 1164 1859 1189 cum

265 1263 295 1296 n]
326 1262 411 1290 ldem.
434 1264 522 1290 Locus
532 1262 585 1294 hic,
597 1263 614 1290 fi
627 1274 680 1291 non
691 1264 864 1301 antiquorum
873 1262 990 1292 aedifici'a.
998 1264 1024 1291 in
1034 1263 1128 1302 quibus
1139 1264 1210 1292 nulla
1218 1264 1276 1292 sunt
1285 1264 1569 1303 vestigia‚argumento
1577 1258 1628 1290 effe
1639 1258 1725 1301 poffit,
1734 1262 1858 1291 cubicula

306 1304 479 1331 conclaviave
490 1313 544 1330 nori
554 1300 670 1332 habuisse
680 1304 806 1343 spiracula
815 1304 866 1332 five
876 1304 962 1344 gulas,
972 1304 1040 1332 unde
1050 1302 1138 1332 fumus
1150 1305 1234 1332 exiret
1244 1325 1251 1335 ,
1271 1314 1329 1343 quae
1341 1305 1423 1345 vulgo
1430 1304 1531 1332 camini
1543 1304 1676 1335 dicuntur,
1689 1305 1782 1331 Latine
1794 1313 1859 1332 vero

306 1341 469 1371 infumibula
478 1345 608 1372 nominari
621 1342 693 1382 posse
704 1344 822 1383 plerique
835 1354 929 1372 omues
939 1346 1117 1373 consentiunt.
1141 1345 1269 1373 Caminus
1278 1346 1348 1373 enirn
1358 1345 1508 1372 luculentus
1520 1345 1647 1372 Ciceroni
1657 1343 1770 1382 septimo
1781 1342 1861 1372 farni-

307 1383 363 1411 liar.
374 1385 436 1412 alibi
447 1394 502 1412 erat
514 1406 521 1418 ,
544 1388 568 1413 ἅ*
580 1385 667 1413 aliud:
687 1387 726 1414 uti
737 1390 761 1414 &
773 1387 799 1413 in
809 1385 855 1413 illo
867 1387 986 1413 Suetonii
998 1387 1024 1413 in
1034 1385 1126 1413 Vitell.
1146 1385 1284 1423 flagrante
1304 1386 1412 1412 triclmio
1422 1396 1452 1413 ex
1462 1392 1577 1422 conceptu
1596 1387 1696 1412 camini.
1717 1385 1781 1413 Inde
1791 1394 1859 1424 puto

307 1425 434 1463 antiquos
445 1425 519 1465 ligna
528 1435 637 1454 amurca
646 1424 786 1454 macerass'e
795 1448 801 1460 ,
821 1436 851 1454 ut
860 1426 912 1454 line
923 1424 990 1454 fumi
999 1426 1080 1454 taedio
1088 1426 1218 1454 arderent.
1237 1426 1309 1465 quod
1318 1425 1409 1454 scribit
1420 1428 1490 1453 Cato
1500 1426 1532 1453 de
1541 1435 1569 1453 re
1580 1425 1655 1453 Rust.
1666 1435 1722 1464 cap.
1735 1435 1830 1454 cxxx.
1841 1423 1857 1453 d.

307 1475 361 1503 quo
372 1462 471 1500 01¹.me
483 1475 588 1498 vocata;
598 1477 659 1495 nam
668 1465 757 1502 ,φιπνὲς
765 1465 869 1495 fumum
880 1466 1020 1507 fignificat.
1039 1469 1152 1500 Eorum,
1164 1476 1260 1505 praeter
1269 1467 1345 1499 alios,
1359 1468 1481 1495 meminit
1493 1466 1607 1494 Galenus
1618 1466 1663 1493 lib.
1674 1476 1694 1494 r.
1705 1466 1859 1495 antidotori.

307 1507 385 1544 Qin
396 1509 420 1534 ὃς
432 1506 450 1534 fi
461 1507 519 1546 quis
528 1508 683 1547 diligentius
693 1508 743 1536 erit
753 1508 780 1535 iu
798 1510 986 1537 Romanorum
1006 1509 1179 1536 monimentis
1191 1507 1315 1539 versatus.
1330 1508 1464 1546 intelliget
1474 1517 1556 1546 parvo
1567 1507 1681 1547 negotio
1691 1528 1698 1537 ,
1717 1507 1859 1546 quomodo

305 1546 449 1584 prudentes
460 1547 496 1575 illi
508 1546 523 1575 ,i
535 1546 636 1587 frigore
657 1557 789 1577 caverent.
816 1551 846 1576 In
856 1548 1025 1577 subterranea
1044 1548 1143 1577 scilicet
1160 1549 1285 1578 strushira
1296 1546 1383 1576 fornix
1395 1557 1449 1576 erat
1461 1548 1606 1588 oblongus,
1618 1551 1642 1576 δε
1659 1558 1690 1576 ex
1701 1558 1734 1576 eo
1743 1558 1861 1587 quaqua-

304 1586 409 1616 versum
425 1588 452 1615 in
469 1588 569 1616 intimis
590 1589 734 1627 parietibus
743 1590 776 1617 de
786 1590 910 1618 industria
918 1590 1003 1619 relitffi
1020 1590 1147 1619 struffiles
1159 1590 1189 1618 ad
1198 1589 1327 1618 summam
1339 1590 1574 1629 contignationem
1586 1588 1686 1617 canales
1698 1610 1705 1619 ,
1726 1599 1771 1628 qui
1783 1599 1859 1617 nares

303 1627 433 1656 haberent
441 1627 472 1656 ad
480 1627 539 1656 loca
550 1630 642 1657 omnia
650 1651 656 1661 ,
674 1631 702 1657 iu
713 1630 808 1669 quibus
819 1631 917 1658 velle'nt
928 1641 1070 1670 procurare
1081 1630 1198 1659 calorem
1209 1652 1216 1663 ,
1239 1631 1376 1659 contestas
1387 1629 1573 1669 exemptilibus
1593 1630 1734 1668 operculis.
1759 1630 1859 1657 For-nix

302 1668 345 1696 ille
358 1670 454 1707 partim
464 1669 656 1698 concalefiebat
667 1669 793 1698 succenfis
806 1670 902 1711 lignis;
917 1673 1018 1700 cineres
1030 1671 1102 1700 enim
1118 1675 1142 1700 δε
1153 1670 1451 1712 fuliginem'reperimus
1463 1682 1469 1699 :
1483 1671 1578 1709 partim
1587 1668 1751 1699 ferventibus
1761 1670 1858 1709 imple-

301 1707 381 1736 batur
391 1710 473 1748 aquis.
483 1710 551 1738 unde
560 1721 605 1748 per
615 1711 718 1739 canales
729 1709 867 1749 patefactis
879 1713 983 1741 naribus
994 1712 1161 1751 excipiebant
1172 1714 1239 1744 oeci,
1249 1712 1372 1745 triclinia,
1384 1712 1507 1740 cubicula
1516 1715 1539 1740 &
1551 1710 1679 1747 ejusmodi
1692 1710 1801 1739 aedi'ficia
1810 1719 1855 1737 ca-

303 1749 388 1776 lidum
400 1760 534 1787 vaporem.
547 1752 616 1779 lssud
627 1761 694 1789 puto
704 1749 860 1780 intellexisse
872 1752 1006 1781 Placidum
1019 1753 1244 1785 Grammaticum,
1256 1762 1329 1785 cum,
1339 1753 1401 1791 quid
1412 1754 1478 1781 Zeta
1486 1749 1559 1784 effer,
1571 1751 1855 1790 explicans‚tradit,an-

305 1788 395 1827 tiquos
404 1788 499 1831 frigida
508 1801 574 1829 aqua
585 1793 610 1818 in
622 1792 821 1821 subterraneum
832 1791 965 1822 fornicem
975 1792 989 1822 ὲ
1000 1792 1094 1822 formis
1104 1790 1213 1822 demissa
1223 1815 1229 1826 ,
1244 1804 1338 1822 omnes
1347 1794 1443 1822 aedium
1454 1793 1594 1832 particulas
1604 1802 1650 1829 per
1660 1787 1778 1819 emissam
1789 1790 1856 1818 lenis

301 1828 406 1868 spiritus
416 1833 618 1868 vaporationem
630 1831 804 1872 refrigerasse.
826 1835 898 1863 Nam
910 1835 1025 1862 Galenus
1034 1834 1079 1862 lib.
1091 1845 1129 1862 rx.
1139 1840 1164 1863 &
1173 1845 1198 1862 x.
1213 1834 1345 1867 methodi,
1355 1835 1450 1872 euripo
1459 1834 1485 1861 id
1497 1829 1633 1870 fieripoffe
1644 1839 1854 1864 commemorat,

305 1880 369 1938 pum
385 1880 430 1908 per
449 1871 564 1899 aestatem
573 1869 748 1901 febrientibus
766 1877 855 1902 aerem
869 1874 1032 1903 ambientem
1047 1885 1190 1913 ptaeparare
1200 1875 1280 1903 docet
1292 1895 1299 1907 ,
1319 1885 1415 1913 nempe
1435 1882 1465 1901 ut
1482 1883 1515 1901 ex
1528 1872 1621 1910 euripo
1637 1872 1723 1911 aliqua
1738 1881 1799 1900 aura
1810 1873 1854 1899 in-

318 1919 397 1949 piret-

263 1952 290 1986 o]
328 1951 477 1980 Philander.
500 1953 552 1980 Pro
560 1950 659 1980 albario
666 1952 709 1982 seu
720 1963 892 1987 marmorato,
901 1954 972 1993 quod
983 1955 1121 1982 Stucchum
1131 1963 1239 1987 vocant,
1251 1955 1319 1983 dixit
1329 1954 1418 1983 album
1427 1964 1502 1994 opus.

257 1998 288 2034 p]
324 1997 406 2026 Idem.
430 1998 569 2038 Exigenda
581 1998 740 2027 testitudine
750 1999 833 2028 solent
854 1998 908 2028 fere
918 1999 1032 2028 artifices
1042 2009 1141 2028 veteres
1154 2001 1192 2028 uti
1204 2000 1298 2038 regula
1310 2021 1317 2030 ,
1337 2009 1395 2039 qua:
1411 1999 1426 2028 ,ἱ
1448 1999 1548 2027 Graccis
1568 1996 1640 2034 ,μνῶν
1657 1998 1765 2026 dieitur.
1785 1997 1852 2028 fabri

303 2048 367 2065 vero
379 2039 534 2071 materiam,
547 2039 598 2067 five
606 2040 780 2078 carpentarii,
792 2041 872 2069 etiam
883 2041 965 2069 amuli
976 2050 1090 2069 utuntur
1099 2062 1106 2073 ,
1124 2040 1149 2068 id
1161 2042 1195 2069 est
1206 2037 1336 2071 funiculo,
1356 2050 1435 2079 quem
1445 2040 1549 2068 rubrica
1559 2049 1603 2067 aut
1614 2039 1666 2067 alio
1682 2040 1773 2067 colore
1784 2040 1855 2068 obli-

300 2087 378 2107 nunt.
398 2079 486 2107 Graeci
497 2078 597 2116 sdes-cbo
614 2079 716 2108 dicunt.
739 2081 807 2109 Gell.
819 2081 924 2109 lib.ult.
937 2081 994 2120 cap.
1005 2082 1158 2110 ult.lincam
1169 2090 1258 2109 vocat.
1283 2081 1428 2109 Politianus
1439 2082 1466 2108 in
1483 2080 1628 2109 Charmide
1648 2081 1764 2108 Platonis
1775 2091 1856 2120 regu·

301 2119 355 2147 lam
365 2117 500 2148 transfert.
520 2121 682 2148 Ammonius
691 2121 717 2148 in
728 2123 858 2161 Categor.
869 2123 1015 2150 Aristotelis
1026 2122 1078 2150 live
1088 2122 1204 2149 Architae
1216 2135 1222 2153 ;
1234 2120 1339 2149 fabrum
1351 2123 1390 2149 uti
1401 2118 1495 2149 amussi
1512 2122 1690 2149 instrumento
1698 2121 1730 2148 ad
1741 2122 1854 2160 exigen-

304 2160 364 2187 dam
375 2161 494 2190 materiei
503 2161 693 2189 rectitudinem
704 2171 748 2190 aut
758 2164 929 2192 curvitatem.
938 2173 992 2190 non
1004 2163 1081 2191 aliter
1091 2172 1169 2201 atque
1179 2163 1323 2190 domorum
1334 2163 1446 2191 structor
1455 2161 1603 2193 catheto,id
1613 2162 1852 2199 est.perpendiculo

304 2201 389 2240 exigit
400 2202 511 2239 parietes
522 2223 528 2234 ,
550 2201 616 2230 resti
627 2202 676 2229 fint
688 2223 694 2235 ‚
714 2212 745 2230 an
757 2211 861 2231 contra.
883 2206 1001 2231 Vtuntur
1011 2205 1091 2231 etiam
1102 2204 1183 2236 libra,
1195 2213 1254 2242 quse
1263 2203 1385 2231 &libella
1394 2203 1492 2231 dicitur
1503 2224 1510 2235 ‚
1530 2203 1561 2230 ad
1572 2203 1731 2230 diree‘tiones
1738 2203 1851 2242 exigen—

305 2240 349 2267 das
360 2242 579 2281 &longitudines
589 2263 596 2275 ,
615 2251 644 2270 ut
655 2253 686 2270 ex
697 2244 822 2271 Vitruvio
831 2243 981 2276 didicimus,
994 2247 1018 2272 ἃ
1030 2244 1096 2271 Plin.
1107 2243 1152 2272 lib.
1163 2253 1258 2272 xxxvt.
1269 2253 1327 2282 cap.
1339 2254 1382 2271 22.
1394 2248 1417 2272 ἃ
1427 2253 1468 2279 25.
1491 2243 1602 2271 Constat
1612 2251 1700 2270 autem
1710 2253 1851 2282 gnomone

303 2281 331 2308 id
340 2282 375 2308 est
383 2283 481 2322 regulis
491 2282 603 2314 duabus.
613 2283 648 2310 ita
657 2282 753 2318 junffls
761 2285 890 2323 capitibus
900 2284 1015 2317 duobus,
1026 2288 1050 2313 ὃς
1059 2285 1210 2317 divaricatis
1218 2283 1306 2312 alteris
1315 2305 1321 2315 ,
1340 2294 1368 2313 ut
1382 2286 1482 2313 redium
1493 2284 1622 2324 angulum
1632 2281 1759 2311 efficiant.
1780 2285 1850 2311 Peri-

304 2321 350 2349 det
360 2321 393 2349 ab
401 2323 501 2362 angulo
513 2321 526 2350 ὲ
538 2322 583 2350 filo
594 2323 733 2361 plumbum
743 2345 750 2356 ,
770 2325 844 2363 quod
860 2326 905 2353 ubi
915 2324 1063 2353 transversae
1073 2326 1219 2363 compasta:
1231 2326 1316 2353 tertiae
1328 2326 1426 2365 regulae
1436 2324 1593 2363 descriptam
1603 2325 1629 2351 in
1645 2324 1734 2351 medio
1744 2324 1775 2351 ad
1788 2334 1850 2362 per-

301 2363 474 2401 pendiculum
493 2363 588 2391 lineam
604 2364 726 2403 tetigerit
743 2386 749 2397 ,
775 2365 905 2394 indicabit
924 2366 1044 2394 libratam
1069 2366 1277 2406 longitudinem.
1300 2367 1507 2395 Instrumentum
1528 2365 1607 2392 nostri
1625 2364 1750 2392 nivellam
1760 2387 1767 2396 ,
1791 2364 1851 2392 Itali

301 2404 400 2442 partim
409 2404 525 2432 livellum
537 2425 543 2436 ‚
560 2405 658 2442 partim
666 2405 979 2443 arripendulumvocant:
1000 2407 1065 2434 ficut
1075 2407 1106 2434 ad
1114 2406 1332 2445 perpendiculum
1342 2402 1394 2434 effe
1403 2406 1490 2434 Latini
1500 2406 1593 2434 dicunt
1604 2426 1611 2438 ,
1630 2405 1655 2432 id
1666 2404 1739 2441 ajunt
1749 2401 1799 2433 effe
1809 2403 1850 2432 fa-

302 2444 377 2473 &um
387 2444 419 2472 ad
429 2443 581 2483 plumbum.

261 2485 291 2522 q]
320 2485 405 2513 Idem.
426 2487 557 2514 Normam
567 2483 633 2513 fabri
642 2485 774 2524 appellant
783 2487 937 2526 filuadram,
949 2498 1027 2527 quam
1040 2489 1076 2516 ita
1084 2497 1265 2527 componunt.
1288 2488 1402 2528 Regulae
1414 2488 1578 2527 capitialiam
1588 2487 1785 2524 prominentem
1797 2495 1847 2513 co-

301 2534 457 2564 agmentant
470 2545 478 2556 .
495 2535 524 2554 ut
536 2523 649 2554 referant
659 2527 717 2554 duae
728 2528 858 2567 angulum
869 2529 981 2557 re&um.
1003 2530 1141 2557 Vitruvius
1150 2529 1196 2557 lib.
1207 2540 1247 2557 rx.
1257 2539 1314 2567 cap.
1326 2540 1361 2556 ri.
1375 2539 1464 2557 veram
1476 2537 1599 2556 normam
1611 2529 1646 2555 ita
1654 2525 1787 2555 deformat
1799 2547 1806 2558 ,
1817 2534 1847 2554 ut

302 2565 332 2592 sit
343 2567 489 2607 triangulus
500 2566 642 2606 disparibus
650 2566 786 2598 lateribus,
797 2578 851 2596 uno
861 2577 949 2597 tamen
962 2570 1035 2597 resto
1046 2569 1154 2609 angulo.

258 2605 284 2638 r]
324 2607 405 2635 Idem.
428 2607 556 2636 Palladius
567 2607 613 2636 lib.
624 2618 644 2635 1.
656 2618 712 2647 cap.
725 2617 762 2643 ις.
780 2607 851 2637 hunc
863 2609 954 2638 locum
965 2611 1002 2637 ita
1015 2611 1144 2638 imitatur.
1164 2614 1298 2639 Parietum
1308 2612 1407 2638 teflrtm
1421 2609 1455 2647 fic
1469 2609 1513 2641 fiet
1532 2609 1604 2644 fhrtt's
1616 2606 1740 2640 &nitida
1750 2608 1846 2643 :primo

299 2648 384 2674 trullis
389 2647 570 2686 frequentetur
579 2648 687 2676 induetio
697 2661 705 2676 .·
725 2659 783 2676 cum
792 2648 885 2687 siccari
894 2653 1007 2686 emperie,
1018 2654 1112 2678 iterum
1125 2652 1275 2682 intucatur,
1287 2652 1320 2686 (ῥυ
1337 2653 1409 2678 tertio
1418 2663 1426 2678 :
1448 2653 1501 2686 pos?
1512 2651 1560 2677 hac
1578 2653 1629 2677 tria
1637 2652 1704 2677 caria
1714 2668 1720 2676 .
1734 2657 1764 2674 ex
1773 2657 1847 2674 mar-

300 2696 382 2714 moreo
387 2698 468 2723 grano
478 2691 630 2727 cooperiatur
638 2690 675 2717 ad
683 2690 790 2717 trullam
800 2711 806 2720 ,
818 2701 870 2728 qua
880 2691 989 2718 induc'ffio
996 2699 1057 2719 ante
1066 2692 1166 2719 tamdiu
1178 2692 1319 2729 fitbigenda
1329 2694 1365 2719 efl
1375 2712 1381 2722 ,
1399 2698 1431 2717 ut
1440 2699 1543 2718 rutrum
1556 2711 1561 2720 .
1579 2701 1628 2729 quo
1638 2691 1695 2717 cab:
1706 2687 1844 2724 snb-'gitur-

299 2728 426 2755 mundum
435 2729 559 2757 levemus.
581 2735 636 2758 Hac
645 2740 742 2769 qnoque
751 2733 885 2758 marmora*
894 2732 1092 2768 gram'induc'lio
1104 2753 1110 2763 ,
1129 2743 1186 2760 cnm
1199 2731 1293 2770 fictari
1302 2735 1398 2770 coepcrit
1408 2753 1414 2764 ,
1429 2731 1501 2758 ahud
1517 2733 1610 2759 corium
1622 2730 1743 2768 firbtilms
1750 2735 1847 2765 oportet

301 2768 408 2804 imponi.
420 2767 459 2805 fic
468 2766 500 2799 65
508 2770 664 2806 sblid:tatem
673 2771 790 2805 custodiet
799 2770 832 2805 (ἂι
842 2774 957 2800 nitorem.

250 2807 289 2844 J]
321 2808 404 2835 Idem.
427 2810 540 2836 Corium
550 2812 630 2839 etiam
642 2821 690 2850 pro
700 2811 780 2840 duCru
793 2815 817 2839 8.-
828 2812 975 2841 directioue
986 2814 1092 2843 testorii
1102 2823 1179 2844 atoue
1189 2814 1334 2854 pavimenti
1344 2812 1412 2840 dixit
1421 2815 1492 2840 Caro
1502 2821 1558 2851 cap.
1569 2820 1650 2839 xvrrr.
1661 2810 1692 2838 de
1702 2810 1843 2838 R Rust1'c.

258 2849 284 2882 t]
325 2848 419 2876 claud.
429 2849 574 2878 Salmaiius.
596 2854 668 2891 Lege
683 2852 730 2888 fid
739 2850 940 2883 &tinnulas-um.-
952 2855 977 2881 in
990 2857 1050 2882 Vct.
1063 2848 1338 2893 Cod.'estyacul0mm.
1356 2854 1388 2881 de
1397 2863 1450 2891 quo
1461 2853 1522 2880 alibi
1534 2853 1645 2880 diCtum.

258 2889 291 2923 u]
322 2887 469 2917 Philander.
492 2892 564 2918 Cum
575 2892 696 2920 madente
706 2892 800 2924 adbuc,
812 2897 846 2925 δ’,
859 2903 887 2922 ut
898 2904 967 2922 nuuc
979 2895 1127 2933 loquuntur
1137 2916 1143 2925 ‚
1155 2893 1238 2924 stesco
1250 2895 1366 2924 tcc‘torio
1377 2903 1452 2922 erunt
1462 2894 1563 2921 inducti
1573 2893 1687 2920 colores.
1712 2891 1844 2919 Recuffire

299 2937 388 2957 autem
400 2930 452 2958 udo
463 2929 529 2957 illini
541 2941 572 2959 ex
584 2932 711 2960 omnibus
723 2933 857 2961 coloribus
877 2934 1064 2973 purpurissum,
1076 2936 1193 2965 indicum
1205 2958 1211 2970 ‚
1230 2937 1387 2968 caeruleum,
1404 2934 1539 2968 melinum,
1550 2933 1787 2973 auripigmentum,
1798 2942 1845 2971 ³1>-

300 2970 406 3008 pianum
416 2974 440 2999 ἃ
452 2968 589 3006 ceruss‘am,
599 2982 674 3001 autor
683 2973 717 3001 cst
727 2974 794 3002 Plin.
806 2974 850 3002 lib.
865 2986 945 3004 xxxv.
960 2987 1015 3016 cap.
1030 2988 1054 3011 7.
1802 3013 1818 3043 h

1742 3016 1800 3051 x]P
1820 3015 1842 3042 i-
