2023 3162
319 96 786 136 VocABVLORVM
843 94 1417 136 Vmiiuvmmoizum.
1624 116 1674 148 99

87 166 202 218 paulo
215 172 301 201 ante
314 162 404 200 dixit
415 164 642 212 quintarium
653 164 806 207 vocari,
827 164 890 211 qui
901 162 1038 200 Graecis
1048 157 1281 214 mv&fcoxp&.
1312 165 1406 202 Non
1420 165 1529 214 igitur
1538 169 1676 207 eodem

86 221 247 258 nomine
257 220 501 270 appellabitur
512 219 651 255 Latinis
669 210 868 268 πειῖξέμοιρος
880 220 917 256 ὃς
931 212 1229 271 ἂὲηπενζίμοιρῶυ.
1246 220 1311 257 An
1321 232 1389 272 pro
1401 223 1598 270 quimatio,
1612 228 1677 273 qui

86 277 137 314 est
147 268 372 325 vapcoap&
381 300 390 313 ‚
404 273 606 324 legendum
618 272 669 310 est
676 275 860 325 quinarum·
872 275 888 308 ?
907 275 1096 314 videamus
1108 276 1195 313 hoc.
1227 277 1425 329 Qinarius
1435 289 1612 317 numerus
1624 281 1673 317 est

85 334 253 382 quinque
265 360 276 376 ,
296 331 446 379 qualem
457 322 653 379 πεγζξέμοιρον
673 329 961 367 Graecivocant.
984 333 1226 383 atqut‘ntarius
1236 334 1266 369 is
1276 333 1345 369 erit
1362 334 1421 369 cui
1433 335 1600 382 quinque
1612 336 1675 372 ad„

86 388 178 434 jein
187 389 267 425 sunt
277 388 322 423 ad
331 386 538 437 perfectum
547 397 760 423 numerum,
774 396 814 422 ut
822 384 903 423 sunt
913 385 1102 433 undecim,
1113 389 1178 437 qui
1187 389 1232 425 ad
1242 387 1300 425 sex
1314 388 1363 425 est
1372 381 1672 440 ἂὲηπειζέμοιρῶυ,

84 445 171 493 quia
183 435 406 492 πνζέμοιρῶυ
417 442 595 486 adjicitur.
625 441 793 491 Reperio
803 450 929 478 tamen
945 444 982 479 in
993 442 1248 492 antiquissimo
1269 445 1414 484 codice,
1427 457 1496 495 pro
1506 449 1672 485 tertiario

84 501 157 549 legi
171 528 180 543 ‚
198 497 439 535 adtertiarium
450 526 462 540 ,
483 497 557 534 hoc
570 495 689 533 modo
701 521 709 535 ‚
732 494 1004 547 cumfhc‘i‘asimt
1013 498 1084 535 0070
1093 525 1102 538 ,
1124 500 1231 534 tertia
1241 497 1389 547 adjc’c‘la‚
1412 498 1671 540 adtertiarium.

86 554 148 592 Ad
159 554 312 592 verbum
322 552 472 590 reddere
482 553 603 590 voluit
614 563 754 589 vocem
764 552 932 589 Graecam
943 554 1079 591 Latina
1089 553 1248 591 conflua
1260 553 1279 590 Ξι
1290 558 1344 594 se,
1368 565 1410 592 ut
1420 553 1615 604 im'rfflr&
1626 559 1669 598 fit

86 610 312 648 adtettiarius
326 638 336 653 ,
356 608 423 657 qui
444 618 566 644 totum
574 606 686 644 habet
707 606 744 643 ὃς
763 607 883 644 adhue
902 611 1049 646 tertiam
1061 611 1138 655 ejus
1159 621 1311 660 partem.
1342 610 1404 647 Ad
1413 623 1500 649 eum
1512 615 1675 653 modum

87 668 125 703 δε
134 664 368 717 adquintart‘us
381 663 575 702 dicendus,
590 664 650 699 cui
660 662 819 705 adiectus
832 662 881 699 est
891 665 1107 711 quintasius.
1131 666 1191 701 Sic
1204 668 1302 702 enim
1314 660 1511 718 πνῖξιμοιρον
1522 671 1677 720 appella.

86 723 152 758 vit.
182 722 281 770 Ergo
293 721 354 757 cui
365 718 504 756 additus
515 714 758 767 mslodfaocp&⁴‚
777 720 806 756 is
818 719 885 755 erit
894 718 1158 768 adquintarius.
1189 721 1309 772 Qod
1321 722 1370 760 est
1381 723 1620 763 veriffimum.

847 822 920 892 {R

87 944 199 1027 RE
213 958 234 982 c
247 956 271 981 H
285 956 307 980 A
318 952 381 980 MV
397 954 424 978 s.
453 940 538 977 Lib.
550 952 584 977 x.
596 949 674 990 cap.
690 954 724 977 2.
756 939 963 992 tAlltgatur
972 940 1011 976 in
1017 938 1159 991 flammo
1169 935 1338 991 trochlea3
1359 956 1462 996 quam
1481 946 1584 982 etiam
1593 960 1679 983 non-

168 1000 254 1039 nullt
264 995 470 1034 Rechamum
479 993 611 1032 dicunt.
630 994 828 1032 Philander
839 1010 847 1032 :
868 1001 902 1032 T
896 993 1027 1032 rochlea
1024 995 1108 1047 sive
1116 996 1283 1035 trochalia
1293 1008 1355 1035 aut
1363 996 1562 1037 rechamum
1572 999 1679 1048 dicas,

85 1056 246 1093 traHorii
251 1057 387 1106 generis
397 1049 558 1088 machina
569 1053 632 1096 eff,
642 1064 720 1087 cum
730 1063 809 1087 aereo
820 1060 880 1087 aut
889 1050 999 1105 [lgneo
1009 1049 1163 1095 orbiculo,
1176 1055 1238 1106 qui
1239 1064 1306 1106 per
1314 1054 1490 1092 axiculum
1500 1055 1680 1105 vastam,

85 1108 322 1161 trajec‘i‘ofune
332 1106 501 1144 duffario.
531 1108 672 1146 Vtimur
683 1107 785 1143 etiam
796 1103 989 1143 haurienda
1000 1105 1133 1159 >putea
1142 1123 1244 1161 aqua.
1267 1109 1400 1147 Baldus
1413 1126 1420 1148 :
1433 1112 1679 1150 Vocabulum

87 1165 136 1203 est
146 1166 243 1218 apud
253 1165 410 1201 Latinos
423 1175 502 1200 non
511 1162 722 1211 infrequens
734 1163 855 1199 modo
867 1188 876 1205 ‚
897 1162 957 1201 sed
969 1192 979 1208 ,
994 1174 1034 1200 ut
1045 1164 1093 1201 ita
1103 1164 1225 1202 dicam
1238 1195 1248 1209 ‚
1266 1165 1468 1204 solitarium
1483 1169 1520 1204 ὅ(
1533 1167 1682 1206 inufita.

85 1232 178 1259 tum.
211 1219 406 1269 Nusquam
425 1220 525 1255 enim
536 1218 636 1270 apud
657 1230 722 1254 eos
738 1219 892 1255 memini
902 1230 964 1256 me
985 1218 1194 1258 observare.
1227 1221 1300 1258 Sed
1309 1220 1347 1257 &
1372 1223 1532 1260 vitruvii
1542 1233 1645 1260 aetate
1660 1223 1681 1260 a

85 1279 213 1327 paucis
234 1287 376 1313 nomen
388 1274 480 1311 illud
500 1272 710 1323 usurpatum
728 1273 831 1310 fuifl‘e
841 1274 927 1311 inde
946 1275 1178 1325 colligimus,
1200 1276 1305 1325 quod
1322 1276 1431 1315 dicat,
1446 1276 1683 1325 anomalus,

86 1334 165 1370 hoc
179 1332 230 1370 est
242 1361 252 1376 ,
261 1329 482 1380 quibusdam
493 1331 633 1381 paucis,
649 1328 865 1367 rechamum
875 1331 1062 1381 appellari.
1094 1331 1287 1370 Trochlea
1298 1332 1342 1369 de
1355 1335 1491 1382 quovis
1503 1335 1679 1373 orbiculo

85 1388 233 1433 dicitur,
247 1388 384 1424 Graeco
395 1386 585 1423 vocabulo
595 1383 789 1434 φξοχαλία,
800 1384 858 1423 sed
869 1388 1018 1437 proprie
1030 1386 1075 1424 de
1087 1388 1333 1425 machinailla
1344 1390 1517 1427 tractoria
1529 1415 1537 1429 ‚
1563 1402 1680 1439 quam

85 1443 201 1481 nostri
209 1441 330 1480 taleam
340 1452 488 1479 vocant.
502 1441 548 1479 de
559 1453 631 1491 qua
641 1441 775 1479 Pollux
783 1441 845 1478 lib.
858 1454 917 1479 10.
927 1440 1121 1495 τροχαλῖοις
1129 1442 1328 1495 μέρηωνία,
1342 1442 1450 1485 ππίοι,
1464 1443 1582 1495 {goma
1598 1451 1680 1483 Tro-

85 1496 184 1535 chleae
195 1506 325 1552 partes,
336 1499 442 1541 tonia,
451 1499 551 1549 topia,
564 1499 697 1533 exonia.
711 1497 809 1535 forte
819 1498 1021 1547 legendum
1031 1501 1166 1536 axonia.
1186 1500 1256 1537 Sed
1267 1501 1313 1538 de
1324 1500 1490 1538 trochlea
1499 1500 1563 1539 suo
1575 1503 1679 1539 loco.

84 1556 204 1593 Porro
213 1555 239 1592 s1
250 1554 347 1591 reete
358 1565 401 1590 ea
412 1553 573 1591 Vitruvii
584 1553 695 1591 verba
707 1553 971 1604 expendantur,
981 1553 1028 1591 ad
1035 1552 1233 1593 rechamum
1242 1564 1360 1593 autem
1371 1558 1482 1593 imum
1481 1555 1602 1609 ferret¹
1601 1555 1680 1608 for-

74 1610 161 1659 fices
171 1609 537 1662 religamunapparet,
545 1621 628 1647 eam
637 1610 816 1647 trochleae
827 1619 970 1660 partem
981 1611 1177 1660 lignumve
1188 1612 1277 1656 dici,
1291 1612 1516 1664 (manganum
1526 1614 1683 1664 appellat

84 1667 228 1718 Pappus
239 1665 301 1702 lib.
315 1669 370 1714 3.)
392 1667 430 1701 in
443 1667 548 1711 cujus
567 1667 791 1703 cavitatibus
810 1665 968 1704 orbiculi
987 1666 1052 1717 ipsi
1063 1667 1249 1704 induntur.
1282 1667 1471 1705 Vocabuli
1491 1671 1680 1719 originem

85 1724 235 1772 ignoro.
254 1721 355 1760 Scio,
371 1721 505 1758 Mosen
519 1722 564 1758 de
575 1733 690 1771 opere
710 1720 964 1771 Phrygionico
980 1721 1162 1773 scripsisse,
1183 1719 1308 1774 Mzase
1318 1721 1472 1768 rochem,
1493 1735 1587 1774 opus
1598 1726 1678 1775 plu-

83 1779 190 1814 marii
199 1778 257 1815 vel
270 1776 511 1828 acupiCloris.
532 1776 640 1825 quod
651 1776 764 1813 nostri
784 1774 984 1813 rechamum
1002 1778 1132 1815 dicunt
1145 1807 1153 1815 .
1173 1777 1233 1816 sed
1244 1777 1321 1815 hoc
1331 1778 1377 1816 ad
1394 1790 1472 1816 rem
1484 1791 1562 1817 non
1580 1779 1679 1818 facit.

85 1834 176 1871 Cael.
188 1833 249 1869 lib.
272 1845 284 1868 1
295 1840 329 1870 6.
345 1844 423 1881 cap.
438 1847 456 1869 2
465 1847 497 1875 9-
522 1832 661 1881 aliquid
677 1832 823 1870 videtur
843 1832 995 1870 innuisse
1007 1858 1015 1872 ‚
1037 1833 1142 1883 quod
1159 1846 1242 1871 non
1262 1833 1303 1871 sit
1320 1833 1587 1885 aspernandum
1599 1865 1609 1880 ‚
1631 1837 1681 1873 ait

84 1890 186 1926 enim
198 1901 205 1924 :
225 1884 502 1929 Rochmissoessc‘k,
514 1885 554 1922 id
561 1890 610 1923 eri
623 1917 633 1932 ,
650 1883 990 1940 [Zfffltraeprofhndae.
1005 1902 1086 1926 nam
1096 1886 1272 1926 rochan-rm
1283 1886 1433 1926 trochlea
1443 1889 1576 1940 effifiu
1587 1904 1684 1928 man-

79 1957 214 1997 ganum
225 1969 233 1983 ,
249 1954 313 1994 per
320 1944 416 1991 cujus
426 1940 610 1978 orbiculum
618 1939 801 1991 summum
818 1945 996 1993 trajicitur
1013 1941 1189 1981 dustanus
1197 1942 1313 1994 funis.
1346 1947 1501 1982 Innuere
1519 1947 1620 1983 enim
1632 1948 1685 1984 vi-

86 2000 205 2044 detur,
217 1996 284 2037 xm*
295 1994 475 2049 ξρωχμὲ,
491 1998 529 2035 id
540 1997 590 2034 est
600 1997 754 2042 scissura,
766 1998 903 2036 faCtum
923 1998 1154 2036 rechamum.
1169 2001 1274 2048 quod
1283 2001 1303 2037 ὲ
1313 2012 1352 2037 re
1361 2000 1434 2050 ipsa
1450 2013 1530 2038 non
1541 2002 1590 2039 est
1599 2003 1684 2039 alie-

85 2066 194 2092 num.
204 2054 387 2103 siquidem
396 2065 547 2091 truncus
558 2052 642 2105 ipse,
656 2055 693 2090 in
707 2065 820 2102 quem
831 2053 994 2091 orbiculi
1003 2053 1208 2093 inseruntur
1217 2066 1430 2100 excavatur,
1447 2059 1489 2094 ὃς
1498 2057 1681 2106 quodam-

87 2109 211 2148 modo
220 2108 405 2146 scinditur.
429 2111 661 2161 anuam
671 2120 741 2145 nec
750 2109 859 2146 multi
868 2109 966 2147 hanc
978 2111 1231 2156 conjeeturam
1244 2111 1422 2150 divendo.

143 2166 183 2202 R
197 2178 216 2200 E
229 2177 252 2200 o
265 2175 287 2200 v
303 2177 322 2200 L
335 2176 368 2199 Α.
400 2163 485 2200 Lib.
500 2175 555 2200 1v.
567 2175 647 2214 cap.
664 2179 678 2207 3
690 2193 697 2200 .
713 2169 905 2200 Guttarum
915 2163 1088 2217 longitudo
1089 2163 1156 2214 sub
1164 2167 1263 2202 taenia
1272 2175 1392 2203 contra
1401 2163 1601 2218 triglyphos,
1611 2166 1683 2204 alta

87 2233 166 2258 cum
177 2217 310 2271 regula,
325 2226 425 2270 parte
433 2215 536 2269 sbxta
552 2215 911 2270 modullprapendeat.
942 2219 1078 2256 Baldus
1092 2233 1100 2256 :
1122 2221 1271 2270 Regula
1293 2220 1334 2257 fit
1354 2221 1375 2256 a
1393 2221 1578 2269 regendo.
1604 2224 1682 2268 ejus

90 2278 190 2314 enim
201 2275 293 2323 regit
311 2285 466 2310 manum
477 2274 543 2321 qui
552 2274 685 2310 restam
702 2274 840 2309 lineam
851 2273 954 2310 ducit
964 2299 972 2313 ,
993 2274 1121 2311 Graece
1131 2287 1179 2312 eo
1195 2276 1214 2311 s
1210 2276 1278 2312 ens
1272 2288 1295 2312 u
1305 2272 1424 2312 κοινῶν,
1448 2277 1681 2330 Qanquam

90 2331 282 2370 Vitruvius
303 2329 474 2366 maluerit
495 2328 568 2365 hoc
586 2328 871 2364 instrumentum
890 2328 1020 2366 Graeca
1040 2331 1131 2366 item
1153 2341 1250 2368 voce
1269 2332 1596 2382 euthygrammum
1618 2347 1682 2384 ap-

88 2388 240 2438 pellare.
271 2385 355 2422 Nos
377 2384 422 2422 de
434 2385 556 2433 regula
577 2383 688 2428 nihil,
711 2382 816 2431 quod
825 2382 871 2420 ad
888 2382 1187 2422 Architectumm
1204 2398 1284 2424 non
1294 2386 1429 2438 spectet
1438 2417 1449 2434 ‚
1474 2387 1682 2426 afferemus.

89 2445 216 2491 Itaque
227 2440 333 2490 quod
350 2443 506 2490 pertinet
516 2439 563 2476 ad
582 2437 827 2489 supradictum
845 2439 1005 2476 auetoris
1023 2440 1135 2477 nostri
1144 2442 1276 2480 locum
1288 2469 1296 2483 ‚
1318 2446 1442 2493 regula
1460 2456 1542 2494 pars
1559 2445 1621 2482 illa
1632 2445 1683 2481 est

90 2497 279 2547 triglyphi,
290 2509 370 2545 quae
382 2495 443 2533 sub
455 2497 561 2533 taenia
573 2496 726 2533 eminet,
744 2493 764 2530 ἐι
775 2506 848 2543 qua
857 2504 965 2543 guttae
983 2495 1063 2546 ipsae
1074 2496 1297 2548 dependent.
1312 2500 1468 2538 Videtur
1479 2510 1602 2537 autem
1613 2500 1682 2537 effe

90 2566 173 2605 pars
183 2553 292 2590 trabis
303 2553 339 2587 in
352 2550 430 2601 ipso
441 2549 620 2602 epistylio,
632 2548 731 2599 quasi
740 2551 778 2586 in
789 2550 957 2599 quodam
968 2552 1224 2590 loculamento
1237 2583 1248 2598 ‚
1260 2555 1432 2599 cubilive,
1442 2556 1582 2592 inserta.
1597 2555 1684 2593 Bar-

92 2611 203 2646 barus
215 2611 253 2645 in
272 2606 438 2645 versione
457 2607 584 2644 Italica
604 2605 802 2658 regolettam
821 2606 911 2643 dicit
923 2635 933 2650 ,
952 2607 1133 2645 Palladius
1151 2621 1243 2646 vero
1260 2610 1495 2647 Architecffus
1512 2609 1680 2659 lzstellum.

58 2659 60 2661 ’
95 2665 183 2703 Alia
193 2675 348 2713 quoque
358 2675 439 2713 pars
451 2662 622 2712 triglyphi
632 2661 772 2699 eodem
782 2664 936 2699 nomine
948 2662 1034 2701 huic
1042 2663 1106 2714 ipsi
1116 2664 1246 2701 nostro
1258 2665 1395 2703 auctori
1406 2666 1681 2715 appellaturDe

92 2720 280 2771 triglypho
292 2720 392 2756 enim
407 2717 566 2756 scribens
577 2720 625 2754 ait
637 2733 644 2755 :
658 2715 778 2768 regula
787 2730 858 2753 una
867 2719 904 2754 in
913 2716 1020 2754 medio
1022 2716 1211 2770 formetur,
1208 2718 1348 2771 femur,
1359 2720 1449 2772 quod
1457 2727 1566 2759 Gracc
1580 2705 1680 2772 μηρῖς

94 2774 234 2812 dicitur.
265 2775 323 2812 Est
335 2785 461 2812 autem
472 2774 578 2823 plana
588 2773 647 2810 illa
658 2784 736 2824 pars
755 2774 792 2809 in
802 2773 930 2810 medio
942 2774 1131 2823 triglypho
1144 2804 1155 2819 ,
1175 2787 1254 2823 quae
1268 2775 1317 2811 est
1328 2777 1421 2814 inter
1441 2778 1680 2815 canaliculos.

99 2832 144 2868 de
153 2843 225 2880 qua
235 2830 318 2869 vide
330 2832 367 2867 in
385 2829 504 2868 verbo
524 2829 656 2866 femur.
688 2829 876 2867 Caeterum
886 2829 924 2865 id
940 2830 1151 2866 notandum
1164 2856 1172 2869 ,
1196 2830 1215 2866 a
1226 2830 1423 2869 Philandro
1441 2844 1683 2871 ornamento-

100 2897 180 2922 rum
192 2898 312 2936 partes
323 2887 400 2923 illas
412 2896 548 2923 omnes
561 2885 634 2921 dici
643 2885 803 2934 regulas,
813 2897 894 2933 quae
904 2885 1017 2934 planae
1027 2884 1109 2923 sunt
1120 2888 1156 2923 ὅ(
1169 2887 1476 2926 circumcurrunt.
1496 2889 1557 2926 De
1567 2888 1682 2926 scotia

102 2941 200 2979 enim
210 2944 258 2980 ait
270 2957 277 2980 :
287 2939 617 2993 fi’dssiusfiptlmcs
634 2936 784 2992 partibus
785 2939 882 2990 fiant
890 2937 1012 2993 regula
1021 2937 1093 2977 dua
1104 2939 1222 2995 quibus
1231 2940 1418 2982 clauditur.
1446 2945 1544 2982 Item
1557 2944 1600 2980 de
1612 2954 1682 2980 tra-

998 3002 1050 3047 2(
1077 3010 1098 3034 2
1539 2999 1683 3036 beatio.
