2023 3162
278 131 322 161 30
675 110 1509 150 DESIGN1F10AT10NE

273 192 362 218 cero
371 191 439 231 pro
450 178 637 216 Triclinio
651 176 727 226 ipso
740 176 938 225 usurpavit:
960 173 1064 223 quod
1074 172 1162 210 feeit
1178 172 1214 209 δε
1225 171 1352 210 noster
1363 172 1519 210 Au&or.
1549 173 1793 212 Vocabulum
1812 173 1860 210 le-

273 235 545 286 gumlatoribus
556 235 713 281 antiquis
731 243 810 268 non
822 230 993 267 insolens.
1026 229 1148 266 Festus
1160 229 1322 265 nominis
1333 229 1518 277 originem
1536 229 1642 267 refert
1653 231 1809 268 breviter
1821 230 1859 266 ἅτ

274 295 368 329 clare
381 318 388 331 ‚
412 304 561 341 nempe,
571 285 747 323 conclavia
757 285 823 322 dici
836 315 845 331 ‚
857 298 925 336 quae
936 284 1036 321 unica
1045 281 1144 320 clave
1153 282 1377 320 clauduntur.
1409 283 1494 320 Nos
1515 285 1711 322 vernacule
1724 295 1860 337 apama-

273 357 391 384 menta
403 356 585 384 vocamus
601 373 611 387 ‚
632 342 835 380 constantia
855 353 900 377 ex
922 341 1086 378 triclinio
1096 340 1156 377 seu
1168 339 1250 384 sala,
1264 340 1300 375 ὃ(
1314 338 1580 376 adhaerentibus
1591 340 1786 378 cubiculis.

332 404 367 440 C
379 417 402 439 0
417 416 441 438 tsi
456 416 466 439 1
487 414 500 436 s
516 415 540 435 T
556 412 575 436 F.
591 413 611 434 R
627 412 636 434 1
652 410 676 434 v
690 410 729 434 Μ.
762 397 845 433 Lib.
856 409 891 434 v.
907 407 987 445 cap.
1004 408 1017 432 1
1032 409 1062 432 1.
1094 392 1166 431 Sub
1175 393 1296 431 dextro
1307 394 1472 431 coriceum
1483 420 1492 434 ‚
1515 392 1636 430 deinde
1646 397 1802 446 proxime
1811 409 1860 432 co-

275 457 466 507 misterium.
477 456 564 492 Bald
571 465 612 490 us
625 467 631 489 :
647 453 772 489 Locus
784 452 803 488 a
814 452 963 502 pulvere
978 452 1077 501 (qux
1089 451 1218 488 Gtaece
1239 446 1318 490 νενῖς
1329 451 1476 499 dicitur)
1490 449 1717 487 vocabulum
1728 451 1775 486 est
1785 451 1856 488 sor-

276 516 362 552 titus
377 543 385 556 ‚
404 514 453 549 ibi
464 512 565 547 enim
578 509 696 558 pulvis
709 507 961 545 adservabatur
972 536 982 552 ‚
1002 519 1081 556 quo
1093 507 1172 556 post
1187 507 1402 543 unCtionem
1423 505 1861 555 luctatur-iadspcrgcban-

277 580 349 611 tur,
361 579 398 604 ut
412 564 672 616 prehensiOnes
685 563 796 601 ess'ent
816 562 997 600 firmiores
1009 566 1045 600 ὃς
1058 575 1139 599 non
1151 562 1310 599 lubricat.
1325 560 1569 599 Refellendus
1583 563 1692 610 igitur
1702 560 1861 610 Siponti-

277 636 345 661 nu5
360 650 365 661 ,
382 625 418 659 ὃ(
431 621 452 658 fi
465 623 528 671 qui
537 623 594 658 alii
605 620 683 657 sunt
694 649 704 664 ,
726 618 843 668 qui‘de
855 618 1090 670 apodyterio,
1103 618 1179 655 hoc
1191 617 1239 655 cst
1252 647 1262 662 ‚
1282 618 1374 654 loco
1384 617 1427 654 ad
1438 617 1552 655 vestes
1565 615 1748 654 exuendas
1760 617 1864 654 inter-

278 687 475 730 pretantur.
505 675 652 727 Κονίςφοω
663 688 732 726 pro
754 675 953 714 conisterio
966 674 1056 711 dixit
1066 674 1218 712 Pollux:
1244 685 1317 723 qua
1327 685 1423 712 voce
1437 673 1518 710 usus
1530 673 1578 710 cst
1590 673 1710 710 Poeta
1720 672 1779 708 ille
1789 683 1863 709 non

278 735 493 772 nominatus
507 734 604 784 apud
614 731 778 769 Suidam.

616 784 923 838 Odoffi'oeffmvfffxq
938 785 977 826 εἷς
990 783 1020 822 τὲ
1037 781 1134 835 ῥίψοᾳ
1153 782 1214 826 τές
1233 782 1334 825 m'vgc.

279 846 425 897 Κονίςροι,
440 847 488 883 ait
501 844 599 882 idern
610 840 787 894 παλαιὶςροι
798 838 982 894 ἧκυλῖςφω.
1010 842 1171 880 Videtur
1185 854 1274 891 crgo
1287 852 1426 878 nomen
1438 841 1548 890 partis
1560 839 1730 877 universa:
1743 842 1793 877 rei
1805 841 1867 877 tti-

280 902 408 940 buiile.
438 901 536 939 Vide
554 901 768 937 Mercurial.
791 900 836 936 de
857 899 951 936 Arte
963 897 1194 947 gymnastico.
1214 897 1275 934 lib.
1292 909 1324 934 1.
1344 908 1425 948 cap.
1440 905 1472 934 8.
1487 897 1546 933 De
1567 907 1663 933 voce
1683 892 1765 935 κένις
1784 896 1868 933 vide

281 959 343 995 Cl.
355 957 501 994 Salmas.
515 958 551 992 in
563 956 679 992 Solin.
696 968 778 1004 pag.
796 968 810 991 1
822 967 911 997 229.

340 1014 447 1050 Con
461 1026 485 1047 T
502 1025 511 1047 1
527 1024 550 1047 e
564 1024 587 1046 N
600 1024 622 1047 A
636 1025 660 1045 T
676 1024 685 1046 1
700 1022 737 1047 o.
769 1009 851 1045 Lib.
878 1019 932 1045 iv.
953 1021 1032 1058 cap.
1056 1023 1090 1046 2.
1121 1014 1164 1044 In
1181 1005 1481 1061 contignationibus
1499 1008 1596 1059 tigna
1614 1000 1657 1044 d*
1670 1019 1751 1043 axes
1764 1035 1774 1050 ‚
1795 1005 1866 1050 &a

282 1067 438 1106 Baldus:
460 1067 709 1114 Contignatio
723 1064 742 1100 a
755 1065 982 1102 trabeatione
1002 1062 1132 1103 differt,
1154 1066 1206 1101 uti
1218 1067 1255 1101 ὃ(
1268 1065 1413 1113 tignum
1426 1063 1447 1099 a
1458 1063 1570 1101 trabe.
1584 1064 1754 1112 Tignum
1765 1061 1870 1111 {iqui-

282 1124 368 1160 dem
382 1124 420 1159 in
431 1122 493 1158 lib.
508 1134 528 1157 x
538 1133 550 1156 1
566 1133 579 1157 1
606 1120 743 1156 Tabul.
755 1132 872 1158 omne
893 1131 1010 1169 genus
1034 1121 1194 1157 materiae
1205 1145 1213 1157 ,
1236 1131 1279 1157 ex
1297 1130 1372 1168 qua
1394 1118 1547 1156 aedificia
1561 1118 1737 1156 constant.
1769 1119 1870 1154 Hinc

281 1176 734 1228 Ulpian.delign.vin&o
756 1178 779 1213 l.
796 1178 875 1213 1.&
889 1176 933 1212 ad
953 1175 1238 1225 exhib.li.tigni.
1270 1176 1315 1212 Et
1340 1175 1454 1221 Caius
1473 1174 1517 1210 de
1537 1175 1683 1211 verbor.
1698 1173 1816 1223 ligni
1831 1176 1869 1211 ὃς

281 1236 386 1284 tigni.
418 1233 571 1269 Pei-tica:
592 1244 746 1281 quoque
774 1231 840 1269 sub
857 1233 1013 1268 nomine
1024 1233 1115 1281 tigni
1127 1232 1302 1269 veniunt,
1324 1240 1363 1268 ut
1375 1229 1471 1280 apud
1481 1230 1600 1267 Graee.
1624 1227 1728 1276 ἴημα,
1739 1255 1747 1271 ,
1773 1229 1871 1266 unde

283 1287 462 1336 nwmfflo'm
476 1291 512 1326 δ(
525 1286 1212 1337 moengjmpaoe,contigno,contignatio.
1228 1286 1346 1324 Trabs
1358 1298 1448 1325 vero
1461 1297 1539 1322 non
1551 1285 1713 1334 quodvis
1726 1287 1870 1334 lignum

284 1345 440 1382 denotat
451 1373 461 1389 ‚
479 1343 537 1380 sed
551 1373 561 1387 ‚
581 1354 620 1381 ut
631 1344 728 1394 apud
741 1343 886 1382 Festum
897 1343 1019 1381 videre
1030 1343 1079 1380 est
1092 1372 1101 1388 ,
1125 1343 1202 1381 duo
1213 1343 1312 1391 ligna
1325 1341 1540 1392 commista:
1564 1343 1613 1378 ait
1622 1341 1721 1378 enim
1734 1353 1742 1376 ε
1766 1335 1873 1377 Vbiob

283 1399 430 1438 triclinii
440 1397 663 1436 latitudinem
676 1429 685 1445 ‚
696 1397 949 1450 crassttudmem
959 1396 1175 1450 neceffizriam
1185 1399 1221 1435 in
1233 1406 1304 1434 tota
1314 1395 1430 1435 arbore
1440 1410 1507 1433 non
1517 1397 1720 1436 inveniunt,
1734 1393 1799 1431 duo
1808 1396 1874 1432 mi-

284 1469 369 1494 nora
389 1454 484 1508 ligna
504 1452 634 1506 ferreis
651 1454 761 1492 clavis
779 1465 883 1507 atque
900 1450 1111 1506 infitiombm
1127 1453 1322 1505 firmissime
1347 1454 1576 1506 compingunt.
1610 1450 1873 1506 Qamobtem

285 1511 480 1549 Philander
491 1521 632 1561 partem
644 1511 746 1548 illam
756 1522 875 1549 totam
886 1523 965 1560 quae
976 1511 1078 1561 supra
1089 1511 1276 1548 columna:
1288 1510 1492 1560 capitulum
1503 1511 1724 1559 imponitur,
1735 1518 1874 1558 nempe

287 1567 509 1617 epistylium,
531 1567 748 1617 zophorum
768 1570 806 1604 δε
819 1578 1018 1612 coronam,
1038 1566 1142 1604 simul
1153 1567 1426 1603 trabeationem
1437 1565 1606 1615 appellat.
1640 1564 1874 1614 wangnale,

285 1634 325 1660 ut
336 1625 383 1660 ait
393 1622 550 1659 Budaeus
564 1648 572 1662 ‚
595 1631 737 1659 textura
747 1625 796 1659 eft
805 1619 944 1658 trabum
966 1636 1004 1659 ac
1014 1623 1200 1675 tignorum.
1230 1620 1537 1670 Frequentissime
1549 1629 1702 1658 utuntur
1719 1619 1796 1656 hoc
1808 1630 1876 1656 vo-

286 1679 423 1716 cabulo
435 1679 556 1715 Latini
568 1678 736 1716 austores
750 1708 759 1723 ‚
779 1678 824 1716 ad
836 1676 1114 1728 significandam
1133 1689 1272 1730 partem
1282 1678 1385 1714 illam
1395 1677 1536 1713 domus
1548 1705 1558 1720 ‚
1578 1687 1692 1725 quam
1703 1686 1771 1711 nos
1783 1673 1875 1711 sola-

285 1736 384 1771 rium
397 1763 405 1778 ,
418 1735 556 1772 Veneti
568 1735 790 1772 Germanica
798 1746 898 1773 voce
908 1735 1058 1772 Palcum
1072 1760 1080 1773 ‚
1097 1734 1217 1771 Graeci
1229 1730 1334 1779 ςεΤοις,
1350 1735 1385 1770 ὅ(
1401 1732 1498 1769 Galli
1509 1732 1661 1769 Graecos
1674 1731 1874 1773 imitantes,

286 1791 414 1841 effages
434 1789 571 1827 dieunt.
602 1791 716 1829 Vallae
736 1790 897 1828 hominis
909 1789 954 1826 de
974 1791 1173 1828 Latinitate
1191 1791 1336 1840 optime
1360 1790 1504 1833 metiti,
1525 1788 1601 1825 liaec
1617 1786 1699 1823 sunt
1716 1784 1823 1822 verba
1833 1785 1874 1820 in

287 1845 527 1881 Raudensetn
540 1874 550 1890 ,
576 1851 605 1880 C
603 1847 793 1898 mugnano
802 1844 932 1883 dicitur
945 1843 1112 1893 solarium
1123 1844 1240 1882 domus
1250 1872 1259 1885 ‚
1282 1843 1364 1895 five
1371 1843 1529 1894 stratum
1536 1842 1588 1892 fit
1598 1848 1748 1877 comente
1757 1837 1875 1874 lateri-

289 1897 502 1950 busve‚stve
511 1899 764 1949 nonstratum,
784 1899 898 1953 qualia
907 1892 1087 1952 ftrefimt
1102 1897 1416 1951 solariadomorum
1433 1896 1565 1951 Apullae
1577 1925 1587 1942 ‚
1607 1906 1709 1947 eoque
1717 1891 1808 1946 apud
1814 1893 1876 1930 Li-

289 1954 391 1990 vium
403 1953 565 1989 miraculo
575 1952 740 2002 refertur,
755 1953 877 1992 hovem
888 1957 926 1991 in
938 1956 1077 1991 tertiam
1089 1956 1377 2007 contignationem
1386 1946 1568 2003 ascendtffi.
1581 1951 1741 1990 Videtur
1751 1959 1875 1986 autem

292 2008 329 2046 &
340 2009 384 2046 ad
397 2008 492 2045 meta
504 2008 668 2044 extendi:
687 2010 738 2045 ita
750 2010 850 2045 enim
863 2010 952 2045 Plin.
965 2010 1027 2045 lib.
1043 2021 1055 2044 1
1066 2022 1099 2046 x.
1112 2020 1191 2057 cap.
1207 2019 1238 2048 3.
1270 2005 1429 2057 Gedrofhs
1443 2036 1452 2051 ‚
1476 2007 1536 2059 qui
1545 2018 1681 2042 amnem
1693 2002 1814 2041 Arbim
1824 2005 1876 2040 iiz-

290 2061 420 2106 colunt,
435 2061 630 2099 Alexandri
638 2065 768 2116 luigni
777 2062 927 2113 classium
934 2061 1088 2115 prasc’c‘li
1093 2060 1275 2113 prodidere
1285 2063 1321 2098 in
1330 2058 1477 2098 domibus
1491 2059 1587 2113 fores
1598 2060 1745 2097 maxillis
1755 2057 1878 2095 bellua-

290 2132 371 2155 rum
383 2115 522 2169 ficere,
542 2114 656 2166 oſs'iluos
667 2119 759 2155 tet-*ia
776 2119 983 2170 contignare.
1014 2118 1100 2155 Nec
1108 2119 1175 2155 alia
1186 2127 1310 2155 mente
1322 2119 1370 2154 ait
1388 2119 1508 2167 Papin.
1522 2118 1592 2153 inl.
1604 2116 1714 2152 Binas
1726 2116 1820 2164 quis.
1838 2112 1876 2152 ff.

294 2174 338 2211 de
350 2174 435 2211 serv.
447 2173 575 2211 urban.
586 2173 693 2224 praed.
724 2175 828 2209 Binas
837 2171 917 2209 aedes
929 2168 1067 2209 habebat
1078 2201 1087 2216 ,
1099 2186 1168 2209 una
1177 2174 1428 2224 contignatione
1436 2172 1558 2208 tems.
1593 2172 1686 2209 Haec
1697 2172 1769 2209 ille.
1791 2171 1877 2207 No-

293 2230 418 2266 strates
429 2228 609 2275 ejusmodi
622 2230 921 2277 contignationes
931 2228 1119 2278 appellant
1131 2223 1337 2276 ,ὧῦῐῦζεῐῐβ
1361 2240 1443 2277 quae
1452 2240 1528 2266 vox
1539 2227 1664 2266 alludit
1677 2226 1722 2263 ad
1732 2225 1877 2270 solaria,

294 2287 395 2332 tigna
406 2295 530 2322 autem
544 2281 702 2325 lffiibbm
711 2288 724 2329 s
738 2286 825 2333 quia
838 2282 992 2320 eandem
1011 2285 1192 2322 rationem
1211 2283 1347 2321 habent
1357 2284 1402 2320 ad
1421 2285 1539 2322 trabes
1551 2313 1561 2329 ‚
1582 2294 1696 2333 quam
1715 2282 1821 2319 eostae
1833 2280 1878 2318 ad

295 2339 437 2390 spinam
449 2339 557 2376 dorii:
570 2340 865 2391 superponuntur
878 2340 977 2376 enim
990 2337 1110 2389 spatiis
1121 2341 1243 2377 vacuis
1254 2340 1350 2376 inter
1362 2339 1494 2380 trabes,
1509 2350 1548 2377 ut
1559 2350 1654 2376 onus
1665 2349 1736 2374 una
1745 2336 1875 2374 ferant.

353 2395 387 2431 C
401 2406 425 2431 o
438 2406 461 2432 R
473 2406 484 2432 1
497 2406 522 2432 c
535 2407 587 2433 Ev
600 2407 641 2433 M.
674 2396 758 2433 Lib.
771 2408 807 2433 v.
827 2408 906 2445 cap.
923 2408 936 2431 1
952 2407 981 2431 1.
1012 2391 1083 2431 Sub
1099 2392 1220 2432 dextro
1243 2395 1306 2441 (de
1327 2396 1488 2445 partibus
1508 2395 1672 2446 palaesttae
1690 2392 1876 2441 loquitur)

296 2452 471 2487 comeum.
502 2449 632 2487 Baldus
654 2465 660 2486 :
678 2452 738 2487 De
748 2463 784 2487 re
796 2453 832 2488 ὃ(
844 2462 941 2488 voce
953 2450 1022 2487 hac
1035 2451 1133 2500 apud
1143 2452 1308 2488 literatos
1319 2452 1433 2500 longa
1444 2449 1673 2500 disceptatio.
1699 2449 1878 2484 Coriceum

296 2504 485 2543 habebant
496 2505 646 2553 quidam
659 2506 825 2543 codices:
836 2507 888 2552 (δε
900 2508 949 2543 ita
960 2507 996 2542 in
1007 2505 1426 2556 impressbArgentorati
1437 2507 1510 2542 An.
1520 2518 1532 2541 1
1546 2515 1613 2551 543
1624 2505 1751 2553 .)quos
1761 2503 1879 2540 redar-

299 2564 376 2609 guit
388 2560 630 2598 Philander&
643 2562 826 2597 emendat.
857 2560 964 2610 Legit
976 2560 1048 2611 ipsc
1072 2562 1243 2598 coricmm
1262 2562 1321 2598 vel
1339 2561 1469 2598 Graeca
1488 2561 1623 2598 servata
1641 2559 1876 2610 diphthongo

299 2618 487 2652 commum
498 2645 508 2659 ‚
520 2616 554 2652 ὃς·
566 2617 718 2663 intelligi
729 2617 808 2653 vult
816 2618 875 2654 vel
885 2617 929 2653 de
940 2618 1031 2653 loco
1043 2615 1105 2652 ubi
1119 2619 1244 2667 puellae
1255 2616 1518 2654 exercebantur
1531 2645 1540 2660 ‚
1561 2618 1619 2653 vel
1629 2616 1673 2653 de
1686 2614 1873 2652 tonstrina.

299 2673 360 2708 De
372 2672 524 2721 puellari
544 2671 733 2720 gymnasio
747 2671 952 2715 consentio,
963 2672 1008 2707 de
1019 2671 1194 2709 tonstrina
1204 2672 1301 2709 haud
1310 2683 1479 2723 peraeque
1492 2701 1501 2716 ,
1513 2672 1575 2709 etsi
1588 2683 1656 2708 nec
1668 2670 1805 2706 abnuo.
1837 2669 1876 2704 Si

301 2728 450 2774 ephebis
462 2729 660 2764 eratloeus
674 2756 684 2772 ‚
701 2739 813 2776 quare
824 2739 903 2764 non
915 2729 951 2764 &
967 2723 1089 2774 κέςριις
1104 2726 1176 2764 ssve
1186 2726 1318 2776 κόρρας,
1338 2728 1565 2778 Qanquam
1583 2739 1627 2763 nc
1645 2726 1730 2762 huic
1739 2724 1878 2760 senten-

301 2782 357 2818 tia*
371 2781 599 2828 acquiescam
613 2812 623 2826 ‚
643 2783 679 2820 id
691 2781 804 2820 efficit
816 2811 826 2827 ‚
844 2783 949 2831 quod
959 2795 1084 2832 neque
1101 2780 1167 2819 >ord
1176 2786 1231 2825 τῖς
1242 2781 1331 2835 κόρης
1342 2809 1351 2825 ,
1374 2783 1410 2820 id
1421 2783 1470 2820 est
1480 2811 1489 2826 ‚
1509 2782 1632 2832 puella
1645 2809 1654 2824 ‚
1675 2791 1799 2827 neque
1809 2774 1877 2821 >an

301 2837 356 2877 τῆς
376 2833 483 2881 κκρρίς
499 2865 507 2879 ,
526 2838 639 2877 idest,
663 2838 800 2875 caesarie
813 2866 823 2881 ‚
841 2837 1056 2882 tonsurave,
1078 2839 1179 2889 apud
1201 2840 1355 2877 Gra-cos
1375 2839 1543 2875 :tutiores
1562 2834 1719 2872 manasse
1730 2835 1878 2872 videam

302 2892 510 2932 corieeuni,
531 2904 648 2939 neque
662 2895 863 2931 curiceum.
877 2895 967 2930 Non
978 2895 1104 2931 leviter
1117 2906 1206 2943 ergo
1218 2894 1380 2942 ambigo,
1395 2896 1432 2930 ὅ(
1445 2892 1517 2939 legi
1527 2891 1653 2927 malim
1666 2891 1875 2937 corycium›

302 2945 361 2984 seu
374 2946 501 2984 Graecc
513 2945 679 2996 κωρύιωον,
690 2960 774 2996 quae
785 2961 863 2988 vox
875 2960 956 2987 tum
968 2949 1097 2992 multa,
1109 2957 1190 2986 tum
1203 2949 1375 2987 lusorium
1386 2947 1516 2984 follem
1527 2946 1687 2995 pilamve
1699 2945 1852 2983 denotat
1864 2956 1872 2980 :

1837 3013 1875 3036 in
