2023 3162
437 81 1071 122 nBARcutTECTvRA
1126 80 1412 123 Linvm.
1658 92 1769 124 161:⁴

133 164 196 205 per
213 151 252 189 id
269 161 386 201 genus
407 150 680 189 terrae&venas
694 175 702 190 ,
724 150 822 188 uude
844 152 914 196 [C]
935 150 1163 191 Sandaracha
1185 151 1347 197 foditur,
1368 164 1412 190 ea
1428 163 1522 202 aqua
1543 154 1734 192 manando

131 206 320 261 perficitur
343 219 476 246 amara.
508 206 599 244 Haec
612 217 735 244 autem
753 204 986 244 dissimilibus
1005 206 1193 257 saporibus
1214 207 1235 244 a
1256 218 1359 246 terrae
1380 210 1604 259 proprietate
1624 209 1732 260 perfi-

133 265 281 301 ciuntur
294 292 304 307 ‚
325 265 382 300 uti
404 264 517 301 ctiam
528 263 565 298 in
575 261 750 300 fructibus
760 261 914 300 videtur.
952 262 990 299 Si
1008 265 1111 313 enim
1127 263 1269 301 radices
1281 265 1458 302 arborum
1471 293 1480 308 ‚
1499 274 1560 301 aut
1579 266 1707 302 vitium
1718 294 1729 309 ,

133 329 197 356 aut
207 320 436 368 reliquorum
449 318 631 355 seminum
644 346 653 362 ,
666 330 746 355 non
758 330 802 355 ex
814 328 914 355 terrae
925 319 1213 368 proprietatibus
1222 320 1371 358 succum
1384 319 1569 370 capiendo
1580 320 1732 358 ederent

132 374 271 412 fruetus
283 400 291 413 ‚
314 386 393 412 uno
406 385 539 424 genere
555 373 668 411 essent
677 375 714 410 in
725 374 900 410 omnibus
912 374 1008 410 Iocis
1020 374 1056 411 &
1065 376 1281 425 regionibus
1293 377 1467 413 omnium
1477 375 1632 426 sapores.
1655 375 1729 413 Sed

134 429 481 474 animadvertimus,
493 429 593 478 apud
611 428 673 465 ins
668 429 766 466 ulam
780 431 873 475 [D]
894 428 1045 467 Lesbon
1054 432 1181 468 vinum
1192 441 1389 482 protyrum
1403 457 1410 471 ‚
1428 426 1509 480 [E]
1523 433 1727 470 Maeoniam
1746 447 1787 476 Al.
1798 456 1856 485 pro.

131 479 466 536 xoe‘Gamnprfrlw
477 511 485 525 ,
503 487 596 521 irem
608 483 763 532 Lydiam
783 486 854 530 [F]
865 485 1043 530 Meliten,
1054 486 1222 524 Siciliam
1235 489 1308 533 [G]
1322 488 1605 534 Mamertinum,
1617 490 1729 526 Cam-
1740 496 1834 527 tropon.

132 544 283 594 puniam
303 538 369 594 [H
375 547 387 589 j
403 541 618 580 Falernum,
638 541 677 576 in
689 540 939 577 Terracina&
951 540 1088 578 fundis
1108 543 1169 587 [I]
1185 543 1408 584 Caecubum,
1428 543 1612 594 reliquisq3
1634 545 1729 582 Iocis

132 599 299 648 pluribus
310 596 572 634 innumerabili
582 596 823 633 multitudine
836 608 972 645 genera
984 597 1058 634 vini
1070 598 1256 647 virtutesq3
1269 601 1468 648 procreari:
1482 611 1562 648 quae
1574 612 1653 637 non
1663 602 1729 639 ali-

133 664 191 692 ter
199 652 345 704 possunt
353 652 431 691 fieti
443 678 451 693 ,
473 650 538 689 nisi
554 663 645 689 cum
656 661 819 690 terrenus
830 651 969 690 humor
987 651 1055 689 suis
1065 655 1349 704 proprietatibus
1366 655 1540 706 saporum
1552 658 1588 694 in
1600 657 1733 694 radici-

1082 708 1118 745 X
1659 712 1729 751 bus

134 821 170 855 C]
202 819 286 848 Idem.
309 819 371 848 Dixi
380 817 452 858 supra
460 818 506 846 lib.
518 826 573 847 vtt-
584 826 640 856 cap.
654 828 680 851 7.
691 816 883 846 Sandaracham
891 816 1010 857 pluribus
1022 817 1088 846 Iocis
1099 813 1165 849 fodi,
1175 817 1217 846 sed
1225 819 1357 857 optimam
1366 821 1454 848 Ponto
1465 830 1546 859 prope
1557 821 1659 849 flumen
1669 821 1734 860 Hy-

169 862 260 900 panim
270 859 364 888 habere
374 859 521 895 metallum.

132 904 174 937 D]
205 902 289 929 Idem.
312 901 408 928 Vinum
419 909 576 938 protropon.
599 901 664 928 Sunt
675 900 756 928 etiam
766 900 836 928 MSti
854 899 970 928 Codices
981 899 1007 927 in
1018 897 1114 938 quibus·
1124 899 1160 926 ita
1171 898 1284 940 legatur.
1310 900 1408 928 namin
1420 900 1475 927 aliis
1489 909 1630 940 protytum
1641 900 1735 930 scribi-

172 951 215 970 tur
226 941 342 970 distione
353 951 385 969 ex
395 940 442 968 hac
452 938 550 968 familia
560 941 642 979 longe
653 941 822 969 amandanda.
843 941 922 969 Deest
933 950 998 968 vero
1009 940 1159 979 praepoiitio
1170 940 1248 979 apud,
1259 949 1303 968 aut
1311 941 1360 969 alia
1369 940 1562 975 hujuscemodi,
1572 943 1634 980 quia
1650 942 1735 981 sequi-

171 992 216 1011 tur
225 981 365 1021 procreari.
387 981 471 1019 Qod
481 989 570 1009 autern
581 982 613 1009 ad
625 991 772 1020 protropon
781 982 878 1019 spectat
890 1002 896 1013 .
913 980 1003 1010 scribit
1021 981 1078 1008 PIin
1089 980 1135 1008 lib.
1146 990 1205 1008 xiv.
1218 991 1274 1020 cap.
1284 992 1311 1013 9.
1330 986 1356 1009 &
1370 981 1464 1009 Pollux
1476 982 1522 1009 lib.
1535 992 1576 1010 vt.
1591 992 1647 1020 cap.
1660 993 1685 1009 2.
1696 985 1734 1011 ita

172 1023 406 1062 appellarivinum,
416 1022 489 1060 quod
498 1020 590 1060 sponte
603 1020 695 1052 effluit.
708 1031 851 1060 antequam
862 1022 997 1050 calcentur
1006 1031 1081 1049 uvae:
1100 1022 1127 1048 iu
1136 1031 1186 1060 qua
1198 1031 1224 1049 re
1234 1023 1317 1050 utitur
1329 1022 1395 1050 I’Iin.
1407 1022 1453 1049 lib.
1465 1032 1528 1050 xxx.
1540 1032 1596 1061 cap.
1611 1027 1635 1047 6-
1659 1025 1736 1050 Tor-

171 1065 258 1092 tivum
267 1063 338 1090 enim
348 1062 455 1094 dicitur,
465 1063 591 1090 torculari
602 1059 751 1101 expressum
764 1064 819 1101 post
831 1063 944 1101 primam
956 1059 1098 1101 pressuram
1110 1080 1118 1091 ,
1136 1063 1307 1091 vinaceorum
1317 1062 1477 1090 circumciso
1487 1063 1561 1101 pede.
1586 1063 1628 1090 Est
1640 1066 1663 1091 ἃ
1674 1064 1737 1091 lixi-

171 1113 236 1132 vum
246 1103 346 1133 viuum.
357 1102 436 1135 aliud,
449 1112 477 1131 ut
489 1103 601 1135 videtur,
615 1102 630 1131 a
641 1112 781 1142 protropo,
792 1104 863 1141 quod
874 1102 975 1131 scilicet
986 1102 1120 1131 distillavit
1132 1111 1274 1141 autequam
1286 1104 1400 1131 nimium
1411 1103 1669 1135 calcentunausiore
1678 1106 1737 1132 Co-

171 1143 276 1173 lumella
285 1143 331 1171 lib.
340 1153 394 1171 xtr.
407 1153 463 1181 cap.
477 1154 522 1177 27.
538 1149 580 1178 36.
591 1147 615 1171 &
628 1153 669 1177 41,
680 1146 750 1172 Nam
760 1144 949 1184 praeliganeum
962 1143 1065 1171 dictum
1075 1143 1254 1171 existimamus
1263 1142 1278 1172 d
1289 1145 1329 1171 M.
1341 1146 1448 1172 Catone
1461 1154 1517 1181 cap.
1531 1154 1552 1178 ς.
1563 1144 1595 1171 de
1606 1154 1634 1172 te
1644 1145 1734 1172 tristic.

171 1184 244 1224 quod
256 1184 407 1224 praelegitur
418 1185 444 1211 in
455 1183 528 1212 usum
536 1186 728 1222 operariorum.
746 1184 786 1212 Ad
797 1184 866 1212 hunc
875 1194 939 1212 vero
950 1184 1043 1211 locum
1054 1184 1138 1223 magis
1148 1185 1244 1211 attinet
1253 1184 1324 1223 quod
1335 1185 1416 1212 tradit
1427 1183 1570 1212 Atlienaeus
1580 1184 1626 1212 lib.
1639 1195 1659 1212 1.
1670 1186 1736 1223 My-

170 1226 301 1257 nlenaeos,
318 1227 411 1253 vInum
421 1225 492 1263 quod
501 1226 568 1263 apud
576 1235 621 1252 eos
632 1225 708 1252 dulce
720 1225 842 1258 nascitur,
854 1223 990 1262 eas-&spemn
997 1224 1126 1263 appellare
1137 1245 1144 1257 ,
1156 1224 1220 1251 alios
1232 1226 1313 1253 etiam
1325 1225 1469 1259 ωεέτξοπτν.
1491 1226 1534 1253 Est
1549 1233 1638 1253 autern
1647 1226 1737 1264 Myti-

172 1267 231 1295 lene
242 1265 304 1294 urbs
314 1266 392 1293 Lesbi
401 1265 487 1293 insulae
497 1267 524 1293 in
536 1267 621 1305 AEgeo
633 1266 707 1293 mari.
729 1268 762 1294 Et
775 1266 842 1293 Plin.
857 1266 903 1293 lib.
923 1276 982 1293 xiv.
1003 1275 1060 1303 cap.
1070 1275 1096 1298 7.
1115 1274 1264 1303 protropon
1278 1266 1406 1294 Cnidium
1416 1266 1485 1293 inter
1495 1264 1665 1293 transmarina
1674 1267 1736 1294 vina.

173 1305 301 1335 recenset.
322 1305 506 1334 Emendaudus
517 1307 623 1334 interim
633 1306 707 1335 locus
720 1307 814 1334 AEliani
826 1306 872 1334 lib.
886 1316 953 1335 xiii.
966 1306 991 1334 iu
1004 1315 1058 1344 quo
1067 1315 1118 1344 pro
1136 1304 1230 1340 meimet
1249 1305 1418 1335 scribendum
1438 1305 1603 1343 weda-gon&.
1628 1306 1735 1346 Loqui-

151 1349 153 1351 '
176 1357 220 1376 tur
231 1347 303 1375 enim
311 1346 343 1375 de
354 1346 451 1374 Lesbio
463 1347 535 1375 vino.

137 1392 174 1426 Ε]
202 1388 286 1415 Idem.
312 1388 433 1415 Pertinax
444 1386 567 1417 hocloco
576 1389 611 1417 est
623 1388 767 1417 concordia
775 1388 966 1427 exemplarium
978 1410 984 1421 ‚
1006 1386 1159 1417 mendosam
1168 1396 1258 1416 tamen
1276 1387 1447 1425 (Maloniam)
1463 1383 1514 1416 effe
1522 1387 1667 1417 lectionem
1679 1398 1735 1418 nort

174 1428 280 1457 dubito.
298 1429 529 1457 Catacaumenites
541 1439 692 1458 memorato
701 1440 758 1468 cap.
770 1440 825 1457 vir.
837 1430 914 1457 Plinii
925 1450 931 1460 ,
941 1430 998 1457 vini
1007 1439 1091 1469 genus
1104 1430 1149 1459 est,
1160 1428 1175 1457 a
1188 1431 1420 1458 Catacecaumcne
1431 1430 1542 1469 regione
1553 1430 1623 1457 circa
1635 1429 1734 1457 Laodi—

175 1478 258 1501 ceam,
270 1468 302 1497 de
312 1478 363 1507 qua
372 1467 592 1499 Strabolib.x1v.
606 1473 698 1499 Graece
707 1492 714 1502 ‚
735 1470 777 1498 sed
794 1471 820 1498 in
831 1469 897 1498 hanc
907 1472 1080 1497 sententiam:
1102 1472 1159 1497 Posi
1168 1469 1216 1497 hac
1225 1490 1232 1503 ,
1255 1470 1343 1508 inquit
1355 1491 1361 1502 ,
1374 1472 1440 1507 regio
1450 1479 1501 1508 qua
1511 1473 1733 1499 Catacecaumene

174 1510 278 1542 dicitur,
292 1517 485 1548 quingentorum
485 1510 628 1546 stadiorum
637 1511 830 1548 longitudinem,
843 1510 1008 1539 latitudinem
1016 1510 1271 1549 quadringentorum.
1283 1509 1342 1547 sive
1351 1519 1381 1539 ea
1392 1510 1477 1548 Myfia
1485 1529 1492 1538 ,
1504 1508 1529 1547 fi
1530 1520 1562 1537 ve
1571 1512 1676 1537 Maonia
1686 1521 1734 1538 no.

176 1550 300 1578 minanda
305 1548 352 1587 sit,
360 1560 421 1577 nam
429 1558 535 1590 utroque
542 1554 639 1580 nomine
649 1552 750 1583 dicitur,
763 1561 794 1579 ea
803 1559 858 1579 tota
866 1550 996 1579 arboribm
1004 1558 1074 1579 caret
1085 1571 1091 1581 ‚
1099 1557 1188 1588 prater
1196 1552 1294 1584 vitem,
1306 1561 1357 1589 qua
1366 1555 1605 1578 Catacecaumenon
1619 1550 1675 1587 fert
1687 1552 1731 1578 vi-

175 1601 248 1621 num,
260 1590 327 1629 quod
335 1591 398 1617 nuHi
405 1590 532 1627 elegantia
540 1592 612 1620 cedit.
622 1597 729 1620 Summa
739 1600 884 1629 camporum
889 1591 971 1628 facies
981 1592 1139 1619 cinerulenta
1148 1592 1194 1624 eff,
1204 1598 1328 1618 montana
1338 1611 1344 1623 ,
1354 1591 1451 1628 petrosa
1461 1589 1494 1624 ό·
1504 1592 1588 1626 nigra,
1601 1598 1730 1629 tanquam

176 1642 208 1660 ex
216 1631 344 1667 adustione
355 1631 478 1669 quadam.
501 1633 615 1670 Qidam
625 1634 729 1661 credunt
738 1643 769 1661 ex
779 1633 863 1660 crebro
876 1632 1020 1669 fulminum
1032 1632 1066 1666 &a
1075 1630 1215 1668 fulgurum
1225 1632 1275 1658 mu
1285 1634 1452 1668 contingere).
1479 1635 1572 1658 Verum
1580 1631 1729 1666 censendum

171 1674 256 1710 patim
262 1678 362 1709 propter
370 1672 656 1709 ignemsubterraneum
667 1695 673 1706 ,
694 1674 765 1709 cnjus
774 1682 842 1701 ortus
854 1672 1006 1710 defecerunt.
1026 1673 1065 1700 Ex
1073 1671 1111 1699 his
1120 1671 1257 1699 Strabonis
1267 1671 1353 1700 verbis
1369 1693 1375 1705 ‚
1391 1680 1470 1710 atque
1481 1670 1546 1698 item
1555 1669 1608 1699 fine
1618 1672 1665 1699 lib.
1673 1681 1729 1699 xit.

175 1712 231 1743 ubi,
246 1710 299 1742 a&
310 1712 331 1739 τε
341 1712 548 1749 ψ’)ρικεκοωῶρης
557 1714 667 1753 loquens
677 1736 684 1746 ,
698 1714 796 1752 inquit.
809 1712 873 1741 Mai
883 1712 990 1743 Muciam,
1003 1713 1024 1739 oi
1034 1712 1046 1749 5
1058 1710 1178 1739 Μαιωίοω
1186 1710 1270 1747 φρεσὶν,
1285 1710 1362 1740 facile
1372 1712 1408 1739 est
1419 1711 1558 1739 emendare
1568 1712 1730 1740 Vitruvium.

174 1754 267 1790 Itaque
279 1762 328 1790 pro
337 1752 483 1782 Maloriiam
494 1754 659 1782 scribendum
668 1755 823 1781 Maeoniam.
845 1756 911 1782 Sunt
924 1757 949 1781 Sc
966 1752 1037 1792 apud
1046 1751 1210 1791 Stephanum
1222 1751 1268 1779 lib.
1277 1752 1309 1781 de
1322 1752 1437 1782 Vrbibus
1446 1752 1478 1780 de
1488 1751 1535 1779 hac
1544 1753 1655 1790 regione
1664 1762 1733 1780 non—

174 1793 254 1820 nulla.
278 1795 319 1820 De
331 1793 393 1821 vino
403 1793 455 1823 hoc
465 1796 592 1834 loquutus
603 1795 638 1823 est
652 1794 855 1834 Virgil.lib.1v.
867 1795 997 1833 Georgic.

549 1840 619 1873 Cape
639 1838 737 1862 Maeni:
754 1833 882 1872 carchesia
899 1834 1003 1862 Bacchi.

134 1881 174 1915 F]
202 1879 286 1908 Idem.
309 1882 350 1908 De
359 1890 392 1908 eo
402 1880 474 1908 vino.
484 1880 545 1912 five,
556 1882 619 1908 utin
630 1880 760 1918 aliquibus
769 1880 839 1908 libris
851 1880 950 1919 legitur
960 1900 967 1912 ‚
978 1880 1068 1908 Melito
1076 1902 1083 1913 ‚
1100 1882 1174 1918 (nam
1183 1879 1244 1908 alias
1254 1879 1353 1919 legitur
1364 1877 1495 1914 Mileton)
1510 1886 1644 1916 nunquam
1655 1878 1735 1916 quic-

174 1930 253 1960 quam
263 1920 278 1949 a
291 1930 332 1948 me
341 1921 441 1950 lectum
452 1922 495 1949 est.
518 1921 645 1949 Miletum
655 1921 763 1959 quidem
774 1921 875 1948 constat
886 1919 980 1948 urbem
990 1916 1042 1948 effe
1053 1923 1135 1949 Ioniae
1144 1942 1150 1951 ,
1171 1930 1229 1959 quae
1248 1920 1367 1958 proxima
1385 1920 1420 1947 cst
1431 1919 1533 1958 Lydiae.
1556 1919 1732 1949 Subdubitavi

176 1971 241 1989 num
252 1956 336 1998 posset
349 1961 391 1989 hic
403 1962 543 1990 mendosus
554 1959 605 1989 effe
617 1962 732 1993 lecim&
744 1971 793 1998 pro
803 1961 919 1988 Meliton
931 1961 1071 1988 Tmolium
1084 1962 1169 2001 magis
1179 1960 1332 1998 quadraret,
1344 1968 1388 1988 aut
1398 1969 1426 1988 ut
1438 1961 1710 1988 Catacecaumeniten
1722 1979 1732 1991 ‚

176 2002 214 2029 ita
225 2001 367 2030 Tmoliten
375 1998 482 2030 dixisset
491 2024 498 2035 ‚
513 2002 636 2041 usurpato
647 2002 728 2030 etiam
746 2000 878 2029 vocabulo
894 1999 908 2028 a
918 2000 1011 2028 Galen.
1025 2001 1073 2029 Iib.
1083 2011 1104 2029 r.
1123 2001 1244 2029 Antidot.
1256 2004 1281 2028 ἃ
1291 2000 1362 2028 alibi.
1383 2000 1514 2028 Tmolum
1524 2001 1595 2028 enim
1605 2010 1730 2029 montem

174 2042 266 2080 Lydiae
277 2043 368 2071 auctor
376 2044 411 2071 est
421 2043 487 2071 Plin.
496 2043 542 2071 lib.
555 2054 579 2071 v.
590 2053 646 2081 cap.
660 2053 705 2075 29.
716 2042 815 2070 vitibus
824 2037 900 2070 fuisse
911 2041 1054 2069 consitum.
1077 2044 1111 2071 Et
1124 2042 1169 2070 lib.
1180 2052 1238 2070 xiv.
1251 2051 1307 2080 cap.
1318 2053 1346 2076 7.
1359 2042 1462 2070 Tmolii
1472 2041 1526 2070 vini
1536 2042 1660 2068 meminit
1670 2061 1677 2074 ,
1689 2040 1730 2069 uti

179 2080 330 2110 Dioscorid.
342 2082 387 2110 lib.
398 2094 422 2111 v.
445 2085 522 2122 Qu
533 2088 557 2113 &
570 2084 664 2112 Galen.
676 2082 722 2111 lib.
736 2081 924 2110 x11.Method.
936 2081 1155 2123 duoejusgenera
1166 2082 1265 2121 prodit.
1686 2095 1694 2099 -

139 2124 179 2158 G]
206 2122 323 2151 Philand.
343 2123 508 2157 Mamertini,
519 2125 592 2152 natio
603 2124 767 2163 Campaniae,
778 2133 871 2152 autore
882 2122 968 2151 Strab.
978 2123 1067 2151 lib.v1.
1078 2125 1103 2151 in
1117 2123 1211 2151 urbem
1220 2122 1316 2150 Siciliae
1327 2118 1473 2150 Messanam
1482 2119 1643 2148 habitatores
1655 2120 1734 2149 indu-

171 2171 438 2201 xerunt.tantumque
448 2165 473 2191 in
485 2162 610 2193 Meffanis
622 2165 833 2197 invaluerunt‚ut
843 2164 870 2191 in
879 2162 996 2201 ipsorum
1007 2174 1087 2192 manu
1096 2162 1403 2200 consisteret,potiusque
1415 2162 1592 2188 Mamertinos
1603 2169 1733 2189 vocarent

172 2213 266 2231 omues
276 2212 355 2241 quam
366 2201 516 2233 Meis-mos:
535 2214 649 2244 cumque
659 2199 830 2233 feracissimus
841 2203 895 2232 vini
906 2213 968 2241 ager
979 2201 1044 2231 esset
1057 2225 1065 2236 ,
1086 2205 1179 2231 vinum
1190 2202 1297 2240 quidem
1308 2201 1391 2239 ipsum
1404 2211 1457 2228 non
1469 2198 1619 2230 Meffanum
1630 2222 1636 2232 ‚
1655 2200 1695 2229 scd
1706 2205 1733 2230 <Sc

169 2244 373 2273 Mamerstinum
392 2254 584 2283 nuncuparent,
606 2245 678 2284 quod
689 2254 783 2282 contra
794 2244 886 2272 Italica
896 2243 986 2271 omnia
998 2248 1022 2273 ὃς
1034 2243 1143 2283 quidem
1155 2239 1364 2281 praestantiffima
1375 2249 1497 2270 certaret.
1518 2242 1645 2271 Meminit
1663 2241 1731 2270 PIin.

173 2284 220 2313 Iib.
230 2295 288 2314 xiv.
300 2294 358 2323 cap.
372 2290 400 2312 6.
409 2289 433 2313 st
445 2286 575 2313 Martialis
584 2285 630 2325 lib.
643 2281 711 2313 xiii.
723 2286 859 2323 Epigram.

486 2326 622 2364 Amphora
633 2326 747 2361 Nestoria
757 2324 804 2352 ubi
814 2326 977 2353 Mamertina
988 2323 1091 2360 fimebla

544 2368 571 2394 Si
581 2366 668 2396 detur,
687 2365 796 2404 quodvis
806 2375 895 2393 nomen
906 2365 1001 2393 habere
1007 2365 1094 2402 potest.
1512 2385 1513 2388 ,

139 2409 180 2443 H]
201 2407 285 2436 Idem.
310 2407 433 2436 Falernus
445 2417 507 2448 ager
517 2407 543 2434 in
555 2407 702 2444 Campania
711 2406 755 2433 est.
778 2406 876 2445 Incipit
886 2415 975 2433 autem
986 2405 1001 2433 a
1015 2415 1097 2443 ponte
1108 2405 1261 2445 Campaniae
1271 2406 1335 2435 larva
1346 2406 1497 2445 petentibus
1508 2406 1642 2435 coloniam
1654 2406 1735 2435 urba-

173 2458 234 2476 nam
244 2449 388 2487 Syllanam.
412 2450 476 2476 Inde
490 2449 591 2479 vinum,
609 2448 651 2475 cui
664 2445 775 2474 secunda
785 2446 909 2474 nobilitas
922 2446 1035 2474 dabatur
1044 2468 1050 2480 ,
1069 2456 1097 2475 ut
1109 2448 1187 2476 tradit
1198 2448 1265 2475 Plin.
1276 2448 1348 2475 ditio
1357 2457 1413 2485 cap.
1424 2458 1464 2476 vr.
1488 2447 1573 2484 Qod
1585 2456 1675 2475 tamen
1687 2457 1738 2476 nec

173 2489 201 2517 in
213 2491 333 2517 novitate
343 2511 351 2523 ,
369 2490 454 2518 necin
467 2489 548 2517 nimia
558 2488 684 2516 vetustate
695 2488 803 2526 corpori
813 2486 922 2516 salubre·
944 2486 1035 2515 Media
1046 2498 1111 2517 vero
1121 2497 1184 2518 aetas
1200 2488 1215 2517 a
1228 2488 1433 2528 quintodecimo
1443 2498 1514 2517 anno
1525 2488 1629 2526 incipit,
1641 2488 1737 2517 eodem

176 2539 280 2558 autore.

139 2572 166 2605 1]
201 2571 285 2599 Idem.
307 2570 458 2599 Vitruvium
468 2579 573 2609 apparet
586 2568 697 2598 Caecubi
710 2569 764 2596 vini
775 2568 884 2597 nomine
895 2564 1043 2607 appellasse,
1056 2568 1128 2607 quod
1138 2569 1165 2596 in
1178 2571 1323 2599 Terracina
1333 2570 1491 2599 Volscorum
1502 2569 1567 2597 olim
1577 2568 1737 2606 Metropoli,

173 2614 199 2640 δέ
211 2611 307 2639 Fundis
319 2612 472 2650 Campaniae
484 2612 548 2639 urbe
560 2632 566 2641 ,
578 2611 602 2638 id
613 2611 658 2640 est.
670 2619 759 2638 earum
770 2610 840 2650 agris
851 2630 858 2642 ,
877 2609 1042 2642 nasceretur,
1062 2619 1125 2637 cum
1136 2619 1225 2638 tamen
1237 2621 1331 2640 eorum
1343 2620 1486 2648 utrumque
1498 2610 1630 2648 propriam
1642 2609 1737 2638 habeat

174 2652 389 2690 appellationem,
399 2652 483 2690 (itque
494 2651 625 2679 Caecubus
635 2661 708 2690 ager.
721 2650 790 2678 unde
803 2651 951 2679 Caecubum
962 2651 1055 2678 vinum
1066 2671 1073 2681 ‚
1087 2649 1152 2678 sicut
1161 2650 1175 2678 ,ἱ
1190 2651 1287 2679 Fundis
1300 2653 1454 2679 Fundanum
1465 2650 1618 2688 appelletur.
1641 2650 1736 2678 Strabo

174 2692 222 2720 lib.
234 2703 257 2721 v.
270 2692 418 2721 Caecubum
431 2693 547 2730 quidem,
560 2692 623 2720 licet
634 2691 771 2730 paludibus
784 2690 902 2726 adjaceat
914 2712 920 2723 ,
941 2692 1030 2719 vineta
1039 2699 1127 2718 tamen
1141 2692 1196 2718 vini
1206 2689 1363 2720 feracissima
1374 2691 1510 2730 praecipuis
1520 2691 1621 2718 enutrit
1631 2691 1737 2718 arbori—

176 2731 234 2761 bus.
257 2735 290 2762 Et
301 2733 357 2772 post
369 2733 465 2761 eodem
484 2732 529 2760 lib.
541 2733 614 2760 Sinni
626 2742 690 2759 vero
699 2732 829 2766 Caietano
840 2732 1004 2772 contiguum
1014 2734 1039 2759 ὃς
1052 2730 1210 2763 Caecubum,
1221 2733 1263 2759 cui
1274 2733 1374 2767 adjacet
1384 2731 1445 2759 urbs
1457 2731 1540 2759 Fundi
1552 2731 1577 2758 in
1589 2731 1673 2769 Appia
1685 2733 1735 2760 via.

178 2773 253 2802 Tota
262 2773 317 2802 haec
331 2784 377 2801 ora
390 2775 519 2812 praecipua
531 2773 596 2801 adeo
605 2774 664 2800 vina
674 2781 799 2812 generat:
819 2782 911 2799 vetum
923 2771 1072 2800 Caecubum
1083 2775 1106 2799 &
1118 2772 1272 2800 Fundanum
1284 2776 1307 2801 δι
1320 2772 1450 2803 Setinum,
1464 2772 1538 2799 sicuti
1550 2771 1700 2804 Falernum,
1712 2777 1739 2801 8(

180 2814 313 2843 Albanum
323 2818 347 2842 ὅ(
359 2816 535 2854 Stagnanum,
547 2814 615 2841 inter
627 2813 724 2840 nobilia
736 2821 916 2841 numerantur.
927 2814 959 2840 Et
972 2811 1101 2840 Martialis
1111 2812 1157 2839 lib.
1168 2822 1235 2839 xiir.
1258 2813 1409 2840 Fundani&
1424 2812 1533 2840 Caecubi
1543 2812 1650 2840 diversis
1662 2814 1741 2842 versi-

179 2852 228 2881 bus
240 2855 371 2883 meminit.
392 2857 434 2883 De
444 2854 564 2883 Caecubo
574 2855 633 2891 lege
644 2854 710 2881 Pliu.
722 2853 766 2880 lib.
779 2863 837 2880 xxv.
848 2862 906 2891 cap.
917 2863 958 2881 vr.
981 2852 1049 2880 Illud
1060 2862 1124 2880 vero
1135 2853 1279 2881 tacendum
1289 2863 1343 2880 non
1355 2854 1399 2886 est,
1410 2854 1502 2880 Galeni
1515 2862 1637 2890 tempore
1648 2863 1741 2882 verum

180 2895 326 2923 Caecubum
335 2891 495 2924 intercidisse
507 2916 514 2926 .
534 2887 723 2932 Romanosque
734 2903 791 2921 tum
804 2894 933 2932 temporis
945 2892 1093 2922 Caecubum
1105 2893 1206 2925 vinum,
1217 2904 1270 2921 uon
1283 2892 1297 2921 a
1309 2894 1373 2922 loco
1386 2915 1393 2926 ‚
1409 2893 1450 2921 sed
1461 2893 1493 2921 ab
1503 2903 1581 2921 aetate
1593 2891 1741 2931 appell-affe,

181 2943 230 2961 ceu
241 2934 255 2962 a
265 2936 386 2963 cubando
397 2958 403 2967 ‚
423 2937 524 2972 adjesta
534 2936 662 2963 intensiva
673 2934 800 2974 particula
812 2943 859 2963 cae.
882 2934 910 2963 Id
921 2933 994 2974 quod
1008 2944 1063 2962 non
1073 2932 1185 2963 obscure
1196 2935 1388 2974 conjitipotest
1397 2944 1428 2964 ex
1439 2934 1485 2963 lib.
1499 2944 1553 2963 xxi.
1578 2935 1705 2964 Methodi
1715 2937 1741 2961 ὃς

183 2974 229 3004 lib.
240 2975 272 3004 de
282 2976 422 3016 eucliymia
433 2981 457 3007 St
469 2975 652 3017 cacocliymia.

1611 3017 1646 3051 K]
1659 3013 1742 3042 Idem.
