2023 3162
294 127 338 152 12
420 110 607 149 Lroms
635 105 889 146 BAPTISTAE
918 114 978 143 υε
1006 104 1249 143 Arm-:nris
1277 113 1337 141 DE
1372 101 1596 144 Pie-rvRA
1635 104 1732 145 L113.
1764 107 1790 145 1.

289 190 403 229 quam
415 190 484 216 nos
497 174 827 227 compositionem,
838 171 902 210 suo
914 173 1020 217 loco,
1035 171 1325 210 nominabimus.
1350 171 1394 208 Et
1405 170 1611 216 hujusmodi
1623 175 1682 214 est,
1697 185 1737 212 ut
1745 187 1871 213 verear

287 247 334 272 ne
345 236 395 271 ob
407 235 562 271 materia:
580 233 784 268 novitatem
798 258 807 272 ‚
832 228 884 265 ob
896 228 1065 277 hancque
1087 226 1372 264 commentandi
1384 226 1601 265 brevitatem
1615 254 1623 267 ‚
1648 241 1779 280 parum
1791 231 1810 267 ξι
1822 232 1871 268 le-

287 289 728 340 gentibusintelligantur.
759 286 859 321 Nam
873 313 883 328 ,
908 294 1001 320 utex
1014 285 1188 333 operibus
1209 282 1331 333 priscis
1343 281 1694 332 fitcileintelligimus
1709 314 1720 330 ‚
1740 287 1870 325 eadem

289 344 448 383 fortassis
466 344 560 394 apud
580 344 734 387 majores
744 340 904 379 nostros,
918 339 1024 388 quod
1035 338 1118 376 esset
1129 336 1298 381 obscura,
1311 340 1348 374 ὃ(
1359 336 1590 383 difficillima,
1605 340 1871 379 admodumin-

291 403 444 451 cognita
456 398 649 437 latuit.Vix
661 398 762 433 enim
776 396 889 432 ullam
902 397 1141 443 antiquorum
1155 393 1340 438 historiam
1353 403 1434 443 apte
1445 394 1707 443 compositam,
1722 408 1805 446 neq;
1819 400 1872 447 pi-

289 458 526 503 &amneque
536 453 797 500 fistammeque
812 450 990 501 sculptam
1001 450 1260 501 rcperiesQa
1270 448 1315 485 de
1325 461 1362 485 re
1374 449 1452 486 haec
1464 447 1483 484 a
1495 462 1555 486 me
1568 450 1660 488 dieta
1671 451 1749 488 sunt
1759 453 1873 489 brevi-

291 523 357 554 ter,
372 512 419 550 «Sc,
434 520 473 547 ut
486 509 668 553 existimo,
679 519 759 544 non
773 508 935 543 omnino
947 505 1113 543 obscure.
1133 504 1204 541 Sed
1215 504 1382 552 intelligo
1400 505 1520 552 qualia
1531 504 1608 543 sint:
1622 517 1662 543 ut
1673 518 1760 543 cum
1770 509 1807 544 in
1819 508 1873 545 his

291 569 430 604 nullam
447 565 671 614 eloquentia:
683 562 834 600 laudem
845 560 989 612 adipisci
999 572 1134 610 queam
1146 588 1156 604 ‚
1178 571 1267 596 cum
1279 560 1408 597 eadem
1421 561 1484 608 qui
1495 563 1616 610 primo
1636 562 1780 612 aspectu
1793 575 1874 601 non

291 621 630 673 comprehenderit,
641 621 699 655 vix
711 619 789 655 ullo
803 630 964 666 unquam
978 618 1035 655 vel
1046 617 1187 666 ingenti
1196 614 1321 653 labore
1333 615 1593 665 apprehendat.
1623 617 1872 655 Subtilissimis

289 689 415 715 autem
427 677 464 713 δε
474 677 518 713 ad
529 676 708 726 pitius-am
717 675 812 711 bene
822 675 948 724 pronis
957 673 1112 721 ingeniis
1125 671 1211 709 haee,
1219 672 1500 720 quoquomodo
1510 671 1686 711 dieantur,
1699 673 1873 711 facillima

289 732 372 770 sane
393 735 429 770 ὅ(
447 732 693 783 pulcherrima
702 728 800 767 sunt:
819 741 900 778 quae
914 728 1065 778 quidem
1076 727 1224 764 rudibus
1234 756 1244 770 ‚
1266 729 1303 764 δε
1316 728 1336 762 a
1349 737 1475 765 natura
1495 739 1623 777 parum
1633 729 1680 765 ad
1691 729 1754 766 has
1768 729 1876 766 nobi-

287 788 438 826 lissimas
459 798 550 825 artes
570 787 695 838 pronis
708 812 716 825 ,
737 787 851 823 etiam
871 783 896 820 si
915 785 961 820 ab
973 782 1279 833 eloquentissimis
1297 783 1467 819 dieantur
1479 812 1488 827 ‚
1509 783 1715 821 admodum
1734 786 1874 833 ingrata

287 845 379 881 sunt.
412 845 450 881 A
471 843 579 880 nobis
591 853 680 880 vero
693 841 822 877 eadem
836 869 845 883 ‚
864 840 970 889 quod
988 839 1061 877 sine
1081 840 1152 882 ulla
1172 839 1384 886 eloquentia
1401 837 1608 876 brevissime
1627 841 1776 877 recitata
1793 839 1871 881 sint,

288 898 446 937 fortassis
458 911 533 936 non
546 898 618 935 sine
627 897 772 934 fastidio
785 897 962 945 leguntur.
993 895 1064 932 Sed
1074 895 1187 932 velim
1198 893 1306 929 nobis
1325 894 1413 931 dent
1425 895 1570 931 veniam
1582 923 1592 938 ‚
1612 893 1639 930 fi
1652 895 1744 932 dum
1755 897 1793 933 in
1804 898 1875 947 pri-

288 957 361 993 mis
373 956 477 994 volui
486 955 650 1002 intelligi.
665 952 702 989 id
713 950 903 1001 prospexi,
917 960 957 986 ut
970 950 1067 987 clara
1078 948 1162 985 esset
1171 948 1291 985 nostra
1302 951 1423 986 oratio
1435 978 1445 993 ‚
1468 952 1584 999 magis
1597 962 1708 998 quam
1720 962 1875 1001 compta

289 1014 328 1049 ὅ(
341 1022 480 1048 ornata.
495 1012 591 1060 Qa:
603 1020 692 1045 vero
703 1007 910 1055 sequentur,
923 1007 1058 1048 minus,
1070 1015 1110 1041 ut
1121 1003 1238 1053 spero,
1254 1003 1405 1040 taedium
1416 1006 1619 1054 legentibus
1632 1004 1794 1044 afferent.
1807 1008 1876 1044 Di-

290 1069 415 1104 ximus
426 1078 515 1115 crgo
537 1065 581 1101 de
592 1063 778 1111 triangulis
789 1089 797 1101 ‚
822 1060 867 1097 de
877 1060 1064 1112 pyramide
1077 1085 1085 1098 ,
1107 1058 1152 1095 de
1162 1058 1397 1096 intercisione
1410 1089 1419 1103 ‚
1436 1072 1515 1108 quae
1527 1060 1681 1098 dicenda
1702 1063 1876 1100 videban-

291 1132 350 1159 tur
362 1150 371 1165 ,
391 1133 480 1169 quas
491 1132 544 1157 res
555 1130 678 1157 tamen
691 1117 866 1154 consuevi
877 1116 973 1166 apud
985 1115 1179 1152 familiares
1190 1115 1384 1164 prolixius,
1406 1115 1570 1164 quadam
1581 1121 1810 1166 geometrica
1820 1130 1876 1155 ra-

291 1179 394 1214 tione
407 1206 416 1221 ‚
437 1189 501 1215 cur
513 1186 555 1213 ea
567 1177 615 1212 ita
627 1173 736 1211 essent
748 1202 756 1217 ‚
778 1172 1042 1209 demonstrare,
1056 1170 1159 1220 quod
1170 1170 1223 1207 his
1238 1172 1518 1208 commentariis
1530 1197 1538 1211 ,
1563 1172 1744 1211 brevitatis
1757 1175 1875 1220 causti,

291 1230 644 1286 praetermittendum
654 1228 789 1266 censui.
824 1228 898 1265 Hie
910 1228 1010 1265 enim
1024 1226 1099 1264 sola
1110 1227 1226 1277 prima
1238 1255 1247 1270 ‚
1259 1226 1408 1276 pisturae
1420 1228 1514 1266 attis,
1528 1228 1739 1266 rudimenta
1748 1242 1875 1267 recen-

291 1289 357 1326 sui.
387 1290 512 1337 anue
522 1288 666 1324 idcirco
676 1284 885 1322 rudimenta
903 1284 1109 1334 nuncupari
1130 1282 1323 1322 vobmus‚
1347 1281 1450 1331 quod
1466 1283 1658 1320 ineruditis
1675 1285 1875 1334 pictoribus

291 1346 412 1395 prima
429 1345 512 1381 artis
522 1341 764 1380 fundamenta
785 1341 945 1385 jecerint.
976 1339 1050 1377 Sed
1067 1337 1278 1385 hujusmodi
1296 1336 1374 1374 sunt
1386 1364 1394 1376 ,
1418 1339 1531 1387 utqui
1553 1340 1684 1377 eadem
1695 1342 1812 1392 probe
1823 1351 1878 1379 te-

293 1402 427 1443 nuerit,
438 1401 466 1435 is
478 1410 567 1436 cum
579 1397 623 1435 ad
633 1397 824 1446 ingenium
835 1425 845 1440 ,
867 1405 947 1433 tum
959 1395 1004 1432 ad
1018 1393 1318 1444 cognoscendam
1330 1394 1477 1444 pictum:
1488 1393 1751 1434 diffinitionem
1764 1423 1772 1436 ,
1796 1407 1876 1434 tum

295 1457 408 1494 etiam
421 1455 466 1491 ad
478 1465 520 1491 ea
531 1479 539 1493 ‚
554 1454 599 1490 de
611 1453 742 1502 quibus
754 1452 882 1489 dietari
892 1450 1029 1494 sumuS,
1043 1462 1120 1487 non
1132 1451 1327 1486 minimum
1338 1447 1508 1499 profuisse
1517 1451 1709 1500 intelligat.
1741 1453 1878 1502 Neque

295 1512 338 1550 sit
349 1513 411 1561 qui
430 1510 594 1551 dubitet,
606 1508 770 1546 futurum
781 1508 962 1558 pistorem
983 1517 1176 1555 nunquam
1192 1505 1336 1545 bonum
1356 1516 1461 1545 eum,
1482 1507 1571 1554 qui,
1593 1520 1672 1556 quae
1683 1508 1876 1558 pingendo

294 1577 465 1611 conetur,
477 1577 554 1602 non
564 1565 609 1602 ad
618 1576 783 1613 unguem
795 1564 987 1612 intelligat.
1020 1561 1158 1599 Frustra
1170 1563 1271 1601 enim
1281 1573 1367 1598 arcu
1379 1562 1619 1600 contenditur
1631 1592 1641 1608 ,
1659 1563 1724 1600 nisi
1737 1576 1815 1614 quo
1826 1566 1877 1601 sa-

294 1625 427 1673 gittam
444 1623 576 1670 dirigas
599 1619 816 1657 destinatum
831 1618 974 1656 habeas.
1004 1618 1063 1656 Ae
1073 1619 1185 1655 velim
1204 1617 1355 1666 quidem
1376 1616 1473 1668 apud
1485 1629 1555 1655 nos
1575 1618 1781 1669 persuasum
1793 1620 1877 1666 esse,

296 1692 382 1717 eum
394 1680 411 1715 s
408 1679 517 1716 olum
527 1676 607 1713 fore
618 1676 802 1727 pistorem
812 1677 1002 1725 optimum
1016 1704 1026 1719 ,
1043 1675 1108 1724 qui
1117 1675 1263 1723 optime
1274 1685 1362 1711 cum
1372 1671 1535 1711 fimbrias
1547 1704 1558 1719 ‚
1578 1684 1659 1712 tum
1670 1674 1877 1726 superficie-

297 1748 381 1773 rum
391 1734 584 1784 qualitates
594 1744 729 1769 omnes
740 1730 878 1768 notasse
889 1731 1069 1768 didicerit.
1101 1730 1317 1778 Contraque
1329 1741 1417 1766 eum
1434 1728 1600 1767 futurum
1612 1742 1800 1780 nunquam
1810 1732 1875 1769 bo-

352 1803 443 1828 num
456 1788 638 1826 artificem
655 1787 814 1832 affirmo,
825 1788 888 1836 qui
900 1798 978 1823 non
989 1784 1272 1834 diligentissime,
1285 1797 1364 1834 quae
1376 1785 1550 1829 diximus,
1560 1789 1687 1825 omnia
1697 1797 1820 1825 tenue-

407 1847 463 1882 rit.
477 1845 622 1881 Idcirco
636 1844 743 1880 nobis
757 1843 833 1880 haec
846 1842 891 1880 de
903 1841 1165 1892 superficiebus
1183 1843 1220 1878 ὃ(
1230 1840 1462 1878 intercisione
1473 1841 1566 1879 dieta
1577 1842 1763 1891 perneces-

463 1900 545 1937 saria
557 1899 670 1936 fuere.
689 1899 860 1948 Sequitur
872 1907 912 1935 ut
922 1897 1105 1947 pictorem
1116 1896 1356 1936 instituamus,
1370 1897 1703 1945 quemadmodum,

531 1965 612 2001 quae
625 1964 750 1991 mente
762 1955 988 2002 conceperit,
1000 1964 1041 1989 ea
1055 1964 1166 1989 manu
1176 1953 1310 1989 imitari
1327 1962 1448 2000 queat.

1738 2926 1868 2963 LEO.
