2023 3162
114 418 213 447 Septem

113 461 230 482 matteum

110 504 213 530 genera.

255 84 308 108 22·
594 66 791 108 LEONIS
835 69 1104 109 BAPTtsTAE
1152 79 1221 107 DE
1267 68 1545 109 Arni-,aris

254 136 400 175 modis.
426 135 607 186 fiquidem
621 150 711 175 cum
724 136 892 175 crescunt
904 164 912 176 ‚
937 148 1002 175 aut
1013 139 1249 175 minuuntur:
1263 150 1430 186 cumque
1441 140 1604 176 valentes
1617 140 1653 176 in
1667 140 1853 189 aegritudi-

254 205 345 230 ncm
357 192 506 232 cadunt,
521 206 685 242 cumque
698 193 717 230 a
730 194 873 231 morbo
886 195 922 230 in
934 193 1184 232 valetudinem
1197 193 1354 242 surgunt:
1370 196 1532 243 cumque
1542 196 1673 232 locum
1687 208 1850 239 mutant,

254 251 291 286 δ(
305 247 516 295 hujusmodi
528 248 805 293 caufis,rnoveri
817 259 978 299 corpora
989 249 1173 286 dicuntur.
1194 250 1276 285 Nos
1288 260 1413 286 autem
1426 252 1673 300 pi&ores‚qui
1686 256 1854 292 motibus

253 303 515 341 membrorum
525 305 700 342 volumus
712 307 862 342 animos
874 302 1028 342 ari-”ceros
1042 306 1257 354 exprimere,
1269 307 1406 342 caeteris
1419 304 1729 356 disputationibus
1742 309 1855 346 omis-

253 359 312 404 sis,
324 359 370 397 de
382 371 430 397 co
441 369 589 397 tantum
602 370 710 397 motu
721 360 1056 410 referamus‚‚quem
1068 371 1149 397 tum
1163 360 1301 397 saelum
1316 361 1461 405 dicunt,
1474 373 1562 398 cum
1573 362 1680 398 loeus
1691 373 1853 403 mutatus

254 414 308 452 fit.
338 417 418 453 Res
431 416 557 452 omnis
569 426 651 464 qua:
663 417 756 452 loco
769 427 962 460 movetur,
979 414 1116 467 septem
1129 415 1239 453 habet
1250 417 1427 454 movendi
1439 418 1580 454 itinera.
1594 418 1692 453 Nam
1704 428 1768 455 aut
1780 419 1855 458 sut-

255 471 336 509 sum
346 471 477 510 versus,
490 480 551 508 aut
561 471 748 517 deorsum,
763 472 871 509 autin
885 472 1074 509 dexteram
1087 496 1095 510 ‚
1115 473 1221 508 autin
1234 471 1407 509 sinistram
1421 501 1430 517 ,
1449 483 1512 509 aut
1523 474 1611 509 illuc
1623 473 1740 521 longe
1753 485 1855 512 rece-

254 527 461 570 dendo,aut
470 535 603 564 contra
615 539 685 564 nos
698 527 899 565 redeundo.
914 528 1102 578 Septifflus
1114 539 1205 565 vero
1215 527 1393 565 movendi
1406 529 1587 572 modus‚is
1600 530 1712 577 quiin
1723 541 1854 578 gyrum

254 581 461 620 ambiendo
473 584 645 631 vergitur.
654 582 739 619 Hos
750 585 860 632 igitur
871 595 1006 621 omnes
1017 593 1143 620 motus
1155 584 1268 632 cupio
1279 583 1349 620 efl'e
1360 585 1398 619 in
1410 583 1699 633 pieluraAdsint
1714 596 1855 637 corpo-

254 651 293 676 ra
303 638 582 688 nonnulla.quae
594 637 625 675 se
638 638 682 674 ad
694 650 764 675 nos
776 640 1047 690 portigant‚alia
1057 638 1194 676 abeant
1204 639 1368 683 horsum,
1379 639 1665 677 dextrorsum&
1677 639 1856 678 sinistror-

255 693 347 731 sum.
362 694 466 731 Tum
478 706 522 731 cx
533 693 616 744 ipsis
634 694 854 745 corporibus
869 696 1056 732 nonnulla:
1068 705 1185 744 partes
1197 695 1365 732 adversus
1386 694 1661 746 conspeetantes
1672 695 1857 734 ostenten-

257 759 330 794 tur,
350 750 479 798 aliqua:
492 751 739 796 retrocedant,
751 752 826 788 aliae
839 750 974 788 sursum
990 752 1188 789 tollantur,
1212 751 1341 799 aliquae
1354 752 1390 787 in
1403 749 1576 788 infimum
1588 751 1750 788 tendant.
1781 754 1856 791 Sed

259 816 348 843 cum
359 805 461 842 iuliis
475 807 716 858 expingendis
727 807 890 844 motibus
911 807 1005 844 ratio
1026 808 1229 856 plerunque
1243 805 1277 843 ὅ(
1291 807 1426 843 modus
1440 806 1725 855 transgrediatur
1737 821 1743 843 :
1755 811 1856 856 juvat

258 859 438 898 hocloco
449 860 493 899 de
505 862 591 899 statu
606 891 615 906 ‚
628 864 665 899 ὅ(
676 862 722 899 de
737 863 907 899 motibus
918 862 1134 899 membrorsi
1147 861 1279 899 referre
1290 862 1485 907 nonnulla,
1498 875 1579 910 quae
1591 875 1634 899 ex
1646 861 1717 912 ipsa
1728 875 1856 902 natura

259 917 416 966 collegi,
434 918 532 954 unde
545 918 652 967 plane
662 919 888 967 intelligatur
900 930 973 966 qua
986 917 1247 954 moderatione
1260 917 1314 953 hi's
1327 918 1492 954 motibus
1505 919 1690 955 utendum
1703 918 1754 956 sit.
1773 921 1856 958 Per-

255 970 279 1007 s
272 975 353 1023 pexi
366 972 518 1021 quidem
530 974 567 1010 in
579 972 747 1012 homine,
760 975 928 1020 quam‚in
938 983 1002 1009 om
1009 975 1043 1008 ni
1056 972 1147 1009 statu
1159 973 1177 1007 s
1173 974 1219 1010 ui,
1232 982 1357 1009 totum
1370 973 1555 1010 substituat
1567 986 1705 1024 corpus
1718 977 1831 1026 capiti
1842 1002 1852 1016 ‚

255 1028 433 1065 membro
455 1029 629 1065 omnium
640 1026 966 1078 ponderosissimo.
994 1028 1100 1065 Tum
1113 1027 1136 1064 fi
1149 1038 1236 1064 toto
1249 1039 1409 1078 corpore
1422 1029 1520 1066 idem
1531 1030 1568 1066 in
1588 1042 1704 1067 unum
1716 1033 1855 1081 pedem

255 1082 581 1133 institerit,semper
590 1085 619 1120 is
631 1094 896 1133 pes‚tanquam
908 1083 1088 1132 columne
1100 1083 1260 1123 basis,est
1271 1084 1314 1120 ad
1325 1084 1637 1134 perpendiculum
1650 1089 1759 1137 capiti
1772 1086 1856 1125 sub-

257 1140 381 1187 jestus.
404 1141 466 1176 Ae
479 1139 594 1176 ferme
612 1139 754 1189 semper
764 1152 812 1177 eo
833 1140 953 1177 stantis
963 1140 1084 1178 vultus
1096 1139 1284 1191 porredtus
1298 1139 1347 1176 est
1359 1152 1439 1188 quo
1454 1139 1493 1177 fit
1504 1152 1569 1189 pes
1587 1140 1658 1191 ipse
1679 1143 1853 1180 directus.

259 1195 401 1246 Capitis
413 1206 503 1232 vero
517 1206 642 1233 motus
654 1195 899 1235 animadverti
918 1197 979 1235 vix
999 1207 1164 1245 unquam
1179 1196 1295 1232 ullam
1306 1197 1342 1232 in
1352 1206 1493 1246 partem
1507 1195 1574 1232 esse
1586 1198 1676 1234 tales
1689 1223 1697 1236 ‚
1723 1209 1856 1236 utnon

259 1250 402 1301 semper
412 1252 552 1300 aliquas
565 1251 699 1300 reliqui
711 1254 883 1303 corporis
895 1263 1012 1304 partes
1024 1250 1085 1289 sub
1098 1250 1132 1288 se
1145 1250 1280 1302 politas
1291 1251 1436 1291 habeat,
1446 1251 1579 1301 quibus
1590 1253 1752 1290 immane
1761 1266 1858 1304 pon-

261 1307 329 1343 dus
341 1318 485 1355 regatur
498 1336 507 1351 ‚
529 1318 590 1345 aut
600 1317 697 1345 certe
707 1310 744 1346 in
756 1308 939 1348 adversam
953 1318 1093 1361 partem
1106 1337 1115 1352 ,
1137 1318 1320 1357 tanquam
1338 1308 1491 1345 alteram
1510 1308 1657 1345 lancem
1672 1337 1680 1352 ‚
1702 1310 1856 1358 aliquod

259 1363 474 1400 membrum
485 1364 695 1413 protrahat,
713 1364 818 1414 quod
829 1365 987 1415 ponderi
998 1364 1227 1414 respondeat.
1263 1364 1443 1412 Namque
1455 1364 1555 1400 idem
1564 1363 1749 1409 videmus,
1763 1367 1857 1404 dum

259 1419 342 1467 quis
361 1430 473 1456 manu
492 1420 636 1457 extensa
654 1421 803 1471 pondus
823 1421 976 1470 aliquod
998 1419 1194 1457 substentat
1206 1449 1216 1464 ,
1239 1430 1280 1457 ut
1290 1421 1408 1457 altero
1421 1419 1514 1470 pede
1532 1429 1708 1468 tanquam
1720 1420 1787 1457 affe
1799 1422 1857 1458 bi-

259 1475 373 1511 lancis
385 1473 531 1513 firmato
547 1502 554 1516 ,
576 1477 735 1514 aliatota
747 1479 918 1527 corporis
936 1488 1017 1528 pars
1029 1476 1074 1512 ad
1092 1476 1363 1525 coaequandum
1382 1475 1530 1525 pondus
1551 1485 1683 1513 contra
1704 1475 1853 1514 sistatur.

257 1530 426 1568 Intellexi
446 1532 482 1569 ὃ(
504 1531 630 1569 stantis
653 1543 763 1582 caput
782 1544 861 1570 non
882 1533 962 1583 plus
981 1534 1071 1569 verti
1091 1532 1228 1569 sursum
1239 1561 1249 1576 ,
1269 1543 1385 1581 quarn
1407 1544 1486 1581 quo
1499 1533 1601 1568 oculi
1621 1532 1765 1570 coelum
1777 1545 1859 1570 me-

257 1585 365 1623 dium
377 1597 641 1633 contueantur,
652 1600 776 1637 neque
787 1590 824 1625 in
835 1589 995 1626 alterum
1005 1590 1098 1626 latus
1109 1590 1189 1639 plus
1200 1588 1342 1631 diverti,
1356 1600 1466 1636 quam
1477 1587 1588 1636 usque
1597 1600 1675 1637 quo
1686 1598 1858 1626 mentum

259 1641 449 1692 scapulam
459 1645 629 1694 attigerit.
661 1645 702 1681 In
714 1656 756 1682 ea
767 1656 857 1682 vero
869 1654 967 1695 parte
980 1645 1171 1694 corporis,
1197 1655 1270 1693 qua
1280 1645 1508 1693 incingimut
1519 1672 1528 1687 ‚
1549 1645 1609 1681 vix
1624 1656 1791 1693 unquam
1804 1645 1857 1682 ita

261 1698 526 1747 intorquemur
537 1729 547 1744 ,
569 1710 609 1736 ut
622 1699 826 1738 humerum
846 1698 953 1751 supra
973 1700 1195 1737 umbilicum
1215 1700 1261 1736 ad
1280 1700 1416 1737 rectam
1435 1701 1570 1736 lineam
1589 1700 1692 1750 super
1710 1699 1857 1737 astitua-

260 1765 356 1791 mus.
389 1755 586 1793 Tibiarum
600 1757 636 1793 ὅ(
653 1755 892 1794 brachiorum
911 1767 1041 1794 motus
1061 1757 1252 1794 liberiores
1271 1754 1372 1801 sunt,
1393 1755 1514 1793 modo
1526 1765 1673 1793 caeteras
1686 1757 1857 1805 corp0r1s

262 1807 431 1846 honestas
445 1821 566 1860 partes
579 1823 655 1848 non
673 1812 887 1864 impediant.
918 1811 970 1849 At
980 1813 1018 1849 in
1030 1812 1084 1851 his
1096 1812 1187 1850 illud
1209 1813 1228 1849 a
1247 1822 1375 1849 natura
1386 1811 1571 1862 perspexi,
1594 1823 1727 1849 manus
1740 1811 1856 1848 ferme

261 1875 469 1913 numquam
486 1865 589 1916 supra
607 1878 717 1918 caput
727 1894 735 1907 ‚
757 1879 880 1917 neque
903 1867 1077 1906 cubitum
1097 1868 1199 1919 supra
1220 1866 1399 1905 humeros
1418 1868 1561 1905 elevari.
1591 1867 1731 1915 Neque
1750 1864 1856 1916 supra

264 1931 364 1968 genu
376 1920 509 1970 pedem
521 1924 558 1958 in
570 1924 685 1960 altum
697 1924 835 1963 attolli,
860 1935 982 1973 neque
992 1923 1127 1974 pedem
1141 1923 1160 1960 a
1173 1924 1266 1974 pede
1288 1925 1368 1975 plus
1384 1921 1512 1959 distare
1534 1933 1648 1970 quarn
1668 1931 1856 1969 quantum

262 1975 366 2024 pedis
379 1976 486 2012 unius
505 1977 670 2027 spacium
685 1978 830 2014 intersit.
862 1981 969 2017 Tuna
986 1978 1139 2028 spectavi
1154 1979 1177 2015 ss
1189 1991 1304 2027 quam
1314 1980 1350 2014 in
1363 1979 1478 2014 altum
1497 1976 1763 2028 protendamus
1775 1988 1855 2014 ma-

261 2041 364 2067 num,
380 2043 467 2067 eum
481 2042 631 2068 motum
651 2042 799 2070 caetetas
811 2044 946 2069 omnes
966 2035 1043 2079 ejus
1054 2034 1174 2070 lateris
1199 2043 1320 2082 partes
1339 2032 1384 2069 ad
1402 2032 1537 2082 pedem
1549 2030 1661 2081 usque
1673 2031 1853 2081 subsequi,

264 2096 305 2122 ut
316 2087 427 2123 etiam
445 2086 555 2136 ipsius
568 2087 669 2137 pedis
682 2089 898 2127 calcaneus,
921 2088 1079 2134 ejusdem
1099 2087 1240 2126 brachii
1260 2098 1390 2126 motu,
1413 2087 1664 2136 ‘apavimento
1683 2088 1854 2125 elevetur.

263 2141 355 2178 Sunt
367 2140 420 2177 his
433 2140 616 2179 simillima
628 2144 953 2193 perplurima‚quae
965 2144 1120 2192 diligens
1132 2142 1261 2179 artifex
1274 2143 1551 2179 animadvertet:
1565 2144 1602 2180 ὃς
1615 2142 1762 2181 fortaffe
1773 2156 1855 2191 quse

262 2195 335 2247 ipse
349 2196 522 2235 haetenus
535 2199 655 2238 retuli,
669 2199 783 2248 usque
794 2198 890 2235 adeo
902 2199 939 2235 ln
952 2209 1127 2249 promptu
1139 2199 1231 2242 sunt,
1245 2207 1285 2235 ut
1298 2196 1478 2247 superflua
1489 2198 1602 2235 videri
1612 2197 1762 2248 poss‘int.
1782 2199 1855 2235 Sed

265 2264 307 2289 ea
317 2253 458 2289 idcirco
470 2265 547 2291 non
562 2254 793 2304 negleximus
805 2280 813 2294 ‚
836 2254 1143 2304 quod'plerosque
1162 2257 1198 2291 in
1211 2266 1252 2290 ea
1262 2265 1299 2290 re
1320 2255 1558 2291 vehementer
1569 2266 1684 2290 errare
1706 2257 1855 2292 noveri-

264 2320 362 2344 mus.
392 2309 525 2346 Motus
544 2311 646 2353 enim
658 2312 816 2347 nimium
836 2322 938 2348 acres
949 2311 1160 2361 exprimunt
1171 2339 1180 2355 ‚
1199 2309 1437 2358 efficiuntque
1450 2320 1490 2347 ut
1508 2311 1545 2346 in
1557 2310 1695 2347 eodem
1711 2310 1856 2347 sinmla-

266 2362 361 2400 ehro
381 2366 418 2401 ὅ(
429 2365 555 2413 pectus
576 2368 614 2402 ὅ(
635 2376 737 2403 nates
759 2378 840 2403 uno
860 2364 925 2403 sub
946 2366 1137 2417 prospedhi
1163 2364 1437 2415 conspiciantur
1452 2379 1459 2401 :
1479 2366 1583 2414 quod
1596 2366 1749 2414 quidem
1762 2378 1855 2404 cum

263 2417 490 2469 impossibile
502 2420 611 2461 fastu,
626 2432 705 2459 tum
717 2420 1060 2459 indecentissimum
1072 2422 1145 2459 visu
1156 2420 1215 2458 est.
1230 2420 1301 2457 Sed
1315 2421 1366 2464 hi,
1378 2421 1484 2470 quod
1496 2421 1650 2458 audiunt
1660 2447 1668 2460 ,
1689 2434 1748 2458 eas
1760 2423 1855 2459 ima-

264 2476 368 2524 gines
381 2477 545 2513 maxime
560 2477 661 2514 vivas
671 2477 787 2515 videri
804 2490 883 2526 quae
904 2477 1106 2526 plurimum
1118 2477 1286 2514 membra
1297 2478 1435 2525 agitent
1446 2506 1456 2520 ,
1477 2488 1525 2512 eo
1536 2476 1755 2514 histrionum
1766 2489 1852 2515 mo-

263 2540 336 2575 tus,
347 2530 460 2582 spreta
469 2533 575 2569 omni
587 2532 734 2582 pieturae
746 2533 937 2581 dignitate,
947 2535 1150 2570 imitantur.
1171 2535 1224 2570 Ex
1236 2544 1315 2581 quo
1327 2543 1406 2568 non
1419 2532 1540 2569 modo
1551 2534 1664 2581 gratia
1676 2532 1850 2583 &lepore

265 2597 400 2624 eorum
412 2599 528 2637 opera
539 2587 634 2625 nuda
643 2588 744 2632 sunt,
764 2588 824 2625 sed
843 2590 952 2625 etiam
964 2588 1113 2626 artificis
1133 2590 1243 2625 nimis
1261 2587 1402 2624 fervens
1421 2589 1613 2636 ingenium
1627 2590 1849 2638 exprimunt.

265 2641 402 2680 Suaves
412 2644 513 2679 enim
523 2645 560 2680 ὃ(
570 2654 692 2692 gratos
705 2673 715 2689 ‚
734 2654 844 2692 atque
855 2645 900 2681 ad
910 2656 989 2681 tem
1000 2645 1045 2681 de
1056 2657 1128 2693 qua
1137 2645 1276 2693 agitur,
1296 2643 1548 2680 condecentes
1566 2644 1699 2681 habere
1709 2643 1849 2693 pictura

264 2706 394 2734 motus
408 2698 628 2736 debet.Sitin
638 2700 845 2749 virginibus
855 2709 981 2737 motus
992 2699 1219 2741 &habitudo
1228 2698 1553 2749 veimsta‚fimpliei
1564 2709 1668 2736 aetate
1679 2707 1845 2746 compta,

265 2762 377 2800 atque
388 2765 538 2792 amoena
550 2783 560 2798 ,
579 2768 661 2803 quae
673 2754 806 2792 statum
818 2757 932 2804 magis
944 2754 1054 2805 sapiat
1066 2757 1101 2792 ὅ(
1113 2755 1264 2792 dulcem
1285 2756 1453 2804 quietem
1465 2767 1578 2803 quam
1592 2754 1847 2803 agitationem:

265 2808 410 2844 tametsi
424 2809 599 2847 Homero
611 2839 621 2854 ,
643 2823 757 2860 quem
775 2812 910 2848 Zeuxis
919 2811 1066 2848 secutus
1078 2810 1138 2849 est,
1157 2815 1269 2848 etiarn
1279 2811 1315 2846 in
1328 2810 1492 2847 foeminis
1502 2811 1621 2847 forma
1635 2805 1849 2844 validissima

264 2863 415 2913 placuit.
447 2865 526 2900 Sint
546 2866 582 2901 in
604 2866 837 2904 adolescente
856 2877 982 2904 motus
993 2868 1152 2904 leviores
1165 2892 1173 2905 ‚
1195 2866 1346 2911 iocundi
1359 2895 1368 2909 ‚
1386 2878 1475 2903 cum
1487 2864 1648 2913 quadam
1666 2861 1847 2910 fignifica-

263 2919 369 2957 tione
377 2918 533 2958 valentis
543 2921 702 2961 animi&
714 2923 860 2963 virium.
892 2923 973 2960 Sint
983 2924 1020 2959 in
1031 2923 1113 2960 viro
1127 2931 1252 2960 motus
1264 2921 1445 2960 firmiores
1457 2945 1465 2961 ‚
1490 2919 1526 2956 &
1538 2917 1645 2955 status
1658 2918 1769 2954 celeri
1781 2929 1847 3011 pa-

1726 2975 1781 3011 lael
1799 2985 1844 3011 rae
