2023 3162
256 102 303 144 73
662 89 1502 128 DESIGNIFICATIONE

307 161 344 198 O
358 175 379 199 R.
393 173 412 198 c
424 172 450 198 H
463 172 482 197 ε
497 172 512 197 s
526 173 551 196 τ
567 174 586 197 R
602 173 635 197 A.
670 158 752 196 Lib.
764 168 796 194 v.
808 162 938 207 cap46.
969 155 1076 190 Linea
1092 152 1240 190 ducatur
1253 183 1262 197 ‚
1284 166 1353 204 quae
1374 150 1546 205 diss-'ungat
1559 152 1846 211 prostenifpsglpj,

250 227 325 255 tum
338 214 381 260 &⁸
395 213 574 266 orchestra
584 216 765 265 regionem.
797 211 932 247 Baldus
950 226 956 247 :
978 210 1076 246 Bene
1088 211 1245 260 exponit
1257 208 1447 246 Philander
1457 210 1500 245 ad
1512 219 1553 245 ea
1563 212 1670 249 verba
1683 213 1843 253 Vitruvii

251 285 329 324 cap.
342 287 378 318 7.
399 270 559 317 ejusdcm
570 258 662 307 libi-i.
680 265 890 317 orchestram
899 268 990 302 inter
995 265 1127 317 gradus
1145 277 1241 300 imos.
1256 261 1470 313 orchestram
1481 261 1520 299 ab
1538 264 1693 314 ὸρχέομοᾳ
1706 297 1715 312 ,
1733 269 1772 305 ld
1781 272 1844 316 eff,

242 325 331 381 fiilio
344 355 352 369 ,
367 326 559 380 gesticiilor,
578 324 703 362 dinam
714 337 725 359 :
743 327 869 358 Locum
878 318 940 372 effe
949 322 986 358 in
995 318 1105 356 medio
1115 317 1249 356 theatro
1263 345 1270 358 ,
1292 315 1348 354 ubi
1357 316 1446 370 fiant
1458 317 1631 369 dcssgnata
1641 319 1844 371 finatornm

250 383 333 420 loca.
357 381 400 419 Id
410 380 549 434 quidem
559 379 652 431 apud
659 386 832 416 Romanos.
862 382 956 414 Nam
975 375 1174 413 ltil.1>0llax
1193 372 1249 411 lib.
1268 385 1406 426 Νηίῳ.
1420 390 1456 419 9.
1492 373 1593 411 chori
1611 373 1690 412 dicit
1702 375 1845 432 effipro-

247 440 387 492 priam,
411 447 450 473 ut
457 436 601 488 scenam
610 437 776 472 afiorum.
805 430 984 486 Juvenalis
997 431 1236 469 Orchestram
1247 442 1317 482 pro
1329 431 1467 468 Senatu
1479 430 1645 482 accepit,
1669 432 1742 470 Sat.
1756 449 1789 478 3.

779 487 1003 540 Similcmque
1015 483 1147 523 vtdslw‘

597 543 811 592 orchestram
823 537 867 582 (ῥ’
873 542 1047 597 populum.

259 605 462 643 Suetonius
475 614 628 652 quoque
642 630 652 645 ,
671 598 792 636 deinde
802 601 842 636 in.
852 597 1067 648 orchestram
1078 604 1310 649 Senattimque
1319 594 1500 648 distendit,
1512 590 1585 635 &a
1617 597 1711 636 Haec
1721 599 1793 636 ille.

316 660 353 696 O
368 674 389 696 R
404 672 428 696 D
447 672 457 696 1
474 671 499 694 N
514 671 535 694 A
550 673 575 693 T
593 671 602 694 1
619 669 657 693 o.
688 656 769 693 Lib.
789 668 911 706 1.cap.
927 671 961 694 2.
995 651 1272 693 eArchitcfflura
1289 663 1404 689 autem
1423 651 1547 702 constat
1563 665 1608 689 ex
1627 652 1851 701 ordinatione,

259 728 332 768 qtae
351 721 462 752 Graece
484 711 577 763 πίξις
598 711 739 750 dicitnr.
770 711 926 748 Baldus:
949 710 1053 762 Qd
1071 720 1199 747 autem
1210 708 1270 747 sit,
1290 709 1442 760 ipsemet
1453 708 1624 759 patefacit
1643 709 1699 746 his
1716 710 1853 748 verbis:

265 768 444 807 Ordinatio
463 772 512 806 eft
522 767 650 806 modica
669 764 898 804 membrorum
902 768 1043 817 species,
1061 763 1278 801 commoditas
1291 793 1299 808 ,
1320 762 1508 816 separatim
1529 762 1853 817 iiniverfhquepro-

253 827 423 880 portionis
433 822 478 860 ad
492 822 724 877 (y‘mmetriam
732 823 945 874 comparatio.
959 822 1082 858 Multa
1096 821 1140 858 de
1154 820 1298 858 Ordine
1309 821 1385 858 hoc
1397 821 1487 857 loco
1497 818 1598 857 affert
1609 820 1805 865 Barbarus,
1815 823 1854 859 &

263 892 372 919 acute
392 872 691 932 philosophatur.
723 889 794 915 nos
811 877 885 915 fere
908 879 1039 914 omnia
1056 879 1093 914 in
1116 875 1390 926 compendium
1409 876 1635 926 redigemus.
1667 875 1727 913 Est
1745 878 1856 926 igitur

263 938 481 976 Vitruviana
494 934 853 973 seuarchiteeronica
873 934 963 970 taxis
984 933 1042 970 vel
1063 932 1251 970 ordinatio
1265 959 1276 975 ,
1296 931 1368 982 ipsa
1380 932 1524 968 moduli
1537 961 1545 975 ‚
1568 944 1649 980 quo
1660 941 1786 969 totum
1799 933 1856 969 di-

266 994 420 1031 metitur
431 1004 543 1042 opus,
556 1002 640 1028 tum
654 991 762 1040 partis
773 988 881 1039 ipsius
895 987 1104 1024 commoda
1114 987 1286 1038 sumptio,
1297 999 1340 1023 ex
1352 989 1457 1033 cujus
1469 986 1531 1024 ussi
1542 986 1702 1035 sequitur
1711 989 1857 1038 optima

267 1051 307 1087 ὃς
318 1049 506 1086 concinna
516 1045 780 1083 membrorum
791 1044 990 1093 proportio
1003 1045 1040 1080 ὃ(
1052 1042 1262 1091 symmetria
1271 1042 1441 1091 quaedam
1453 1071 1464 1087 ,
1482 1052 1568 1080 tum
1579 1044 1696 1081 oculo
1707 1054 1788 1080 tum
1801 1056 1859 1082 ra-

264 1105 364 1141 tioni
384 1103 562 1139 consona.
594 1100 810 1150 Appellavit
830 1111 921 1148 ergo
935 1098 1134 1136 modulum
1145 1098 1458 1136 commoditatem
1471 1127 1481 1143 ‚
1502 1099 1608 1147 quod
1628 1101 1706 1145 ejus
1718 1101 1858 1137 auxilio

268 1169 389 1210 partes
401 1156 607 1195 commode
617 1157 860 1193 dimetiuntur
871 1157 907 1192 ὃς
919 1155 1147 1192 ordinantur.
1172 1154 1369 1192 Modicam
1382 1154 1472 1191 dixit
1486 1183 1496 1198 ‚
1518 1164 1556 1190 ut
1568 1156 1735 1191 innueret
1749 1184 1759 1200 ,
1776 1168 1860 1202 mo-

270 1215 348 1251 duli
360 1215 618 1263 quantitatem,
632 1222 672 1249 ut
689 1211 730 1248 sit
741 1213 863 1261 aptior
880 1210 968 1255 usui,
982 1222 1059 1247 non
1072 1210 1228 1259 quidem
1241 1209 1493 1258 magnitudine
1511 1211 1547 1246 ὃς
1560 1211 1738 1259 parvitate
1749 1223 1860 1248 enor-

270 1282 376 1308 mem
388 1299 398 1313 ‚
416 1269 474 1306 sed
486 1278 727 1319 temperatam
748 1270 785 1304 ὃς
806 1266 1002 1303 modicam
1015 1265 1083 1303 esse
1104 1266 1249 1303 debere.
1278 1266 1446 1314 Exempli
1468 1267 1601 1314 gratia:
1623 1266 1661 1301 in
1682 1266 1862 1304 columna

272 1326 418 1363 Dorica
430 1326 606 1362 diameter
617 1325 683 1361 imi
693 1322 791 1373 scapi
801 1323 951 1359 modica
965 1322 1014 1359 est
1025 1322 1299 1360 commoditas,
1313 1321 1349 1358 id
1362 1321 1426 1364 est,
1437 1320 1632 1357 moderata
1642 1321 1810 1369 quaedam
1823 1324 1863 1359 ὃς

275 1381 483 1417 commoda
495 1381 676 1430 quantitas
688 1408 697 1423 ‚
709 1390 786 1427 qua
797 1388 881 1415 tum
894 1379 1072 1415 columna
1082 1387 1163 1414 tota
1175 1403 1183 1417 ,
1206 1387 1286 1414 turn
1298 1387 1414 1428 partes
1436 1375 1611 1413 finiuntur
1623 1375 1660 1412 δε
1673 1379 1863 1414 concinne

273 1438 531 1476 terminantur.
562 1436 638 1473 Erit
655 1436 765 1484 igitur
784 1435 962 1471 columna
978 1436 1046 1471 rite
1066 1433 1259 1475 ordinata,
1282 1432 1307 1469 fi
1326 1432 1557 1470 altitudinem
1569 1431 1864 1482 habebitseptem

273 1492 535 1537 modulorum,
544 1493 664 1528 imum
675 1490 824 1540 scapum
836 1490 980 1528 moduli
991 1491 1108 1534 unius,
1120 1488 1235 1526 basim
1247 1490 1360 1526 altam
1373 1488 1568 1525 dimidium
1580 1487 1781 1525 modulum
1793 1514 1802 1528 ‚
1825 1490 1865 1526 ὃς

274 1547 325 1585 fic
335 1548 381 1585 de
405 1549 531 1585 :aeteris
545 1546 721 1598 partibus.
752 1544 873 1583 Poffet
884 1547 992 1595 igitur
1004 1546 1160 1583 breviter
1171 1544 1312 1582 definiri
1322 1543 1369 1581 fic
1383 1559 1390 1581 z
1413 1543 1623 1583 Ordinatio,
1637 1542 1686 1580 est
1698 1546 1813 1581 totius
1824 1546 1864 1582 δε

273 1604 446 1654 partium,
459 1615 524 1653 per
535 1602 733 1640 mediocris
745 1602 892 1639 moduli
900 1601 1164 1651 fumptionem,
1179 1599 1386 1638 commoda
1396 1598 1593 1651 dispositio.

333 1661 370 1697 O
386 1674 407 1697 R
420 1674 445 1695 T
459 1671 483 1696 Η
498 1672 521 1695 0
535 1671 558 1695 G
574 1673 594 1695 R
609 1673 631 1696 A
646 1671 663 1695 i>
677 1669 702 1694 H
719 1670 778 1694 IA.
807 1657 891 1694 Lib.
916 1670 946 1694 1.
968 1669 1048 1707 cap.
1075 1673 1108 1696 2.
1141 1652 1388 1709 orthographia
1408 1664 1523 1691 autem
1542 1656 1590 1691 es‘z‘
1607 1655 1721 1692 erebia
1740 1653 1867 1702 frontia-

277 1715 399 1766 imago.
430 1715 582 1752 Baldus:
604 1714 797 1763 Eleganter
808 1712 876 1751 hac
886 1713 931 1750 de
941 1726 978 1750 re
997 1712 1190 1750 Philander
1201 1712 1237 1750 δε
1248 1712 1447 1759 Barbaru55
1471 1713 1576 1756 cujus
1586 1709 1808 1748 verbalubet
1816 1721 1867 1747 at-

278 1779 421 1807 texere:
445 1766 700 1823 orthographia
711 1798 721 1814 ,
742 1771 791 1806 ait
801 1795 808 1808 ‚
831 1783 898 1806 non
907 1768 1156 1818 minusfiontis
1167 1781 1270 1820 qtianz
1280 1766 1428 1803 laterum
1444 1768 1568 1803 erer‘iio
1577 1769 1626 1802 eft
1639 1792 1646 1805 ‚
1660 1765 1777 1817 siquis
1786 1767 1865 1800 vim

279 1822 380 1863 verbi
388 1824 572 1876 confideret
586 1856 593 1861 .
613 1828 720 1862 omnis
732 1822 856 1861 emma
867 1824 1012 1878 vestigio
1023 1825 1134 1862 erebia
1144 1821 1351 1877 magnitudo
1364 1852 1374 1868 ‚
1384 1823 1497 1870 juxta
1514 1825 1617 1874 operia
1629 1819 1751 1872 flaturi
1759 1821 1866 1855 ratio-

279 1893 358 1916 nem
369 1878 535 1933 descripta
546 1910 557 1926 ,
578 1877 824 1932 orthographia
844 1894 963 1918 vocari
978 1883 1098 1932 potefi.
1130 1875 1381 1932 Describuntur
1390 1890 1469 1929 ergo
1480 1870 1651 1915 &rerum
1662 1873 1794 1924 frontes
1806 1887 1867 1910 ex-

279 1937 388 1973 timat,
401 1936 529 1971 intimae
543 1964 552 1979 ‚
563 1933 802 1986 tuendasque,
812 1933 1002 1985 ftcmzdum
1010 1935 1157 1989 speciem
1167 1938 1270 1986 operis
1275 1932 1454 1984 propositi,
1470 1930 1550 1981 five
1567 1931 1686 1968 Dorico
1697 1955 1704 1968 ‚
1719 1928 1803 1980 sive
1814 1935 1866 1966 Ιο-

281 1990 367 2034 nico,
367 1987 452 2039 slve
460 1988 524 2024 alio
531 2001 657 2041 genere
665 1991 717 2024 uti
728 1988 888 2025 velimus.
901 1988 970 2025 Sed
979 1991 1165 2025 Vitruvim
1175 1988 1219 2023 ad
1221 1987 1379 2036 frontem
1390 1986 1543 2036 respexit,
1551 1993 1718 2035 tanquam
1727 1982 1867 2021 nobilio-

282 2057 358 2082 rem
374 2052 531 2095 partem.
562 2043 746 2082 Hactenus
766 2044 958 2080 Barbarus.
989 2043 1181 2080 Nostrates
1199 2042 1384 2092 appellant
1400 2039 1426 2076 l'
1439 2039 1596 2099 eAlzato
1615 2038 1742 2077 &l'in
1755 2039 1865 2092 predi,

283 2100 435 2150 quidam
448 2098 482 2135 la
492 2097 647 2151 fhcciata
657 2097 716 2135 del
721 2109 830 2151 opera.

340 2156 378 2191 O
391 2169 411 2192 R
423 2168 448 2190 τ
459 2166 486 2192 Η
496 2168 519 2191 o
534 2168 548 2191 s
562 2169 586 2190 T
599 2169 622 2192 A
634 2169 660 2190 T
671 2164 718 2193 Ε.
748 2155 831 2192 Lib.
846 2168 858 2191 1
873 2168 902 2191 1.
917 2167 993 2204 cap.
1009 2154 1088 2191 8.Χί
1097 2157 1171 2205 quis
1183 2151 1333 2190 noluerit
1343 2152 1382 2188 in
1392 2149 1432 2187 id
1437 2151 1568 2187 vitium
1579 2148 1744 2195 incidere,
1757 2149 1869 2188 medio

283 2224 370 2248 cavo
370 2208 532 2259 firmio,
538 2207 726 2263 facundum
735 2206 1101 2260 orthostatasssaldus:
1115 2209 1293 2246 Graecurn
1305 2208 1532 2244 vocabulum
1547 2204 1870 2257 opJoqcc'wssnempe

284 2267 383 2303 rec'te
394 2264 487 2303 stans
497 2264 556 2303 seu
568 2265 732 2302 erectura
743 2265 848 2303 stans.
868 2278 916 2302 eo
928 2266 1085 2302 nomine
1094 2264 1267 2301 dicuntur
1285 2264 1475 2300 arrectaria
1486 2264 1559 2314 pila
1570 2262 1629 2299 seu
1639 2262 1867 2301 fulcimenta.

284 2321 480 2360 Nostrates
490 2322 675 2372 appellant
675 2323 823 2373 speroni,
829 2320 969 2374 pilistrz‘
977 2334 994 2357 e
1002 2317 1216 2371 contraforti.

343 2376 382 2412 O
396 2390 417 2413 R
429 2389 451 2412 Y
465 2389 488 2412 G
504 2390 522 2412 E
538 2390 564 2412 s.
594 2377 677 2414 Lib.
689 2390 722 2414 x.
744 2390 823 2429 cap.
848 2392 867 2415 ,z
879 2390 891 2414 1
902 2407 909 2413 .
942 2380 1037 2429 Qae
1057 2385 1173 2412 autem
1183 2372 1379 2426 testudines
1392 2372 1438 2410 ad
1444 2371 1651 2424 fodiendum
1671 2383 1871 2425 comparan-

288 2431 359 2471 tu'r,
374 2429 480 2482 ὃρυμς
491 2436 600 2468 Graece
610 2431 787 2469 dicuntur.
799 2433 947 2470 Baldus:
965 2434 1004 2470 A
1014 2431 1128 2469 verbo
1147 2427 1272 2482 opu'rfffew
1292 2432 1351 2469 vel
1363 2428 1516 2481 ὁρόω-ειν,
1530 2428 1671 2473 fodere,
1682 2441 1872 2467 excavare.

292 2487 411 2539 Qod
421 2498 545 2525 autem
557 2488 688 2524 Latine
706 2489 856 2534 dicitur,
869 2488 998 2526 fossam
1009 2488 1147 2525 ducere
1159 2517 1169 2533 ‚
1189 2487 1324 2525 Graeco
1336 2498 1453 2525 more,
1468 2483 1602 2536 optim-ew
1614 2484 1747 2535 τάφρον.
1781 2486 1870 2522 Haec

287 2546 361 2581 ille.
373 2544 434 2581 Cl.
445 2541 638 2580 Salmasius
648 2546 686 2579 in
704 2544 819 2580 Solin.
830 2556 909 2595 pag.
926 2557 1014 2588 223·
1045 2541 1121 2593 ἑρυξ
1131 2544 1279 2594 proprie
1297 2542 1436 2579 Graecis
1446 2541 1869 2578 diciturinstrumentum

290 2599 486 2637 fofforium
499 2600 535 2636 &
545 2608 711 2638 acutum,
724 2612 806 2648 quo
815 2610 909 2636 terra
920 2602 1054 2636 eruitur
1065 2599 1251 2650 &lapides
1261 2597 1463 2635 fodiuntur.
1483 2599 1650 2648 Oppopa
1667 2594 1743 2648 ὂρυξ
1752 2607 1870 2645 expo-

290 2657 433 2692 niturin
443 2652 602 2698 Glossis‚
623 2656 726 2699 cujus
736 2655 818 2692 usus
836 2655 1087 2703 inlapicidinis
1098 2655 1194 2704 apud
1214 2655 1397 2691 Plautum.
1428 2652 1634 2702 Hesychius
1653 2650 1748 2702 ἔρυμα
1757 2663 1870 2701 expo-

290 2711 344 2745 nit
355 2707 528 2760 λαοξοῑκέν
540 2710 680 2756 ww&
689 2705 709 2754 ἧ
717 2709 852 2761 anapia
863 2703 980 2754 εἱδῶν,
992 2709 1275 2748 instrumentum
1288 2709 1426 2746 scilicet
1435 2707 1597 2746 ferreum
1608 2718 1759 2744 acutum
1770 2735 1780 2750 ‚
1790 2718 1870 2754 quo

289 2764 426 2812 lapides
437 2768 560 2815 primo
572 2768 788 2806 rudimento
798 2775 1010 2820 punguntur
1021 2795 1031 2812 ,
1041 2765 1249 2816 priusquam
1259 2766 1460 2818 poliantur.
1480 2760 1626 2801 stabulas
1636 2773 1788 2811 quoque
1799 2763 1870 2800 La-

292 2820 358 2856 tini
369 2822 603 2870 appellarunt.

1735 2935 1772 2965 P.
1802 2930 1871 2967 PA-
