<?xml version="1.0" encoding="UTF-8"?>
<!DOCTYPE html PUBLIC "-//W3C//DTD XHTML 1.0 Transitional//EN"
    "http://www.w3.org/TR/xhtml1/DTD/xhtml1-transitional.dtd">
<html xmlns="http://www.w3.org/1999/xhtml" xml:lang="en" lang="en">
 <head>
  <title>
</title>
<meta http-equiv="Content-Type" content="text/html;charset=utf-8" />
  <meta name='ocr-system' content='tesseract 3.04.00' />
  <meta name='ocr-capabilities' content='ocr_page ocr_carea ocr_par ocr_line ocrx_word'/>
</head>
<body>
  <div class='ocr_page' id='page_1' title='image "./vitruviipollioni00vitr_0357.png"; bbox 0 0 2023 3162; ppageno 0'>
   <div class='ocr_carea' id='block_1_1' title="bbox 357 116 1718 167">
    <p class='ocr_par' dir='ltr' id='par_1_1' title="bbox 357 116 1718 167">
     <span class='ocr_line' id='line_1_1' title="bbox 357 116 1718 167; baseline -0.002 -10"><span class='ocrx_word' id='word_1_1' title='bbox 357 118 822 157; x_wconf 78' lang='lat' dir='ltr'>VOCABVLORVM</span> <span class='ocrx_word' id='word_1_2' title='bbox 881 116 1446 156; x_wconf 69' lang='lat' dir='ltr'>VITRUVIANORVM.</span> <span class='ocrx_word' id='word_1_3' title='bbox 1674 133 1718 167; x_wconf 78' lang='lat'>35</span> 
     </span>
    </p>
   </div>
   <div class='ocr_carea' id='block_1_2' title="bbox 96 183 1747 1340">
    <p class='ocr_par' dir='ltr' id='par_1_2' title="bbox 129 183 1721 236">
     <span class='ocr_line' id='line_1_2' title="bbox 129 183 1721 236; baseline 0.001 -10"><span class='ocrx_word' id='word_1_4' title='bbox 129 190 184 227; x_wconf 78' lang='lat' dir='ltr'>nis</span> <span class='ocrx_word' id='word_1_5' title='bbox 195 197 303 236; x_wconf 79' lang='lat' dir='ltr'>cyma</span> <span class='ocrx_word' id='word_1_6' title='bbox 316 183 480 222; x_wconf 89' lang='lat' dir='ltr'>summus</span> <span class='ocrx_word' id='word_1_7' title='bbox 491 184 688 222; x_wconf 86' lang='lat' dir='ltr'>herbarum</span> <span class='ocrx_word' id='word_1_8' title='bbox 698 196 742 222; x_wconf 88' lang='lat' dir='ltr'>ac</span> <span class='ocrx_word' id='word_1_9' title='bbox 753 185 916 222; x_wconf 86' lang='lat' dir='ltr'>tenerior</span> <span class='ocrx_word' id='word_1_10' title='bbox 926 186 1144 230; x_wconf 79' lang='lat' dir='ltr'>cauliculus,</span> <span class='ocrx_word' id='word_1_11' title='bbox 1157 185 1254 222; x_wconf 88' lang='lat' dir='ltr'>unde</span> <span class='ocrx_word' id='word_1_12' title='bbox 1264 184 1399 223; x_wconf 66' lang='lat' dir='ltr'>factum</span> <span class='ocrx_word' id='word_1_13' title='bbox 1410 184 1459 223; x_wconf 91' lang='lat' dir='ltr'>est</span> <span class='ocrx_word' id='word_1_14' title='bbox 1468 183 1721 228; x_wconf 81' lang='lat' dir='ltr'>summitatem</span> 
     </span>
    </p>

    <p class='ocr_par' dir='ltr' id='par_1_3' title="bbox 96 237 1747 959">
     <span class='ocr_line' id='line_1_3' title="bbox 96 237 1720 292; baseline 0.001 -11"><span class='ocrx_word' id='word_1_15' title='bbox 96 237 102 241; x_wconf 46' lang='grc'>’</span> <span class='ocrx_word' id='word_1_16' title='bbox 129 243 307 291; x_wconf 75' lang='lat' dir='ltr'>cujusque</span> <span class='ocrx_word' id='word_1_17' title='bbox 319 245 369 280; x_wconf 92' lang='lat' dir='ltr'>rei</span> <span class='ocrx_word' id='word_1_18' title='bbox 382 253 531 290; x_wconf 81' lang='lat' dir='ltr'>cymam</span> <span class='ocrx_word' id='word_1_19' title='bbox 542 241 625 277; x_wconf 89' lang='lat' dir='ltr'>diei.</span> <span class='ocrx_word' id='word_1_20' title='bbox 640 241 756 277; x_wconf 89' lang='lat' dir='ltr'>Porro</span> <span class='ocrx_word' id='word_1_21' title='bbox 770 241 1217 288; x_wconf 74' lang='lat' dir='ltr'>CymatiumArchiteClis</span> <span class='ocrx_word' id='word_1_22' title='bbox 1228 252 1386 292; x_wconf 85' lang='lat' dir='ltr'>parvum</span> <span class='ocrx_word' id='word_1_23' title='bbox 1398 241 1590 291; x_wconf 79' lang='lat' dir='ltr'>quoddam</span> <span class='ocrx_word' id='word_1_24' title='bbox 1601 257 1720 282; x_wconf 46' lang='lat' dir='ltr'>mema-</span> 
     </span>
     <span class='ocr_line' id='line_1_4' title="bbox 128 296 1716 349; baseline 0.001 -14"><span class='ocrx_word' id='word_1_25' title='bbox 128 299 235 337; x_wconf 86' lang='lat' dir='ltr'>brum</span> <span class='ocrx_word' id='word_1_26' title='bbox 250 297 299 334; x_wconf 90' lang='lat' dir='ltr'>est</span> <span class='ocrx_word' id='word_1_27' title='bbox 309 298 352 335; x_wconf 87' lang='lat' dir='ltr'>ad</span> <span class='ocrx_word' id='word_1_28' title='bbox 365 308 540 335; x_wconf 87' lang='lat' dir='ltr'>ornatum</span> <span class='ocrx_word' id='word_1_29' title='bbox 553 299 738 347; x_wconf 71' lang='lat' dir='ltr'><strong>pertinens</strong></span> <span class='ocrx_word' id='word_1_30' title='bbox 750 325 760 340; x_wconf 93' lang='lat'>‚</span> <span class='ocrx_word' id='word_1_31' title='bbox 791 297 837 333; x_wconf 91' lang='lat' dir='ltr'>ab</span> <span class='ocrx_word' id='word_1_32' title='bbox 857 296 965 333; x_wconf 69' lang='lat' dir='ltr'>unda:</span> <span class='ocrx_word' id='word_1_33' title='bbox 979 298 1176 335; x_wconf 85' lang='lat' dir='ltr'>undulaeve</span> <span class='ocrx_word' id='word_1_34' title='bbox 1188 296 1424 335; x_wconf 83' lang='lat' dir='ltr'>similitudine</span> <span class='ocrx_word' id='word_1_35' title='bbox 1435 326 1445 341; x_wconf 88' lang='lat'><em>‚</em></span> <span class='ocrx_word' id='word_1_36' title='bbox 1474 310 1588 347; x_wconf 88' lang='lat' dir='ltr'>quam</span> <span class='ocrx_word' id='word_1_37' title='bbox 1600 312 1671 349; x_wconf 81' lang='lat' dir='ltr'>prae</span> <span class='ocrx_word' id='word_1_38' title='bbox 1682 301 1716 337; x_wconf 91' lang='lat' dir='ltr'>se</span> 
     </span>
     <span class='ocr_line' id='line_1_5' title="bbox 126 351 1717 404; baseline 0.001 -13"><span class='ocrx_word' id='word_1_39' title='bbox 126 354 347 399; x_wconf 88' lang='lat' dir='ltr'>fert,elieito</span> <span class='ocrx_word' id='word_1_40' title='bbox 360 355 524 390; x_wconf 91' lang='lat' dir='ltr'>nomine.</span> <span class='ocrx_word' id='word_1_41' title='bbox 543 351 730 389; x_wconf 90' lang='lat' dir='ltr'>Undantis</span> <span class='ocrx_word' id='word_1_42' title='bbox 750 353 850 387; x_wconf 90' lang='lat' dir='ltr'>enim</span> <span class='ocrx_word' id='word_1_43' title='bbox 870 363 972 400; x_wconf 86' lang='lat' dir='ltr'>aquae</span> <span class='ocrx_word' id='word_1_44' title='bbox 994 364 1035 389; x_wconf 87' lang='lat' dir='ltr'>ea</span> <span class='ocrx_word' id='word_1_45' title='bbox 1045 352 1183 403; x_wconf 83' lang='lat' dir='ltr'>species</span> <span class='ocrx_word' id='word_1_46' title='bbox 1194 352 1256 398; x_wconf 86' lang='lat' dir='ltr'>est,</span> <span class='ocrx_word' id='word_1_47' title='bbox 1269 364 1310 390; x_wconf 90' lang='lat' dir='ltr'>ut</span> <span class='ocrx_word' id='word_1_48' title='bbox 1328 364 1410 404; x_wconf 89' lang='lat' dir='ltr'>pars</span> <span class='ocrx_word' id='word_1_49' title='bbox 1423 353 1591 402; x_wconf 86' lang='lat' dir='ltr'>quaedam</span> <span class='ocrx_word' id='word_1_50' title='bbox 1603 358 1717 404; x_wconf 78' lang='lat' dir='ltr'>turgi-</span> 
     </span>
     <span class='ocr_line' id='line_1_6' title="bbox 127 406 1715 462; baseline 0.001 -15"><span class='ocrx_word' id='word_1_51' title='bbox 127 410 211 448; x_wconf 90' lang='lat' dir='ltr'>dior</span> <span class='ocrx_word' id='word_1_52' title='bbox 223 410 273 447; x_wconf 81' lang='lat' dir='ltr'>fit,</span> <span class='ocrx_word' id='word_1_53' title='bbox 288 410 456 459; x_wconf 80' lang='lat' dir='ltr'>quaedam</span> <span class='ocrx_word' id='word_1_54' title='bbox 466 406 632 458; x_wconf 81' lang='lat' dir='ltr'>pressior,</span> <span class='ocrx_word' id='word_1_55' title='bbox 645 408 759 455; x_wconf 82' lang='lat' dir='ltr'>idque</span> <span class='ocrx_word' id='word_1_56' title='bbox 771 408 938 446; x_wconf 81' lang='lat' dir='ltr'>molliter</span> <span class='ocrx_word' id='word_1_57' title='bbox 948 409 985 445; x_wconf 74' lang='grc' dir='ltr'>ὅ(</span> <span class='ocrx_word' id='word_1_58' title='bbox 996 407 1070 446; x_wconf 83' lang='lat' dir='ltr'>fine</span> <span class='ocrx_word' id='word_1_59' title='bbox 1082 409 1232 458; x_wconf 79' lang='lat' dir='ltr'>angulo,</span> <span class='ocrx_word' id='word_1_60' title='bbox 1247 421 1363 458; x_wconf 88' lang='lat' dir='ltr'>quam</span> <span class='ocrx_word' id='word_1_61' title='bbox 1374 410 1578 458; x_wconf 82' lang='lat' dir='ltr'>imaginem</span> <span class='ocrx_word' id='word_1_62' title='bbox 1588 413 1624 447; x_wconf 91' lang='lat' dir='ltr'>in</span> <span class='ocrx_word' id='word_1_63' title='bbox 1635 410 1715 462; x_wconf 89' lang='lat' dir='ltr'>ipso</span> 
     </span>
     <span class='ocr_line' id='line_1_7' title="bbox 127 464 1747 517; baseline 0 -14"><span class='ocrx_word' id='word_1_64' title='bbox 127 467 291 514; x_wconf 76' lang='lat' dir='ltr'>cymatio</span> <span class='ocrx_word' id='word_1_65' title='bbox 311 464 559 503; x_wconf 85' lang='lat' dir='ltr'>observamus.</span> <span class='ocrx_word' id='word_1_66' title='bbox 589 464 779 500; x_wconf 81' lang='lat' dir='ltr'>Vitruvius</span> <span class='ocrx_word' id='word_1_67' title='bbox 798 465 907 500; x_wconf 87' lang='lat' dir='ltr'>vocis</span> <span class='ocrx_word' id='word_1_68' title='bbox 925 473 1079 512; x_wconf 81' lang='lat' dir='ltr'>etymon</span> <span class='ocrx_word' id='word_1_69' title='bbox 1098 465 1231 502; x_wconf 85' lang='lat' dir='ltr'>Latine</span> <span class='ocrx_word' id='word_1_70' title='bbox 1254 467 1438 516; x_wconf 81' lang='lat' dir='ltr'>explicans</span> <span class='ocrx_word' id='word_1_71' title='bbox 1456 466 1561 503; x_wconf 88' lang='lat' dir='ltr'>lib.v·.</span> <span class='ocrx_word' id='word_1_72' title='bbox 1584 478 1663 517; x_wconf 87' lang='lat' dir='ltr'>cap.</span> <span class='ocrx_word' id='word_1_73' title='bbox 1678 482 1715 512; x_wconf 90' lang='lat'>7.</span> <span class='ocrx_word' id='word_1_74' title='bbox 1743 470 1747 472; x_wconf 62' lang='grc'><strong>“</strong></span> 
     </span>
     <span class='ocr_line' id='line_1_8' title="bbox 127 516 1716 571; baseline 0 -12"><span class='ocrx_word' id='word_1_75' title='bbox 127 522 267 560; x_wconf 79' lang='lat' dir='ltr'>undam</span> <span class='ocrx_word' id='word_1_76' title='bbox 285 522 448 559; x_wconf 88' lang='lat' dir='ltr'>vocavit.</span> <span class='ocrx_word' id='word_1_77' title='bbox 483 518 550 556; x_wconf 90' lang='lat' dir='ltr'>Ait</span> <span class='ocrx_word' id='word_1_78' title='bbox 570 521 669 556; x_wconf 88' lang='lat' dir='ltr'>enim</span> <span class='ocrx_word' id='word_1_79' title='bbox 681 519 750 558; x_wconf 87' lang='lat' dir='ltr'>ibi,</span> <span class='ocrx_word' id='word_1_80' title='bbox 784 517 944 555; x_wconf 71' lang='lat' dir='ltr'>pluteum</span> <span class='ocrx_word' id='word_1_81' title='bbox 963 516 1103 571; x_wconf 72' lang='lat' dir='ltr'>insttper</span> <span class='ocrx_word' id='word_1_82' title='bbox 1121 533 1197 556; x_wconf 75' lang='lat' dir='ltr'>cum</span> <span class='ocrx_word' id='word_1_83' title='bbox 1214 519 1327 564; x_wconf 76' lang='lat' dir='ltr'>unda,</span> <span class='ocrx_word' id='word_1_84' title='bbox 1356 520 1433 558; x_wconf 88' lang='lat' dir='ltr'>hoc</span> <span class='ocrx_word' id='word_1_85' title='bbox 1451 520 1520 559; x_wconf 88' lang='lat' dir='ltr'>est,</span> <span class='ocrx_word' id='word_1_86' title='bbox 1549 533 1637 559; x_wconf 90' lang='lat' dir='ltr'>cum</span> <span class='ocrx_word' id='word_1_87' title='bbox 1657 534 1716 571; x_wconf 86' lang='lat' dir='ltr'>cy-</span> 
     </span>
     <span class='ocr_line' id='line_1_9' title="bbox 126 573 1715 627; baseline 0.001 -12"><span class='ocrx_word' id='word_1_88' title='bbox 126 580 264 615; x_wconf 83' lang='lat' dir='ltr'>matio.</span> <span class='ocrx_word' id='word_1_89' title='bbox 298 577 383 614; x_wconf 88' lang='lat' dir='ltr'>Nos</span> <span class='ocrx_word' id='word_1_90' title='bbox 404 573 574 612; x_wconf 77' lang='lat' dir='ltr'>Golettam</span> <span class='ocrx_word' id='word_1_91' title='bbox 595 575 772 618; x_wconf 79' lang='lat' dir='ltr'>dicimuS,</span> <span class='ocrx_word' id='word_1_92' title='bbox 796 585 947 624; x_wconf 86' lang='lat' dir='ltr'>parvam</span> <span class='ocrx_word' id='word_1_93' title='bbox 966 574 1103 613; x_wconf 88' lang='lat' dir='ltr'>scilicet</span> <span class='ocrx_word' id='word_1_94' title='bbox 1119 578 1243 624; x_wconf 82' lang='lat' dir='ltr'>gulam</span> <span class='ocrx_word' id='word_1_95' title='bbox 1257 605 1267 620; x_wconf 90' lang='lat'>,</span> <span class='ocrx_word' id='word_1_96' title='bbox 1293 588 1409 624; x_wconf 84' lang='lat' dir='ltr'>quam</span> <span class='ocrx_word' id='word_1_97' title='bbox 1437 574 1598 626; x_wconf 74' lang='lat' dir='ltr'>cimasc&#39;tm</span> <span class='ocrx_word' id='word_1_98' title='bbox 1617 590 1715 627; x_wconf 77' lang='lat' dir='ltr'>quo—</span> 
     </span>
     <span class='ocr_line' id='line_1_10' title="bbox 126 630 1712 683; baseline 0 -13"><span class='ocrx_word' id='word_1_99' title='bbox 126 646 198 683; x_wconf 88' lang='lat' dir='ltr'>que</span> <span class='ocrx_word' id='word_1_100' title='bbox 219 646 261 670; x_wconf 86' lang='lat' dir='ltr'>ex</span> <span class='ocrx_word' id='word_1_101' title='bbox 280 632 392 670; x_wconf 87' lang='lat' dir='ltr'>veteri</span> <span class='ocrx_word' id='word_1_102' title='bbox 411 630 599 668; x_wconf 87' lang='lat' dir='ltr'>vocabulo</span> <span class='ocrx_word' id='word_1_103' title='bbox 619 631 872 667; x_wconf 78' lang='lat' dir='ltr'>nominamus.</span> <span class='ocrx_word' id='word_1_104' title='bbox 903 630 1085 668; x_wconf 83' lang='lat' dir='ltr'>Palladius</span> <span class='ocrx_word' id='word_1_105' title='bbox 1105 633 1142 668; x_wconf 91' lang='lat' dir='ltr'>in</span> <span class='ocrx_word' id='word_1_106' title='bbox 1168 630 1227 668; x_wconf 87' lang='lat' dir='ltr'>sua</span> <span class='ocrx_word' id='word_1_107' title='bbox 1246 631 1490 669; x_wconf 62' lang='lat' dir='ltr'>architectura</span> <span class='ocrx_word' id='word_1_108' title='bbox 1509 632 1712 671; x_wconf 74' lang='lat' dir='ltr'>vernacule</span> 
     </span>
     <span class='ocr_line' id='line_1_11' title="bbox 123 685 1710 737; baseline 0.001 -12"><span class='ocrx_word' id='word_1_109' title='bbox 123 688 359 726; x_wconf 50' lang='lat' dir='ltr'>ima-dolatum</span> <span class='ocrx_word' id='word_1_110' title='bbox 378 686 547 737; x_wconf 83' lang='lat' dir='ltr'>appellat.</span> <span class='ocrx_word' id='word_1_111' title='bbox 581 687 788 734; x_wconf 85' lang='lat' dir='ltr'>Duplicem</span> <span class='ocrx_word' id='word_1_112' title='bbox 809 695 935 722; x_wconf 88' lang='lat' dir='ltr'>autem</span> <span class='ocrx_word' id='word_1_113' title='bbox 956 685 1138 732; x_wconf 80' lang='lat' dir='ltr'>undulam</span> <span class='ocrx_word' id='word_1_114' title='bbox 1157 688 1412 735; x_wconf 84' lang='lat' dir='ltr'>cymatiumve</span> <span class='ocrx_word' id='word_1_115' title='bbox 1433 687 1710 737; x_wconf 83' lang='lat' dir='ltr'>cognoscimus,</span> 
     </span>
     <span class='ocr_line' id='line_1_12' title="bbox 124 741 1712 792; baseline 0.001 -10"><span class='ocrx_word' id='word_1_116' title='bbox 124 746 308 782; x_wconf 66' lang='lat' dir='ltr'>restam&amp;</span> <span class='ocrx_word' id='word_1_117' title='bbox 320 742 506 780; x_wconf 79' lang='lat' dir='ltr'>inversam.</span> <span class='ocrx_word' id='word_1_118' title='bbox 538 742 733 779; x_wconf 85' lang='lat' dir='ltr'>Vitruvius</span> <span class='ocrx_word' id='word_1_119' title='bbox 756 741 892 777; x_wconf 86' lang='lat' dir='ltr'>Dorici</span> <span class='ocrx_word' id='word_1_120' title='bbox 909 742 1083 778; x_wconf 87' lang='lat' dir='ltr'>meminit</span> <span class='ocrx_word' id='word_1_121' title='bbox 1101 742 1296 790; x_wconf 85' lang='lat' dir='ltr'>cymatii&amp;</span> <span class='ocrx_word' id='word_1_122' title='bbox 1313 742 1435 779; x_wconf 79' lang='lat' dir='ltr'>Lesbii</span> <span class='ocrx_word' id='word_1_123' title='bbox 1447 756 1548 792; x_wconf 82' lang='lat' dir='ltr'>‚quae</span> <span class='ocrx_word' id='word_1_124' title='bbox 1566 743 1712 784; x_wconf 78' lang='lat' dir='ltr'>fortasse</span> 
     </span>
     <span class='ocr_line' id='line_1_13' title="bbox 126 795 1714 848; baseline 0 -10"><span class='ocrx_word' id='word_1_125' title='bbox 126 802 232 847; x_wconf 90' lang='lat' dir='ltr'>(licet</span> <span class='ocrx_word' id='word_1_126' title='bbox 242 801 344 838; x_wconf 83' lang='lat' dir='ltr'>aliter</span> <span class='ocrx_word' id='word_1_127' title='bbox 353 800 397 836; x_wconf 88' lang='lat' dir='ltr'>ab</span> <span class='ocrx_word' id='word_1_128' title='bbox 407 798 663 846; x_wconf 79' lang='lat' dir='ltr'>interpretibus</span> <span class='ocrx_word' id='word_1_129' title='bbox 675 795 877 834; x_wconf 84' lang='lat' dir='ltr'>Philandro</span> <span class='ocrx_word' id='word_1_130' title='bbox 888 797 925 833; x_wconf 87' lang='lat'>&amp;</span> <span class='ocrx_word' id='word_1_131' title='bbox 937 796 1100 834; x_wconf 86' lang='lat' dir='ltr'>Barbato</span> <span class='ocrx_word' id='word_1_132' title='bbox 1113 799 1291 848; x_wconf 79' lang='lat' dir='ltr'>capiatur)</span> <span class='ocrx_word' id='word_1_133' title='bbox 1304 799 1340 833; x_wconf 88' lang='lat' dir='ltr'>in</span> <span class='ocrx_word' id='word_1_134' title='bbox 1353 799 1517 836; x_wconf 87' lang='lat' dir='ltr'>nostram</span> <span class='ocrx_word' id='word_1_135' title='bbox 1530 800 1663 837; x_wconf 57' lang='lat' dir='ltr'>ref-‘tam</span> <span class='ocrx_word' id='word_1_136' title='bbox 1675 800 1714 838; x_wconf 85' lang='lat'>&amp;</span> 
     </span>
     <span class='ocr_line' id='line_1_14' title="bbox 124 851 1711 906; baseline -0.005 -12"><span class='ocrx_word' id='word_1_137' title='bbox 124 856 299 894; x_wconf 81' lang='lat' dir='ltr'>inversam</span> <span class='ocrx_word' id='word_1_138' title='bbox 312 856 433 904; x_wconf 83' lang='lat' dir='ltr'>gulam</span> <span class='ocrx_word' id='word_1_139' title='bbox 446 853 680 890; x_wconf 82' lang='lat' dir='ltr'>coincidunt.</span> <span class='ocrx_word' id='word_1_140' title='bbox 710 852 930 890; x_wconf 86' lang='lat' dir='ltr'>Membrum</span> <span class='ocrx_word' id='word_1_141' title='bbox 941 852 1016 890; x_wconf 86' lang='lat' dir='ltr'>hoe</span> <span class='ocrx_word' id='word_1_142' title='bbox 1030 853 1104 891; x_wconf 81' lang='lat' dir='ltr'>alio</span> <span class='ocrx_word' id='word_1_143' title='bbox 1126 853 1282 890; x_wconf 87' lang='lat' dir='ltr'>nomine</span> <span class='ocrx_word' id='word_1_144' title='bbox 1303 851 1416 904; x_wconf 65' lang='lat' dir='ltr'>Lyfim</span> <span class='ocrx_word' id='word_1_145' title='bbox 1435 856 1631 906; x_wconf 82' lang='lat' dir='ltr'>appellavit</span> <span class='ocrx_word' id='word_1_146' title='bbox 1642 858 1711 898; x_wconf 62' lang='lat' dir='ltr'>Vi-</span> 
     </span>
     <span class='ocr_line' id='line_1_15' title="bbox 124 908 662 959; baseline -0.011 -8"><span class='ocrx_word' id='word_1_147' title='bbox 124 914 280 951; x_wconf 63' lang='lat' dir='ltr'>fluvius,</span> <span class='ocrx_word' id='word_1_148' title='bbox 303 911 348 947; x_wconf 88' lang='lat' dir='ltr'>de</span> <span class='ocrx_word' id='word_1_149' title='bbox 369 922 447 959; x_wconf 90' lang='lat' dir='ltr'>quo</span> <span class='ocrx_word' id='word_1_150' title='bbox 468 908 535 946; x_wconf 92' lang='lat' dir='ltr'>suo</span> <span class='ocrx_word' id='word_1_151' title='bbox 554 909 662 946; x_wconf 86' lang='lat' dir='ltr'>loco.</span> 
     </span>
    </p>

    <p class='ocr_par' dir='ltr' id='par_1_4' title="bbox 122 963 1713 1340">
     <span class='ocr_line' id='line_1_16' title="bbox 181 963 1712 1014; baseline -0.001 -8"><span class='ocrx_word' id='word_1_152' title='bbox 181 969 215 1006; x_wconf 91' lang='lat' dir='ltr'>C</span> <span class='ocrx_word' id='word_1_153' title='bbox 228 980 248 1006; x_wconf 83' lang='lat' dir='ltr'><strong>Y</strong></span> <span class='ocrx_word' id='word_1_154' title='bbox 261 980 286 1004; x_wconf 83' lang='lat' dir='ltr'>M</span> <span class='ocrx_word' id='word_1_155' title='bbox 298 978 319 1004; x_wconf 80' lang='grc' dir='ltr'>Β</span> <span class='ocrx_word' id='word_1_156' title='bbox 330 981 351 1004; x_wconf 71' lang='grc' dir='ltr'>Α</span> <span class='ocrx_word' id='word_1_157' title='bbox 368 981 386 1003; x_wconf 84' lang='lat' dir='ltr'>L</span> <span class='ocrx_word' id='word_1_158' title='bbox 398 978 421 1004; x_wconf 91' lang='lat' dir='ltr'>v</span> <span class='ocrx_word' id='word_1_159' title='bbox 432 978 471 1002; x_wconf 84' lang='lat' dir='ltr'>M.</span> <span class='ocrx_word' id='word_1_160' title='bbox 501 964 585 1001; x_wconf 89' lang='lat' dir='ltr'>Lib.</span> <span class='ocrx_word' id='word_1_161' title='bbox 600 977 634 1000; x_wconf 79' lang='lat' dir='ltr'>x.</span> <span class='ocrx_word' id='word_1_162' title='bbox 648 976 680 1001; x_wconf 89' lang='lat' dir='ltr'>c.</span> <span class='ocrx_word' id='word_1_163' title='bbox 697 977 755 1008; x_wconf 83' lang='lat'>13-</span> <span class='ocrx_word' id='word_1_164' title='bbox 786 964 848 1001; x_wconf 92' lang='lat' dir='ltr'>De</span> <span class='ocrx_word' id='word_1_165' title='bbox 859 963 999 1002; x_wconf 81' lang='lat' dir='ltr'>fabrica</span> <span class='ocrx_word' id='word_1_166' title='bbox 1011 964 1190 1003; x_wconf 75' lang='lat' dir='ltr'>machina:</span> <span class='ocrx_word' id='word_1_167' title='bbox 1202 965 1442 1014; x_wconf 81' lang='lat' dir='ltr'>hydraulicae:</span> <span class='ocrx_word' id='word_1_168' title='bbox 1474 971 1518 1001; x_wconf 78' lang='lat' dir='ltr'>In</span> <span class='ocrx_word' id='word_1_169' title='bbox 1529 967 1712 1006; x_wconf 77' lang='lat' dir='ltr'>verticulis</span> 
     </span>
     <span class='ocr_line' id='line_1_17' title="bbox 122 1016 1712 1073; baseline -0.001 -13"><span class='ocrx_word' id='word_1_170' title='bbox 122 1023 349 1060; x_wconf 72' lang='lat' dir='ltr'>collocmaerei</span> <span class='ocrx_word' id='word_1_171' title='bbox 358 1017 520 1073; x_wconf 74' lang='lat' dir='ltr'>Delphini</span> <span class='ocrx_word' id='word_1_172' title='bbox 522 1018 706 1072; x_wconf 60' lang='lat' dir='ltr'>pendentia</span> <span class='ocrx_word' id='word_1_173' title='bbox 719 1016 881 1055; x_wconf 65' lang='lat' dir='ltr'>lubentes</span> <span class='ocrx_word' id='word_1_174' title='bbox 892 1024 1017 1057; x_wconf 46' lang='lat' dir='ltr'>catenis</span> <span class='ocrx_word' id='word_1_175' title='bbox 1027 1018 1176 1073; x_wconf 80' lang='lat' dir='ltr'>cymbala</span> <span class='ocrx_word' id='word_1_176' title='bbox 1185 1034 1229 1058; x_wconf 83' lang='lat' dir='ltr'>ex</span> <span class='ocrx_word' id='word_1_177' title='bbox 1239 1034 1320 1066; x_wconf 81' lang='lat' dir='ltr'>aere,</span> <span class='ocrx_word' id='word_1_178' title='bbox 1337 1020 1432 1071; x_wconf 74' lang='lat' dir='ltr'>infra</span> <span class='ocrx_word' id='word_1_179' title='bbox 1440 1019 1624 1072; x_wconf 77' lang='lat' dir='ltr'>foramina</span> <span class='ocrx_word' id='word_1_180' title='bbox 1641 1037 1712 1059; x_wconf 84' lang='lat' dir='ltr'>mo-</span> 
     </span>
     <span class='ocr_line' id='line_1_18' title="bbox 122 1073 1713 1126; baseline 0.001 -11"><span class='ocrx_word' id='word_1_181' title='bbox 122 1077 286 1116; x_wconf 73' lang='lat' dir='ltr'>diolorum</span> <span class='ocrx_word' id='word_1_182' title='bbox 303 1073 450 1113; x_wconf 66' lang='lat' dir='ltr'>chalam.</span> <span class='ocrx_word' id='word_1_183' title='bbox 483 1076 636 1113; x_wconf 86' lang='lat' dir='ltr'>Baldus:</span> <span class='ocrx_word' id='word_1_184' title='bbox 669 1075 900 1123; x_wconf 75' lang='lat' dir='ltr'>Cymbalum</span> <span class='ocrx_word' id='word_1_185' title='bbox 911 1077 1045 1113; x_wconf 85' lang='lat' dir='ltr'>vocale</span> <span class='ocrx_word' id='word_1_186' title='bbox 1056 1089 1240 1126; x_wconf 77' lang='lat' dir='ltr'>organum</span> <span class='ocrx_word' id='word_1_187' title='bbox 1252 1079 1369 1126; x_wconf 81' lang='lat' dir='ltr'>vulgo</span> <span class='ocrx_word' id='word_1_188' title='bbox 1379 1088 1527 1115; x_wconf 89' lang='lat' dir='ltr'>notum.</span> <span class='ocrx_word' id='word_1_189' title='bbox 1548 1079 1612 1116; x_wconf 91' lang='lat' dir='ltr'>Ab</span> <span class='ocrx_word' id='word_1_190' title='bbox 1633 1081 1713 1125; x_wconf 73' lang='lat' dir='ltr'>ejus</span> 
     </span>
     <span class='ocr_line' id='line_1_19' title="bbox 122 1131 1713 1181; baseline 0 -9"><span class='ocrx_word' id='word_1_191' title='bbox 122 1134 253 1172; x_wconf 89' lang='lat' dir='ltr'>formae</span> <span class='ocrx_word' id='word_1_192' title='bbox 283 1132 518 1170; x_wconf 80' lang='lat' dir='ltr'>similitudine</span> <span class='ocrx_word' id='word_1_193' title='bbox 530 1161 539 1176; x_wconf 91' lang='lat'>‚</span> <span class='ocrx_word' id='word_1_194' title='bbox 571 1131 739 1179; x_wconf 67' lang='lat' dir='ltr'>cymbala</span> <span class='ocrx_word' id='word_1_195' title='bbox 769 1131 847 1168; x_wconf 80' lang='lat' dir='ltr'>haec</span> <span class='ocrx_word' id='word_1_196' title='bbox 880 1131 925 1168; x_wconf 91' lang='lat' dir='ltr'>de</span> <span class='ocrx_word' id='word_1_197' title='bbox 942 1133 1082 1181; x_wconf 87' lang='lat' dir='ltr'>quibus</span> <span class='ocrx_word' id='word_1_198' title='bbox 1115 1134 1317 1171; x_wconf 80' lang='lat' dir='ltr'>Vitruvius.</span> <span class='ocrx_word' id='word_1_199' title='bbox 1352 1134 1465 1170; x_wconf 83' lang='lat' dir='ltr'>Erant</span> <span class='ocrx_word' id='word_1_200' title='bbox 1487 1143 1612 1171; x_wconf 88' lang='lat' dir='ltr'>autem</span> <span class='ocrx_word' id='word_1_201' title='bbox 1631 1134 1713 1173; x_wconf 81' lang='lat' dir='ltr'>vasa</span> 
     </span>
     <span class='ocr_line' id='line_1_20' title="bbox 123 1187 1711 1240; baseline 0 -13"><span class='ocrx_word' id='word_1_202' title='bbox 123 1190 293 1240; x_wconf 83' lang='lat' dir='ltr'>quaedam</span> <span class='ocrx_word' id='word_1_203' title='bbox 316 1188 451 1225; x_wconf 79' lang='lat' dir='ltr'>inversa</span> <span class='ocrx_word' id='word_1_204' title='bbox 465 1217 475 1232; x_wconf 91' lang='lat'><em>‚</em></span> <span class='ocrx_word' id='word_1_205' title='bbox 494 1187 629 1237; x_wconf 87' lang='lat' dir='ltr'>quibus</span> <span class='ocrx_word' id='word_1_206' title='bbox 651 1187 739 1224; x_wconf 87' lang='lat' dir='ltr'>dum</span> <span class='ocrx_word' id='word_1_207' title='bbox 758 1188 778 1224; x_wconf 71' lang='grc' dir='ltr'>ἐι</span> <span class='ocrx_word' id='word_1_208' title='bbox 797 1187 818 1222; x_wconf 91' lang='lat' dir='ltr'>s</span> <span class='ocrx_word' id='word_1_209' title='bbox 812 1188 923 1237; x_wconf 89' lang='lat' dir='ltr'>piritu</span> <span class='ocrx_word' id='word_1_210' title='bbox 944 1190 1221 1238; x_wconf 81' lang='lat' dir='ltr'>impellerentur</span> <span class='ocrx_word' id='word_1_211' title='bbox 1234 1218 1243 1233; x_wconf 88' lang='lat'><em>‚</em></span> <span class='ocrx_word' id='word_1_212' title='bbox 1263 1199 1304 1225; x_wconf 91' lang='lat' dir='ltr'>ut</span> <span class='ocrx_word' id='word_1_213' title='bbox 1322 1189 1368 1226; x_wconf 84' lang='lat' dir='ltr'>ab</span> <span class='ocrx_word' id='word_1_214' title='bbox 1389 1187 1542 1234; x_wconf 83' lang='lat' dir='ltr'>affariis,</span> <span class='ocrx_word' id='word_1_215' title='bbox 1561 1190 1711 1227; x_wconf 87' lang='lat' dir='ltr'>forami-</span> 
     </span>
     <span class='ocr_line' id='line_1_21' title="bbox 122 1244 1711 1295; baseline 0.001 -11"><span class='ocrx_word' id='word_1_216' title='bbox 122 1259 172 1284; x_wconf 82' lang='lat' dir='ltr'>na</span> <span class='ocrx_word' id='word_1_217' title='bbox 199 1245 462 1282; x_wconf 79' lang='lat' dir='ltr'>modiolorum</span> <span class='ocrx_word' id='word_1_218' title='bbox 489 1244 784 1281; x_wconf 82' lang='lat' dir='ltr'>obstruebantur.</span> <span class='ocrx_word' id='word_1_219' title='bbox 816 1244 918 1280; x_wconf 85' lang='lat' dir='ltr'>Rem</span> <span class='ocrx_word' id='word_1_220' title='bbox 936 1254 1057 1282; x_wconf 83' lang='lat' dir='ltr'>totam</span> <span class='ocrx_word' id='word_1_221' title='bbox 1077 1246 1195 1283; x_wconf 88' lang='lat' dir='ltr'>oeulis</span> <span class='ocrx_word' id='word_1_222' title='bbox 1216 1256 1345 1295; x_wconf 79' lang='lat' dir='ltr'>tanges</span> <span class='ocrx_word' id='word_1_223' title='bbox 1367 1246 1406 1281; x_wconf 90' lang='lat' dir='ltr'>in</span> <span class='ocrx_word' id='word_1_224' title='bbox 1426 1257 1498 1291; x_wconf 87' lang='lat' dir='ltr'>eo,</span> <span class='ocrx_word' id='word_1_225' title='bbox 1527 1258 1644 1295; x_wconf 84' lang='lat' dir='ltr'>quem</span> <span class='ocrx_word' id='word_1_226' title='bbox 1664 1246 1711 1284; x_wconf 86' lang='lat' dir='ltr'>de</span> 
     </span>
     <span class='ocr_line' id='line_1_22' title="bbox 123 1298 1448 1340; baseline -0.002 -1"><span class='ocrx_word' id='word_1_227' title='bbox 123 1301 403 1340; x_wconf 83' lang='lat' dir='ltr'>machinatione</span> <span class='ocrx_word' id='word_1_228' title='bbox 414 1302 477 1338; x_wconf 69' lang='lat' dir='ltr'>illav</span> <span class='ocrx_word' id='word_1_229' title='bbox 493 1300 539 1338; x_wconf 90' lang='lat' dir='ltr'>ad</span> <span class='ocrx_word' id='word_1_230' title='bbox 549 1300 763 1340; x_wconf 83' lang='lat' dir='ltr'>Vitruvium</span> <span class='ocrx_word' id='word_1_231' title='bbox 774 1298 928 1338; x_wconf 84' lang='lat' dir='ltr'>edemus</span> <span class='ocrx_word' id='word_1_232' title='bbox 939 1299 1089 1340; x_wconf 81' lang='lat' dir='ltr'>seorsim</span> <span class='ocrx_word' id='word_1_233' title='bbox 1100 1301 1448 1340; x_wconf 87' lang='lat' dir='ltr'>Commentarium.</span> 
     </span>
    </p>
   </div>
   <div class='ocr_carea' id='block_1_3' title="bbox 881 1416 957 1472">
    <p class='ocr_par' dir='ltr' id='par_1_5' title="bbox 881 1416 957 1472">
     <span class='ocr_line' id='line_1_23' title="bbox 881 1416 957 1472; baseline 0.053 -4"><span class='ocrx_word' id='word_1_234' title='bbox 881 1416 957 1472; x_wconf 89' lang='lat' dir='ltr'>D.</span> 
     </span>
    </p>
   </div>
   <div class='ocr_carea' id='block_1_4' title="bbox 112 1522 1713 2972">
    <p class='ocr_par' dir='ltr' id='par_1_6' title="bbox 121 1522 1712 1637">
     <span class='ocr_line' id='line_1_24' title="bbox 121 1522 1711 1609; baseline -0.003 -43"><span class='ocrx_word' id='word_1_235' title='bbox 121 1527 241 1609; x_wconf 89' lang='lat' dir='ltr'>DE</span> <span class='ocrx_word' id='word_1_236' title='bbox 255 1539 311 1567; x_wconf 68' lang='lat' dir='ltr'>CA</span> <span class='ocrx_word' id='word_1_237' title='bbox 327 1540 340 1565; x_wconf 83' lang='lat' dir='ltr'>s</span> <span class='ocrx_word' id='word_1_238' title='bbox 353 1539 378 1567; x_wconf 86' lang='lat' dir='ltr'>T</span> <span class='ocrx_word' id='word_1_239' title='bbox 390 1540 411 1567; x_wconf 82' lang='grc' dir='ltr'><strong>Υ</strong></span> <span class='ocrx_word' id='word_1_240' title='bbox 426 1543 445 1566; x_wconf 84' lang='lat' dir='ltr'>L</span> <span class='ocrx_word' id='word_1_241' title='bbox 458 1538 484 1564; x_wconf 90' lang='lat' dir='ltr'>o</span> <span class='ocrx_word' id='word_1_242' title='bbox 499 1541 526 1565; x_wconf 85' lang='lat' dir='ltr'>s.</span> <span class='ocrx_word' id='word_1_243' title='bbox 555 1528 637 1567; x_wconf 90' lang='lat' dir='ltr'>Lib.</span> <span class='ocrx_word' id='word_1_244' title='bbox 656 1543 669 1566; x_wconf 88' lang='lat'>1</span> <span class='ocrx_word' id='word_1_245' title='bbox 683 1542 696 1566; x_wconf 93' lang='lat'>1</span> <span class='ocrx_word' id='word_1_246' title='bbox 709 1542 740 1566; x_wconf 91' lang='lat'>1.</span> <span class='ocrx_word' id='word_1_247' title='bbox 762 1542 793 1568; x_wconf 88' lang='lat' dir='ltr'>e.</span> <span class='ocrx_word' id='word_1_248' title='bbox 813 1543 844 1568; x_wconf 90' lang='lat'>1.</span> <span class='ocrx_word' id='word_1_249' title='bbox 872 1528 1069 1585; x_wconf 86' lang='lat' dir='ltr'>Hypaethros</span> <span class='ocrx_word' id='word_1_250' title='bbox 1097 1529 1186 1566; x_wconf 69' lang='lat' dir='ltr'>vero*</span> <span class='ocrx_word' id='word_1_251' title='bbox 1213 1528 1425 1581; x_wconf 73' lang='lat' dir='ltr'>Decas‘iylos,</span> <span class='ocrx_word' id='word_1_252' title='bbox 1452 1522 1527 1567; x_wconf 61' lang='lat' dir='ltr'>&amp;a</span> <span class='ocrx_word' id='word_1_253' title='bbox 1557 1526 1711 1564; x_wconf 85' lang='lat' dir='ltr'>Baldus:</span> 
     </span>
     <span class='ocr_line' id='line_1_25' title="bbox 214 1585 1712 1637; baseline -0.002 -16"><span class='ocrx_word' id='word_1_254' title='bbox 214 1585 252 1620; x_wconf 90' lang='lat' dir='ltr'>A</span> <span class='ocrx_word' id='word_1_255' title='bbox 264 1597 425 1621; x_wconf 83' lang='lat' dir='ltr'>numero</span> <span class='ocrx_word' id='word_1_256' title='bbox 436 1586 718 1624; x_wconf 85' lang='lat' dir='ltr'>columnarum:</span> <span class='ocrx_word' id='word_1_257' title='bbox 738 1586 887 1632; x_wconf 89' lang='lat' dir='ltr'>hujusce</span> <span class='ocrx_word' id='word_1_258' title='bbox 908 1589 1011 1625; x_wconf 90' lang='lat' dir='ltr'>enim</span> <span class='ocrx_word' id='word_1_259' title='bbox 1029 1585 1207 1636; x_wconf 85' lang='lat' dir='ltr'>hypaethri</span> <span class='ocrx_word' id='word_1_260' title='bbox 1217 1586 1237 1622; x_wconf 94' lang='lat' dir='ltr'>s</span> <span class='ocrx_word' id='word_1_261' title='bbox 1229 1588 1353 1637; x_wconf 90' lang='lat' dir='ltr'>pecies</span> <span class='ocrx_word' id='word_1_262' title='bbox 1371 1585 1503 1622; x_wconf 88' lang='lat' dir='ltr'>decem</span> <span class='ocrx_word' id='word_1_263' title='bbox 1514 1585 1712 1620; x_wconf 85' lang='lat' dir='ltr'>columnas</span> 
     </span>
    </p>

    <p class='ocr_par' dir='ltr' id='par_1_7' title="bbox 121 1635 1711 1696">
     <span class='ocr_line' id='line_1_26' title="bbox 121 1635 1711 1696; baseline 0 -21"><span class='ocrx_word' id='word_1_264' title='bbox 121 1638 282 1677; x_wconf 84' lang='lat' dir='ltr'>habebat</span> <span class='ocrx_word' id='word_1_265' title='bbox 303 1642 340 1677; x_wconf 89' lang='lat' dir='ltr'>in</span> <span class='ocrx_word' id='word_1_266' title='bbox 358 1640 480 1678; x_wconf 90' lang='lat' dir='ltr'>fronte</span> <span class='ocrx_word' id='word_1_267' title='bbox 499 1670 510 1685; x_wconf 95' lang='lat'>‚</span> <span class='ocrx_word' id='word_1_268' title='bbox 544 1643 582 1679; x_wconf 70' lang='grc' dir='ltr'>ὃς</span> <span class='ocrx_word' id='word_1_269' title='bbox 601 1643 762 1681; x_wconf 89' lang='lat' dir='ltr'>totidem</span> <span class='ocrx_word' id='word_1_270' title='bbox 778 1644 816 1681; x_wconf 91' lang='lat' dir='ltr'>in</span> <span class='ocrx_word' id='word_1_271' title='bbox 836 1643 996 1696; x_wconf 90' lang='lat' dir='ltr'>postico.</span> <span class='ocrx_word' id='word_1_272' title='bbox 1026 1640 1123 1679; x_wconf 73' lang='grc' dir='ltr'>Δέκοι</span> <span class='ocrx_word' id='word_1_273' title='bbox 1141 1641 1274 1680; x_wconf 89' lang='lat' dir='ltr'>decem</span> <span class='ocrx_word' id='word_1_274' title='bbox 1291 1641 1389 1693; x_wconf 82' lang='lat' dir='ltr'>apud</span> <span class='ocrx_word' id='word_1_275' title='bbox 1404 1635 1711 1686; x_wconf 51' lang='lat' dir='ltr'>Graecosstv&#39;a&amp;</span> 
     </span>
    </p>

    <p class='ocr_par' dir='ltr' id='par_1_8' title="bbox 122 1697 1569 1735">
     <span class='ocr_line' id='line_1_27' title="bbox 122 1697 1569 1735; baseline -0.001 -3"><span class='ocrx_word' id='word_1_276' title='bbox 122 1697 313 1735; x_wconf 87' lang='lat' dir='ltr'>columna.</span> <span class='ocrx_word' id='word_1_277' title='bbox 1565 1718 1569 1722; x_wconf 95' lang='lat'>-</span> 
     </span>
    </p>

    <p class='ocr_par' dir='ltr' id='par_1_9' title="bbox 112 1747 1713 2972">
     <span class='ocr_line' id='line_1_28' title="bbox 176 1747 1712 1808; baseline 0 -21"><span class='ocrx_word' id='word_1_278' title='bbox 176 1752 214 1787; x_wconf 94' lang='lat' dir='ltr'>D</span> <span class='ocrx_word' id='word_1_279' title='bbox 231 1766 247 1789; x_wconf 80' lang='lat' dir='ltr'>E</span> <span class='ocrx_word' id='word_1_280' title='bbox 261 1767 281 1789; x_wconf 86' lang='lat' dir='ltr'>e</span> <span class='ocrx_word' id='word_1_281' title='bbox 295 1763 319 1789; x_wconf 88' lang='lat' dir='ltr'>v</span> <span class='ocrx_word' id='word_1_282' title='bbox 334 1764 348 1787; x_wconf 88' lang='lat' dir='ltr'>s</span> <span class='ocrx_word' id='word_1_283' title='bbox 365 1765 378 1788; x_wconf 86' lang='lat' dir='ltr'>s</span> <span class='ocrx_word' id='word_1_284' title='bbox 392 1765 415 1788; x_wconf 75' lang='lat' dir='ltr'>A</span> <span class='ocrx_word' id='word_1_285' title='bbox 430 1767 454 1789; x_wconf 93' lang='grc' dir='ltr'>τ</span> <span class='ocrx_word' id='word_1_286' title='bbox 471 1765 531 1791; x_wconf 93' lang='lat'>10-</span> <span class='ocrx_word' id='word_1_287' title='bbox 562 1754 646 1791; x_wconf 86' lang='lat' dir='ltr'>Lib.</span> <span class='ocrx_word' id='word_1_288' title='bbox 664 1767 695 1791; x_wconf 92' lang='lat'>1.</span> <span class='ocrx_word' id='word_1_289' title='bbox 709 1767 788 1805; x_wconf 88' lang='lat' dir='ltr'>cap.</span> <span class='ocrx_word' id='word_1_290' title='bbox 802 1760 836 1791; x_wconf 89' lang='lat'>6.</span> <span class='ocrx_word' id='word_1_291' title='bbox 859 1763 915 1793; x_wconf 79' lang='lat' dir='ltr'>Ex</span> <span class='ocrx_word' id='word_1_292' title='bbox 925 1753 977 1793; x_wconf 55' lang='lat' dir='ltr'>ha</span> <span class='ocrx_word' id='word_1_293' title='bbox 987 1751 1112 1791; x_wconf 77' lang='lat' dir='ltr'><em>duobus</em></span> <span class='ocrx_word' id='word_1_294' title='bbox 1129 1754 1233 1808; x_wconf 78' lang='lat' dir='ltr'>tignis</span> <span class='ocrx_word' id='word_1_295' title='bbox 1241 1753 1367 1789; x_wconf 75' lang='lat' dir='ltr'>circino</span> <span class='ocrx_word' id='word_1_296' title='bbox 1376 1748 1577 1802; x_wconf 74' lang='lat' dir='ltr'>decuffiztim</span> <span class='ocrx_word' id='word_1_297' title='bbox 1587 1747 1712 1801; x_wconf 71' lang='lat' dir='ltr'>desc&#39;ri—</span> 
     </span>
     <span class='ocr_line' id='line_1_29' title="bbox 118 1802 1713 1858; baseline 0.001 -16"><span class='ocrx_word' id='word_1_298' title='bbox 118 1802 269 1842; x_wconf 62' lang='lat' dir='ltr'>bendum</span> <span class='ocrx_word' id='word_1_299' title='bbox 278 1833 285 1846; x_wconf 85' lang='lat'>‚</span> <span class='ocrx_word' id='word_1_300' title='bbox 310 1802 354 1845; x_wconf 61' lang='grc' dir='ltr'><em>ά</em></span> <span class='ocrx_word' id='word_1_301' title='bbox 359 1820 425 1858; x_wconf 80' lang='lat' dir='ltr'>per</span> <span class='ocrx_word' id='word_1_302' title='bbox 433 1805 693 1858; x_wconf 71' lang='lat' dir='ltr'>decuffitt&#39;onem</span> <span class='ocrx_word' id='word_1_303' title='bbox 703 1809 747 1854; x_wconf 66' lang='grc' dir='ltr'>όν</span> <span class='ocrx_word' id='word_1_304' title='bbox 756 1809 908 1847; x_wconf 64' lang='lat' dir='ltr'>medium</span> <span class='ocrx_word' id='word_1_305' title='bbox 917 1820 1091 1854; x_wconf 80' lang='lat' dir='ltr'>centrum,</span> <span class='ocrx_word' id='word_1_306' title='bbox 1101 1804 1176 1849; x_wconf 60' lang='lat' dir='ltr'>&amp;a</span> <span class='ocrx_word' id='word_1_307' title='bbox 1206 1808 1358 1846; x_wconf 86' lang='lat' dir='ltr'>Baldus:</span> <span class='ocrx_word' id='word_1_308' title='bbox 1377 1806 1554 1847; x_wconf 81' lang='lat' dir='ltr'>decuffim</span> <span class='ocrx_word' id='word_1_309' title='bbox 1566 1818 1636 1858; x_wconf 84' lang='lat' dir='ltr'>pro</span> <span class='ocrx_word' id='word_1_310' title='bbox 1647 1805 1713 1843; x_wconf 88' lang='lat' dir='ltr'>de-</span> 
     </span>
     <span class='ocr_line' id='line_1_30' title="bbox 119 1862 1712 1916; baseline 0.001 -18"><span class='ocrx_word' id='word_1_311' title='bbox 119 1864 225 1899; x_wconf 87' lang='lat' dir='ltr'>nario</span> <span class='ocrx_word' id='word_1_312' title='bbox 236 1865 374 1913; x_wconf 84' lang='lat' dir='ltr'>accipit</span> <span class='ocrx_word' id='word_1_313' title='bbox 384 1864 576 1902; x_wconf 78' lang='lat' dir='ltr'>Vitruvius</span> <span class='ocrx_word' id='word_1_314' title='bbox 588 1867 610 1902; x_wconf 94' lang='lat' dir='ltr'>l.</span> <span class='ocrx_word' id='word_1_315' title='bbox 628 1881 660 1911; x_wconf 86' lang='lat'>3·</span> <span class='ocrx_word' id='word_1_316' title='bbox 673 1878 755 1916; x_wconf 87' lang='lat' dir='ltr'>cap.</span> <span class='ocrx_word' id='word_1_317' title='bbox 774 1876 804 1904; x_wconf 88' lang='lat'>1.</span> <span class='ocrx_word' id='word_1_318' title='bbox 837 1867 938 1905; x_wconf 89' lang='lat' dir='ltr'>Hinc</span> <span class='ocrx_word' id='word_1_319' title='bbox 950 1865 1135 1904; x_wconf 79' lang='lat' dir='ltr'>deeuffare</span> <span class='ocrx_word' id='word_1_320' title='bbox 1146 1895 1155 1909; x_wconf 88' lang='lat'>‚</span> <span class='ocrx_word' id='word_1_321' title='bbox 1178 1865 1253 1902; x_wconf 94' lang='lat' dir='ltr'>hoc</span> <span class='ocrx_word' id='word_1_322' title='bbox 1265 1864 1314 1902; x_wconf 89' lang='lat' dir='ltr'>cst</span> <span class='ocrx_word' id='word_1_323' title='bbox 1326 1894 1335 1909; x_wconf 85' lang='lat'>‚</span> <span class='ocrx_word' id='word_1_324' title='bbox 1345 1866 1382 1901; x_wconf 92' lang='lat' dir='ltr'>in</span> <span class='ocrx_word' id='word_1_325' title='bbox 1392 1864 1557 1902; x_wconf 83' lang='lat' dir='ltr'>formam</span> <span class='ocrx_word' id='word_1_326' title='bbox 1566 1862 1712 1900; x_wconf 89' lang='lat' dir='ltr'>decadis</span> 
     </span>
     <span class='ocr_line' id='line_1_31' title="bbox 120 1917 1708 1972; baseline 0.001 -19"><span class='ocrx_word' id='word_1_327' title='bbox 120 1917 181 1955; x_wconf 90' lang='lat' dir='ltr'>seu</span> <span class='ocrx_word' id='word_1_328' title='bbox 191 1918 332 1956; x_wconf 82' lang='lat' dir='ltr'>denarii</span> <span class='ocrx_word' id='word_1_329' title='bbox 341 1922 487 1956; x_wconf 88' lang='lat' dir='ltr'>numeri</span> <span class='ocrx_word' id='word_1_330' title='bbox 497 1919 572 1957; x_wconf 89' lang='lat' dir='ltr'>hoe</span> <span class='ocrx_word' id='word_1_331' title='bbox 584 1922 693 1972; x_wconf 67' lang='lat' dir='ltr'>paeto</span> <span class='ocrx_word' id='word_1_332' title='bbox 710 1938 739 1968; x_wconf 76' lang='grc' dir='ltr'><em>χ</em></span> <span class='ocrx_word' id='word_1_333' title='bbox 759 1921 892 1967; x_wconf 85' lang='lat' dir='ltr'>secare,</span> <span class='ocrx_word' id='word_1_334' title='bbox 905 1936 981 1962; x_wconf 85' lang='lat' dir='ltr'>vox</span> <span class='ocrx_word' id='word_1_335' title='bbox 993 1923 1136 1959; x_wconf 82' lang='lat' dir='ltr'>Latinis</span> <span class='ocrx_word' id='word_1_336' title='bbox 1146 1921 1245 1958; x_wconf 86' lang='lat' dir='ltr'>haud</span> <span class='ocrx_word' id='word_1_337' title='bbox 1255 1919 1479 1968; x_wconf 82' lang='lat' dir='ltr'>infrequens.</span> <span class='ocrx_word' id='word_1_338' title='bbox 1498 1919 1593 1955; x_wconf 85' lang='lat' dir='ltr'>Plin.</span> <span class='ocrx_word' id='word_1_339' title='bbox 1607 1919 1630 1954; x_wconf 90' lang='lat' dir='ltr'>l.</span> <span class='ocrx_word' id='word_1_340' title='bbox 1648 1930 1661 1954; x_wconf 93' lang='lat'>1</span> <span class='ocrx_word' id='word_1_341' title='bbox 1674 1926 1708 1955; x_wconf 77' lang='lat' dir='ltr'>s.</span> 
     </span>
     <span class='ocr_line' id='line_1_32' title="bbox 123 1973 1709 2028; baseline -0.001 -18"><span class='ocrx_word' id='word_1_342' title='bbox 123 1985 202 2024; x_wconf 84' lang='lat' dir='ltr'>cap.</span> <span class='ocrx_word' id='word_1_343' title='bbox 228 1985 288 2020; x_wconf 89' lang='lat'>34.</span> <span class='ocrx_word' id='word_1_344' title='bbox 317 1981 500 2012; x_wconf 77' lang='lat' dir='ltr'>Ducantur</span> <span class='ocrx_word' id='word_1_345' title='bbox 510 1975 630 2013; x_wconf 69' lang='lat' dir='ltr'>deinde</span> <span class='ocrx_word' id='word_1_346' title='bbox 647 1976 719 2014; x_wconf 65' lang='lat' dir='ltr'>alia</span> <span class='ocrx_word' id='word_1_347' title='bbox 737 1976 809 2014; x_wconf 73' lang='lat' dir='ltr'>duae</span> <span class='ocrx_word' id='word_1_348' title='bbox 827 1977 919 2015; x_wconf 77' lang='lat' dir='ltr'>lineae</span> <span class='ocrx_word' id='word_1_349' title='bbox 936 1980 975 2015; x_wconf 84' lang='lat' dir='ltr'>in</span> <span class='ocrx_word' id='word_1_350' title='bbox 992 1973 1138 2028; x_wconf 77' lang='lat' dir='ltr'>decuffis</span> <span class='ocrx_word' id='word_1_351' title='bbox 1157 1973 1310 2028; x_wconf 76' lang='lat' dir='ltr'>obliquae,</span> <span class='ocrx_word' id='word_1_352' title='bbox 1322 1973 1394 2019; x_wconf 63' lang='lat' dir='ltr'>dyc.</span> <span class='ocrx_word' id='word_1_353' title='bbox 1426 1974 1619 2012; x_wconf 88' lang='lat' dir='ltr'>Columel.</span> <span class='ocrx_word' id='word_1_354' title='bbox 1635 1975 1658 2010; x_wconf 95' lang='lat' dir='ltr'>l.</span> <span class='ocrx_word' id='word_1_355' title='bbox 1675 1984 1709 2014; x_wconf 84' lang='lat'>3.</span> 
     </span>
     <span class='ocr_line' id='line_1_33' title="bbox 124 2028 1712 2085; baseline 0.001 -21"><span class='ocrx_word' id='word_1_356' title='bbox 124 2040 204 2078; x_wconf 87' lang='lat' dir='ltr'>cap.</span> <span class='ocrx_word' id='word_1_357' title='bbox 222 2042 236 2065; x_wconf 92' lang='lat'>1</span> <span class='ocrx_word' id='word_1_358' title='bbox 247 2043 281 2073; x_wconf 86' lang='lat'>3.</span> <span class='ocrx_word' id='word_1_359' title='bbox 311 2035 403 2067; x_wconf 84' lang='lat' dir='ltr'>Nam</span> <span class='ocrx_word' id='word_1_360' title='bbox 414 2029 501 2068; x_wconf 74' lang='lat' dir='ltr'>duas</span> <span class='ocrx_word' id='word_1_361' title='bbox 509 2030 644 2085; x_wconf 62' lang='lat' dir='ltr'>regulas</span> <span class='ocrx_word' id='word_1_362' title='bbox 654 2034 724 2082; x_wconf 72' lang='lat' dir='ltr'>ejus</span> <span class='ocrx_word' id='word_1_363' title='bbox 735 2032 931 2070; x_wconf 70' lang='lat' dir='ltr'>latitudinis</span> <span class='ocrx_word' id='word_1_364' title='bbox 943 2063 953 2078; x_wconf 93' lang='lat'>‚</span> <span class='ocrx_word' id='word_1_365' title='bbox 971 2030 1235 2085; x_wconf 79' lang='lat' dir='ltr'>quapastinator</span> <span class='ocrx_word' id='word_1_366' title='bbox 1245 2028 1386 2080; x_wconf 70' lang='lat' dir='ltr'>sitlcum</span> <span class='ocrx_word' id='word_1_367' title='bbox 1398 2029 1563 2083; x_wconf 43' lang='grc' dir='ltr'>ΦῘΓιιέΞῑιινιις</span> <span class='ocrx_word' id='word_1_368' title='bbox 1581 2031 1631 2065; x_wconf 72' lang='lat' dir='ltr'>eft‘</span> <span class='ocrx_word' id='word_1_369' title='bbox 1642 2057 1653 2073; x_wconf 87' lang='lat'><em>‚</em></span> <span class='ocrx_word' id='word_1_370' title='bbox 1672 2030 1712 2065; x_wconf 76' lang='lat' dir='ltr'>in</span> 
     </span>
     <span class='ocr_line' id='line_1_34' title="bbox 112 2083 1713 2138; baseline 0.001 -20"><span class='ocrx_word' id='word_1_371' title='bbox 112 2083 257 2135; x_wconf 77' lang='lat' dir='ltr'>speciem</span> <span class='ocrx_word' id='word_1_372' title='bbox 267 2090 378 2121; x_wconf 70' lang='lat' dir='ltr'>Graecae</span> <span class='ocrx_word' id='word_1_373' title='bbox 387 2085 490 2124; x_wconf 66' lang='lat' dir='ltr'>literae</span> <span class='ocrx_word' id='word_1_374' title='bbox 499 2103 527 2133; x_wconf 75' lang='grc' dir='ltr'><strong><em>χ</em></strong></span> <span class='ocrx_word' id='word_1_375' title='bbox 545 2084 806 2138; x_wconf 71' lang='lat' dir='ltr'>decttffaw&#39;mm.</span> <span class='ocrx_word' id='word_1_376' title='bbox 837 2091 883 2128; x_wconf 86' lang='lat' dir='ltr'>Et</span> <span class='ocrx_word' id='word_1_377' title='bbox 901 2090 1042 2127; x_wconf 81' lang='lat' dir='ltr'>Cicero</span> <span class='ocrx_word' id='word_1_378' title='bbox 1059 2089 1097 2124; x_wconf 92' lang='lat' dir='ltr'>in</span> <span class='ocrx_word' id='word_1_379' title='bbox 1114 2087 1175 2125; x_wconf 90' lang='lat' dir='ltr'>lib.</span> <span class='ocrx_word' id='word_1_380' title='bbox 1190 2087 1236 2124; x_wconf 91' lang='lat' dir='ltr'>de</span> <span class='ocrx_word' id='word_1_381' title='bbox 1247 2085 1512 2124; x_wconf 85' lang='lat' dir='ltr'>Univerfitate.</span> <span class='ocrx_word' id='word_1_382' title='bbox 1541 2084 1634 2122; x_wconf 90' lang='lat' dir='ltr'>Illud</span> <span class='ocrx_word' id='word_1_383' title='bbox 1645 2095 1713 2120; x_wconf 89' lang='lat' dir='ltr'>no-</span> 
     </span>
     <span class='ocr_line' id='line_1_35' title="bbox 124 2138 1711 2192; baseline 0 -16"><span class='ocrx_word' id='word_1_384' title='bbox 124 2138 281 2176; x_wconf 83' lang='lat' dir='ltr'>tandum</span> <span class='ocrx_word' id='word_1_385' title='bbox 293 2168 303 2184; x_wconf 92' lang='lat'>,</span> <span class='ocrx_word' id='word_1_386' title='bbox 321 2140 472 2178; x_wconf 84' lang='lat' dir='ltr'>Graecos</span> <span class='ocrx_word' id='word_1_387' title='bbox 482 2155 560 2178; x_wconf 90' lang='lat' dir='ltr'>non</span> <span class='ocrx_word' id='word_1_388' title='bbox 574 2143 594 2179; x_wconf 73' lang='grc' dir='ltr'>ὲ</span> <span class='ocrx_word' id='word_1_389' title='bbox 606 2156 769 2182; x_wconf 83' lang='lat' dir='ltr'>numero</span> <span class='ocrx_word' id='word_1_390' title='bbox 780 2174 790 2189; x_wconf 88' lang='lat'>‚</span> <span class='ocrx_word' id='word_1_391' title='bbox 809 2144 870 2182; x_wconf 89' lang='lat' dir='ltr'>sed</span> <span class='ocrx_word' id='word_1_392' title='bbox 881 2145 900 2181; x_wconf 71' lang='lat' dir='ltr'>a</span> <span class='ocrx_word' id='word_1_393' title='bbox 912 2146 1035 2182; x_wconf 85' lang='lat' dir='ltr'>forma</span> <span class='ocrx_word' id='word_1_394' title='bbox 1045 2144 1159 2181; x_wconf 80' lang='lat' dir='ltr'>litera:</span> <span class='ocrx_word' id='word_1_395' title='bbox 1170 2142 1293 2180; x_wconf 78' lang='lat' dir='ltr'>feciffe</span> <span class='ocrx_word' id='word_1_396' title='bbox 1303 2142 1544 2192; x_wconf 70' lang='lat' dir='ltr'>aequipollens</span> <span class='ocrx_word' id='word_1_397' title='bbox 1554 2139 1711 2177; x_wconf 84' lang='lat' dir='ltr'>verbum</span> 
     </span>
     <span class='ocr_line' id='line_1_36' title="bbox 117 2190 1712 2246; baseline 0.001 -17"><span class='ocrx_word' id='word_1_398' title='bbox 117 2190 258 2246; x_wconf 51' lang='grc' dir='ltr'>χρῴζειν.</span> <span class='ocrx_word' id='word_1_399' title='bbox 282 2207 413 2232; x_wconf 88' lang='lat' dir='ltr'>eorum</span> <span class='ocrx_word' id='word_1_400' title='bbox 425 2199 528 2234; x_wconf 88' lang='lat' dir='ltr'>enim</span> <span class='ocrx_word' id='word_1_401' title='bbox 545 2198 728 2236; x_wconf 67' lang='lat' dir='ltr'>character</span> <span class='ocrx_word' id='word_1_402' title='bbox 747 2215 774 2244; x_wconf 73' lang='grc' dir='ltr'><em>χ</em></span> <span class='ocrx_word' id='word_1_403' title='bbox 799 2198 961 2236; x_wconf 86' lang='lat' dir='ltr'>formam</span> <span class='ocrx_word' id='word_1_404' title='bbox 980 2199 1094 2236; x_wconf 88' lang='lat' dir='ltr'>nostri</span> <span class='ocrx_word' id='word_1_405' title='bbox 1113 2198 1253 2234; x_wconf 89' lang='lat' dir='ltr'>denarii</span> <span class='ocrx_word' id='word_1_406' title='bbox 1262 2197 1394 2240; x_wconf 87' lang='lat' dir='ltr'>refert,</span> <span class='ocrx_word' id='word_1_407' title='bbox 1416 2196 1587 2244; x_wconf 84' lang='lat' dir='ltr'>quamvis</span> <span class='ocrx_word' id='word_1_408' title='bbox 1597 2196 1634 2231; x_wconf 85' lang='lat' dir='ltr'>in</span> <span class='ocrx_word' id='word_1_409' title='bbox 1646 2206 1712 2232; x_wconf 92' lang='lat' dir='ltr'>nu-</span> 
     </span>
     <span class='ocr_line' id='line_1_37' title="bbox 126 2246 1712 2303; baseline 0 -17"><span class='ocrx_word' id='word_1_410' title='bbox 126 2253 235 2287; x_wconf 88' lang='lat' dir='ltr'>meris</span> <span class='ocrx_word' id='word_1_411' title='bbox 246 2250 561 2289; x_wconf 83' lang='lat' dir='ltr'>sexcentenarium</span> <span class='ocrx_word' id='word_1_412' title='bbox 573 2252 701 2301; x_wconf 77' lang='lat' dir='ltr'>signet.</span> <span class='ocrx_word' id='word_1_413' title='bbox 733 2255 921 2291; x_wconf 74' lang='lat' dir='ltr'>Coeterum</span> <span class='ocrx_word' id='word_1_414' title='bbox 941 2253 1047 2303; x_wconf 91' lang='lat' dir='ltr'>quod</span> <span class='ocrx_word' id='word_1_415' title='bbox 1065 2253 1191 2290; x_wconf 81' lang='lat' dir='ltr'>Latini</span> <span class='ocrx_word' id='word_1_416' title='bbox 1209 2252 1414 2296; x_wconf 85' lang='lat' dir='ltr'>decussare‚</span> <span class='ocrx_word' id='word_1_417' title='bbox 1434 2251 1556 2288; x_wconf 82' lang='lat' dir='ltr'>Graeei</span> <span class='ocrx_word' id='word_1_418' title='bbox 1565 2246 1712 2302; x_wconf 52' lang='grc' dir='ltr'>χισίζειιν,</span> 
     </span>
     <span class='ocr_line' id='line_1_38' title="bbox 126 2306 1711 2357; baseline 0.001 -15"><span class='ocrx_word' id='word_1_419' title='bbox 126 2306 241 2343; x_wconf 87' lang='lat' dir='ltr'>nostri</span> <span class='ocrx_word' id='word_1_420' title='bbox 254 2306 274 2342; x_wconf 67' lang='lat'>21</span> <span class='ocrx_word' id='word_1_421' title='bbox 287 2319 398 2343; x_wconf 86' lang='lat' dir='ltr'>cruce</span> <span class='ocrx_word' id='word_1_422' title='bbox 417 2307 531 2344; x_wconf 61' lang='lat' dir='ltr'>ducto</span> <span class='ocrx_word' id='word_1_423' title='bbox 540 2309 658 2345; x_wconf 89' lang='lat' dir='ltr'>verbo</span> <span class='ocrx_word' id='word_1_424' title='bbox 678 2308 806 2345; x_wconf 89' lang='lat' dir='ltr'>dicunt</span> <span class='ocrx_word' id='word_1_425' title='bbox 823 2309 1022 2345; x_wconf 76' lang='lat' dir='ltr'>incrociare.</span> <span class='ocrx_word' id='word_1_426' title='bbox 1053 2306 1215 2344; x_wconf 83' lang='lat' dir='ltr'>Occasio</span> <span class='ocrx_word' id='word_1_427' title='bbox 1226 2307 1405 2357; x_wconf 87' lang='lat' dir='ltr'>postulat,</span> <span class='ocrx_word' id='word_1_428' title='bbox 1426 2308 1464 2344; x_wconf 88' lang='lat'>&amp;</span> <span class='ocrx_word' id='word_1_429' title='bbox 1478 2318 1554 2351; x_wconf 87' lang='lat' dir='ltr'>res,</span> <span class='ocrx_word' id='word_1_430' title='bbox 1571 2307 1615 2343; x_wconf 92' lang='lat' dir='ltr'>de</span> <span class='ocrx_word' id='word_1_431' title='bbox 1635 2319 1711 2356; x_wconf 80' lang='lat' dir='ltr'>qua</span> 
     </span>
     <span class='ocr_line' id='line_1_39' title="bbox 126 2361 1712 2412; baseline 0.001 -13"><span class='ocrx_word' id='word_1_432' title='bbox 126 2365 270 2412; x_wconf 80' lang='lat' dir='ltr'>agimus</span> <span class='ocrx_word' id='word_1_433' title='bbox 283 2391 292 2406; x_wconf 87' lang='lat'>,</span> <span class='ocrx_word' id='word_1_434' title='bbox 312 2363 508 2401; x_wconf 85' lang='lat' dir='ltr'>admonet,</span> <span class='ocrx_word' id='word_1_435' title='bbox 531 2373 570 2401; x_wconf 83' lang='lat' dir='ltr'>ut</span> <span class='ocrx_word' id='word_1_436' title='bbox 588 2363 681 2399; x_wconf 92' lang='lat' dir='ltr'>loeo</span> <span class='ocrx_word' id='word_1_437' title='bbox 704 2364 738 2401; x_wconf 93' lang='lat' dir='ltr'>V</span> <span class='ocrx_word' id='word_1_438' title='bbox 743 2365 866 2401; x_wconf 87' lang='lat' dir='ltr'>itruvii</span> <span class='ocrx_word' id='word_1_439' title='bbox 885 2363 931 2401; x_wconf 90' lang='lat' dir='ltr'>ab</span> <span class='ocrx_word' id='word_1_440' title='bbox 948 2364 1025 2400; x_wconf 86' lang='lat' dir='ltr'>aliis</span> <span class='ocrx_word' id='word_1_441' title='bbox 1042 2362 1166 2400; x_wconf 88' lang='lat' dir='ltr'>adhuc</span> <span class='ocrx_word' id='word_1_442' title='bbox 1185 2374 1265 2399; x_wconf 93' lang='lat' dir='ltr'>non</span> <span class='ocrx_word' id='word_1_443' title='bbox 1283 2362 1563 2408; x_wconf 68' lang='lat' dir='ltr'>intelle&amp;o‚vel</span> <span class='ocrx_word' id='word_1_444' title='bbox 1582 2361 1712 2400; x_wconf 84' lang='lat' dir='ltr'>saltem</span> 
     </span>
     <span class='ocr_line' id='line_1_40' title="bbox 125 2417 1710 2470; baseline -0.001 -15"><span class='ocrx_word' id='word_1_445' title='bbox 125 2430 206 2455; x_wconf 86' lang='lat' dir='ltr'>uon</span> <span class='ocrx_word' id='word_1_446' title='bbox 217 2419 313 2454; x_wconf 89' lang='lat' dir='ltr'>bene</span> <span class='ocrx_word' id='word_1_447' title='bbox 333 2422 501 2462; x_wconf 78' lang='lat' dir='ltr'>evoluto,</span> <span class='ocrx_word' id='word_1_448' title='bbox 514 2420 639 2455; x_wconf 87' lang='lat' dir='ltr'>lucem</span> <span class='ocrx_word' id='word_1_449' title='bbox 651 2419 812 2468; x_wconf 81' lang='lat' dir='ltr'>aliquam</span> <span class='ocrx_word' id='word_1_450' title='bbox 823 2418 1104 2458; x_wconf 81' lang='lat' dir='ltr'>admoveamus.</span> <span class='ocrx_word' id='word_1_451' title='bbox 1133 2417 1191 2457; x_wconf 82' lang='lat' dir='ltr'>Est</span> <span class='ocrx_word' id='word_1_452' title='bbox 1202 2429 1326 2456; x_wconf 86' lang='lat' dir='ltr'>autem</span> <span class='ocrx_word' id='word_1_453' title='bbox 1339 2419 1400 2457; x_wconf 92' lang='lat' dir='ltr'>lib.</span> <span class='ocrx_word' id='word_1_454' title='bbox 1411 2430 1445 2457; x_wconf 83' lang='lat' dir='ltr'>X.</span> <span class='ocrx_word' id='word_1_455' title='bbox 1458 2430 1537 2470; x_wconf 83' lang='lat' dir='ltr'>cap.</span> <span class='ocrx_word' id='word_1_456' title='bbox 1557 2431 1572 2454; x_wconf 91' lang='lat'>1</span> <span class='ocrx_word' id='word_1_457' title='bbox 1585 2431 1598 2456; x_wconf 88' lang='lat'>1</span> <span class='ocrx_word' id='word_1_458' title='bbox 1608 2448 1615 2455; x_wconf 89' lang='lat'>.</span> <span class='ocrx_word' id='word_1_459' title='bbox 1625 2417 1710 2456; x_wconf 91' lang='lat' dir='ltr'>Ubi</span> 
     </span>
     <span class='ocr_line' id='line_1_41' title="bbox 125 2471 1709 2528; baseline -0.003 -16"><span class='ocrx_word' id='word_1_460' title='bbox 125 2475 171 2512; x_wconf 91' lang='lat' dir='ltr'>de</span> <span class='ocrx_word' id='word_1_461' title='bbox 182 2474 360 2512; x_wconf 78' lang='lat' dir='ltr'>cochlea,</span> <span class='ocrx_word' id='word_1_462' title='bbox 378 2475 571 2512; x_wconf 78' lang='lat' dir='ltr'>haustorio</span> <span class='ocrx_word' id='word_1_463' title='bbox 590 2475 855 2513; x_wconf 87' lang='lat' dir='ltr'>instrumento:</span> <span class='ocrx_word' id='word_1_464' title='bbox 876 2482 931 2511; x_wconf 75' lang='lat' dir='ltr'>Ita</span> <span class='ocrx_word' id='word_1_465' title='bbox 942 2489 1007 2528; x_wconf 74' lang='lat' dir='ltr'>quo</span> <span class='ocrx_word' id='word_1_466' title='bbox 1029 2471 1336 2525; x_wconf 74' lang='lat' dir='ltr'>locidefiribuntur</span> <span class='ocrx_word' id='word_1_467' title='bbox 1347 2472 1458 2513; x_wconf 59' lang='lat' dir='ltr'>linea,</span> <span class='ocrx_word' id='word_1_468' title='bbox 1481 2488 1552 2526; x_wconf 79' lang='lat' dir='ltr'>quae</span> <span class='ocrx_word' id='word_1_469' title='bbox 1571 2471 1662 2524; x_wconf 77' lang='lat' dir='ltr'>fimt</span> <span class='ocrx_word' id='word_1_470' title='bbox 1671 2474 1709 2508; x_wconf 77' lang='lat' dir='ltr'>in</span> 
     </span>
     <span class='ocr_line' id='line_1_42' title="bbox 124 2522 1710 2583; baseline -0.001 -18"><span class='ocrx_word' id='word_1_471' title='bbox 124 2528 337 2583; x_wconf 53' lang='lat' dir='ltr'>longitudine</span> <span class='ocrx_word' id='word_1_472' title='bbox 342 2530 540 2582; x_wconf 67' lang='lat' dir='ltr'>spec‘t&#39;antes,</span> <span class='ocrx_word' id='word_1_473' title='bbox 545 2527 801 2583; x_wconf 69' lang='lat' dir='ltr'>flzciendaefimt</span> <span class='ocrx_word' id='word_1_474' title='bbox 812 2527 1048 2582; x_wconf 74' lang='lat' dir='ltr'>decussationes</span> <span class='ocrx_word' id='word_1_475' title='bbox 1061 2522 1106 2568; x_wconf 57' lang='grc' dir='ltr'><em>ό</em></span> <span class='ocrx_word' id='word_1_476' title='bbox 1115 2532 1152 2568; x_wconf 82' lang='lat' dir='ltr'>in</span> <span class='ocrx_word' id='word_1_477' title='bbox 1161 2526 1439 2580; x_wconf 70' lang='lat' dir='ltr'>decufflztionibus</span> <span class='ocrx_word' id='word_1_478' title='bbox 1448 2530 1558 2580; x_wconf 73' lang='lat' dir='ltr'>finita</span> <span class='ocrx_word' id='word_1_479' title='bbox 1563 2528 1710 2580; x_wconf 67' lang='lat' dir='ltr'>puncJa,</span> 
     </span>
     <span class='ocr_line' id='line_1_43' title="bbox 125 2583 1711 2637; baseline -0.001 -15"><span class='ocrx_word' id='word_1_480' title='bbox 125 2586 282 2623; x_wconf 78' lang='lat' dir='ltr'>Budaeus</span> <span class='ocrx_word' id='word_1_481' title='bbox 295 2586 340 2622; x_wconf 90' lang='lat' dir='ltr'>de</span> <span class='ocrx_word' id='word_1_482' title='bbox 352 2585 666 2624; x_wconf 81' lang='lat' dir='ltr'>decuffationibus</span> <span class='ocrx_word' id='word_1_483' title='bbox 678 2588 957 2637; x_wconf 77' lang='lat' dir='ltr'>intellexit‚quae</span> <span class='ocrx_word' id='word_1_484' title='bbox 970 2587 1014 2624; x_wconf 90' lang='lat' dir='ltr'>ad</span> <span class='ocrx_word' id='word_1_485' title='bbox 1026 2587 1189 2626; x_wconf 87' lang='lat' dir='ltr'>modum</span> <span class='ocrx_word' id='word_1_486' title='bbox 1201 2586 1298 2634; x_wconf 76' lang='lat' dir='ltr'>stelle</span> <span class='ocrx_word' id='word_1_487' title='bbox 1309 2586 1526 2624; x_wconf 86' lang='lat' dir='ltr'>tetrantibus</span> <span class='ocrx_word' id='word_1_488' title='bbox 1538 2587 1575 2622; x_wconf 71' lang='grc' dir='ltr'>ὃ(</span> <span class='ocrx_word' id='word_1_489' title='bbox 1585 2583 1711 2621; x_wconf 69' lang='lat' dir='ltr'>onan-</span> 
     </span>
     <span class='ocr_line' id='line_1_44' title="bbox 126 2639 1709 2692; baseline -0.001 -14"><span class='ocrx_word' id='word_1_490' title='bbox 126 2642 221 2679; x_wconf 83' lang='lat' dir='ltr'>tibus</span> <span class='ocrx_word' id='word_1_491' title='bbox 233 2641 338 2679; x_wconf 39' lang='lat' dir='ltr'>fiunt.</span> <span class='ocrx_word' id='word_1_492' title='bbox 352 2642 423 2678; x_wconf 86' lang='lat' dir='ltr'>Sed</span> <span class='ocrx_word' id='word_1_493' title='bbox 433 2643 637 2692; x_wconf 89' lang='lat' dir='ltr'>quomodo</span> <span class='ocrx_word' id='word_1_494' title='bbox 656 2643 772 2687; x_wconf 84' lang='lat' dir='ltr'>fieret,</span> <span class='ocrx_word' id='word_1_495' title='bbox 782 2643 913 2680; x_wconf 84' lang='lat' dir='ltr'>docuit</span> <span class='ocrx_word' id='word_1_496' title='bbox 930 2644 1126 2681; x_wconf 87' lang='lat' dir='ltr'>Vitruvius</span> <span class='ocrx_word' id='word_1_497' title='bbox 1137 2673 1146 2688; x_wconf 96' lang='lat'><em>‚</em></span> <span class='ocrx_word' id='word_1_498' title='bbox 1161 2644 1269 2680; x_wconf 90' lang='lat' dir='ltr'>nullo</span> <span class='ocrx_word' id='word_1_499' title='bbox 1282 2641 1362 2679; x_wconf 88' lang='lat' dir='ltr'>usus</span> <span class='ocrx_word' id='word_1_500' title='bbox 1372 2639 1630 2678; x_wconf 73' lang='lat' dir='ltr'>dccuss‘ationis</span> <span class='ocrx_word' id='word_1_501' title='bbox 1641 2652 1709 2677; x_wconf 89' lang='lat' dir='ltr'>vo-</span> 
     </span>
     <span class='ocr_line' id='line_1_45' title="bbox 128 2692 1707 2748; baseline -0.003 -13"><span class='ocrx_word' id='word_1_502' title='bbox 128 2698 278 2735; x_wconf 86' lang='lat' dir='ltr'>cabulo.</span> <span class='ocrx_word' id='word_1_503' title='bbox 294 2699 387 2735; x_wconf 90' lang='lat' dir='ltr'>Non</span> <span class='ocrx_word' id='word_1_504' title='bbox 400 2710 491 2747; x_wconf 78' lang='lat' dir='ltr'>ergo</span> <span class='ocrx_word' id='word_1_505' title='bbox 509 2698 579 2736; x_wconf 83' lang='lat' dir='ltr'>hac</span> <span class='ocrx_word' id='word_1_506' title='bbox 589 2699 634 2735; x_wconf 90' lang='lat' dir='ltr'>de</span> <span class='ocrx_word' id='word_1_507' title='bbox 654 2712 691 2736; x_wconf 88' lang='lat' dir='ltr'>re</span> <span class='ocrx_word' id='word_1_508' title='bbox 704 2699 816 2736; x_wconf 82' lang='lat' dir='ltr'>verba</span> <span class='ocrx_word' id='word_1_509' title='bbox 826 2698 913 2737; x_wconf 85' lang='lat' dir='ltr'>facit</span> <span class='ocrx_word' id='word_1_510' title='bbox 924 2712 934 2741; x_wconf 92' lang='lat'>·‚</span> <span class='ocrx_word' id='word_1_511' title='bbox 946 2699 967 2735; x_wconf 88' lang='lat' dir='ltr'>s</span> <span class='ocrx_word' id='word_1_512' title='bbox 961 2699 1005 2736; x_wconf 92' lang='lat' dir='ltr'>ed</span> <span class='ocrx_word' id='word_1_513' title='bbox 1018 2700 1144 2743; x_wconf 88' lang='lat' dir='ltr'>docet,</span> <span class='ocrx_word' id='word_1_514' title='bbox 1155 2711 1234 2748; x_wconf 89' lang='lat' dir='ltr'>quo</span> <span class='ocrx_word' id='word_1_515' title='bbox 1244 2698 1351 2748; x_wconf 69' lang='grc' dir='ltr'>ρειᾶο</span> <span class='ocrx_word' id='word_1_516' title='bbox 1361 2698 1427 2733; x_wconf 87' lang='lat' dir='ltr'>rite</span> <span class='ocrx_word' id='word_1_517' title='bbox 1440 2692 1707 2733; x_wconf 78' lang='lat' dir='ltr'>decufl‘ationes</span> 
     </span>
     <span class='ocr_line' id='line_1_46' title="bbox 128 2751 1710 2804; baseline -0.001 -14"><span class='ocrx_word' id='word_1_518' title='bbox 128 2753 217 2790; x_wconf 85' lang='lat' dir='ltr'>fiant</span> <span class='ocrx_word' id='word_1_519' title='bbox 231 2783 239 2797; x_wconf 89' lang='lat'>‚</span> <span class='ocrx_word' id='word_1_520' title='bbox 258 2753 335 2791; x_wconf 86' lang='lat' dir='ltr'>hoc</span> <span class='ocrx_word' id='word_1_521' title='bbox 352 2753 402 2791; x_wconf 90' lang='lat' dir='ltr'>est</span> <span class='ocrx_word' id='word_1_522' title='bbox 423 2755 644 2792; x_wconf 86' lang='lat' dir='ltr'>flexurarum</span> <span class='ocrx_word' id='word_1_523' title='bbox 655 2755 820 2792; x_wconf 80' lang='lat' dir='ltr'>cochleae</span> <span class='ocrx_word' id='word_1_524' title='bbox 831 2758 869 2793; x_wconf 86' lang='lat'>&amp;</span> <span class='ocrx_word' id='word_1_525' title='bbox 880 2756 1056 2792; x_wconf 86' lang='lat' dir='ltr'>linearum</span> <span class='ocrx_word' id='word_1_526' title='bbox 1069 2784 1078 2799; x_wconf 90' lang='lat'><em>,</em></span> <span class='ocrx_word' id='word_1_527' title='bbox 1098 2767 1178 2804; x_wconf 81' lang='lat' dir='ltr'>quae</span> <span class='ocrx_word' id='word_1_528' title='bbox 1189 2754 1281 2790; x_wconf 69' lang='lat' dir='ltr'>osto</span> <span class='ocrx_word' id='word_1_529' title='bbox 1291 2764 1450 2790; x_wconf 87' lang='lat' dir='ltr'>numero</span> <span class='ocrx_word' id='word_1_530' title='bbox 1462 2754 1498 2790; x_wconf 90' lang='lat' dir='ltr'>in</span> <span class='ocrx_word' id='word_1_531' title='bbox 1508 2751 1710 2801; x_wconf 86' lang='lat' dir='ltr'>longitudi-</span> 
     </span>
     <span class='ocr_line' id='line_1_47' title="bbox 130 2807 1709 2848; baseline 0.001 -4"><span class='ocrx_word' id='word_1_532' title='bbox 130 2819 218 2845; x_wconf 87' lang='lat' dir='ltr'>nem</span> <span class='ocrx_word' id='word_1_533' title='bbox 227 2809 340 2847; x_wconf 64' lang='lat' dir='ltr'>due‘tae</span> <span class='ocrx_word' id='word_1_534' title='bbox 350 2810 429 2847; x_wconf 67' lang='lat' dir='ltr'>stiur</span> <span class='ocrx_word' id='word_1_535' title='bbox 438 2809 710 2848; x_wconf 58' lang='lat' dir='ltr'>interfectiones</span> <span class='ocrx_word' id='word_1_536' title='bbox 721 2811 1042 2848; x_wconf 82' lang='lat' dir='ltr'>decuffationesve.</span> <span class='ocrx_word' id='word_1_537' title='bbox 1071 2809 1233 2847; x_wconf 88' lang='lat' dir='ltr'>Pulchra</span> <span class='ocrx_word' id='word_1_538' title='bbox 1245 2820 1300 2846; x_wconf 88' lang='lat' dir='ltr'>res</span> <span class='ocrx_word' id='word_1_539' title='bbox 1310 2810 1347 2845; x_wconf 87' lang='lat'>&amp;</span> <span class='ocrx_word' id='word_1_540' title='bbox 1360 2807 1496 2846; x_wconf 86' lang='lat' dir='ltr'>subtilis</span> <span class='ocrx_word' id='word_1_541' title='bbox 1517 2809 1709 2846; x_wconf 87' lang='lat' dir='ltr'>intentum</span> 
     </span>
     <span class='ocr_line' id='line_1_48' title="bbox 131 2863 1709 2917; baseline 0.001 -17"><span class='ocrx_word' id='word_1_542' title='bbox 131 2864 309 2902; x_wconf 64' lang='lat' dir='ltr'>lectorem</span> <span class='ocrx_word' id='word_1_543' title='bbox 322 2866 498 2916; x_wconf 83' lang='lat' dir='ltr'>postulat.</span> <span class='ocrx_word' id='word_1_544' title='bbox 517 2878 589 2905; x_wconf 88' lang='lat' dir='ltr'>nos</span> <span class='ocrx_word' id='word_1_545' title='bbox 602 2866 721 2906; x_wconf 79' lang='lat' dir='ltr'>verbis</span> <span class='ocrx_word' id='word_1_546' title='bbox 731 2869 768 2905; x_wconf 69' lang='grc' dir='ltr'>ὃ(</span> <span class='ocrx_word' id='word_1_547' title='bbox 778 2865 964 2905; x_wconf 88' lang='lat' dir='ltr'>schemate</span> <span class='ocrx_word' id='word_1_548' title='bbox 974 2865 1072 2917; x_wconf 80' lang='lat' dir='ltr'>quasi</span> <span class='ocrx_word' id='word_1_549' title='bbox 1082 2865 1265 2916; x_wconf 79' lang='lat' dir='ltr'>duplicata</span> <span class='ocrx_word' id='word_1_550' title='bbox 1275 2864 1371 2911; x_wconf 81' lang='lat' dir='ltr'>face,</span> <span class='ocrx_word' id='word_1_551' title='bbox 1380 2863 1566 2905; x_wconf 82' lang='lat' dir='ltr'>tenebras,</span> <span class='ocrx_word' id='word_1_552' title='bbox 1589 2863 1614 2901; x_wconf 86' lang='lat' dir='ltr'>si</span> <span class='ocrx_word' id='word_1_553' title='bbox 1625 2876 1709 2913; x_wconf 77' lang='lat' dir='ltr'>quae</span> 
     </span>
     <span class='ocr_line' id='line_1_49' title="bbox 131 2918 459 2972; baseline 0.009 -16"><span class='ocrx_word' id='word_1_554' title='bbox 131 2918 225 2964; x_wconf 89' lang='lat' dir='ltr'>sunt,</span> <span class='ocrx_word' id='word_1_555' title='bbox 235 2920 459 2972; x_wconf 79' lang='lat' dir='ltr'>fugabimus.</span> 
     </span>
    </p>
   </div>
   <div class='ocr_carea' id='block_1_5' title="bbox 1043 3006 1710 3051">
    <p class='ocr_par' dir='ltr' id='par_1_10' title="bbox 1043 3006 1710 3051">
     <span class='ocr_line' id='line_1_50' title="bbox 1043 3006 1710 3051; baseline -0.006 -2"><span class='ocrx_word' id='word_1_556' title='bbox 1043 3018 1072 3049; x_wconf 86' lang='lat' dir='ltr'><em>E</em></span> <span class='ocrx_word' id='word_1_557' title='bbox 1105 3027 1124 3051; x_wconf 76' lang='lat'>2</span> <span class='ocrx_word' id='word_1_558' title='bbox 1626 3006 1710 3046; x_wconf 82' lang='lat' dir='ltr'>Esto</span> 
     </span>
    </p>
   </div>
  </div>
 </body>
</html>
