2023 3162
228 96 304 126 180
594 82 1453 123 MannvnPoLiioms

219 152 296 192 {igno
305 151 336 181 ad
345 151 418 192 figna
425 150 453 180 b.
465 155 488 180 δε
498 159 521 180 c.
533 160 652 179 extrema
661 149 825 177 dimetientis
836 149 929 177 circuli
941 148 1048 177 admota
1059 159 1103 188 per
1117 146 1304 185 liemicylindri
1315 155 1466 175 convexum
1478 145 1559 174 veluti
1570 146 1663 175 Lesbia
1676 147 1760 186 aliqua
1772 158 1813 177 re-

446 201 652 250 Hemicylindri
670 198 888 245 repraesentatio.

1140 187 1213 227 gula,
1225 188 1266 215 vel
1276 197 1324 225 pro
1335 197 1373 217 ea,
1385 187 1453 214 linea
1462 207 1469 219 ,
1479 186 1531 215 hoc
1543 189 1579 215 est
1588 187 1636 216 filo
1648 197 1721 216 tenui
1732 190 1815 217 dedu-

1140 230 1192 259 cia.
1201 227 1346 256 describam
1360 237 1404 264 per
1424 227 1450 254 id
1471 236 1623 256 convexum
1641 229 1815 268 cylindricam

1140 268 1239 296 lineam
1250 278 1307 307 quae
1319 269 1349 295 lit
1362 269 1379 295 b
1389 278 1399 295 s
1409 277 1432 295 c.
1441 266 1590 306 Rursusque
1600 269 1626 296 in
1637 280 1669 297 eo
1680 270 1760 298 latere
1771 281 1816 308 pa-

1140 308 1387 349 rallelogrammum
1397 308 1582 345 hemicylindri
1591 329 1598 341 ‚
1618 310 1690 346 cujus
1701 311 1813 339 alterum

1141 359 1293 378 extremum
1303 349 1397 377 inlidet
1414 349 1490 388 ligno
1501 348 1534 380 b.
1550 348 1582 376 ab
1593 350 1686 378 eodem
1696 351 1771 390 figno
1781 352 1813 379 ad

1143 470 1277 510 perficiem
1292 470 1480 509 hemicylindri
1500 471 1597 498 ducam
1616 471 1712 498 lineam
1733 472 1817 510 cylin-

1141 513 1222 540 dricae
1232 512 1353 544 similem,
1365 521 1424 549 quae
1434 511 1607 549 cylindricam
1624 511 1642 538 b
1653 521 1663 539 s
1674 521 1697 539 c.
1719 510 1815 541 secabit

1143 553 1169 580 in
1179 553 1268 591 aliquo
1278 553 1353 591 signo
1368 565 1373 584 ς
1387 555 1411 580 6:
1428 550 1496 579 secet
1516 552 1541 578 in
1553 552 1630 591 {igno
1641 550 1666 579 k.
1689 554 1710 579 A
1722 562 1774 590 quo
1785 554 1813 581 in

1144 590 1389 621 circumferentiam
1402 592 1562 620 semicirculi
1574 594 1590 620 b
1601 602 1614 620 c
1626 591 1656 623 d,
1668 592 1742 620 lineae
1754 603 1818 621 vero

1143 633 1161 661 h
1173 645 1192 665 s,
1202 634 1330 662 deducam
1339 632 1503 672 parallelum.
1532 643 1590 671 quae
1602 633 1633 660 fit
1649 631 1668 660 k
1677 643 1701 660 n.
1716 637 1739 661 δι
1751 643 1820 660 con-

1145 677 1251 703 nectam
1263 674 1335 714 figna
1346 683 1370 701 n.
1384 678 1407 703 &
1420 684 1443 702 c.
1463 674 1534 702 resta
1544 684 1558 702 c
1569 684 1595 701 n.
1616 677 1640 702 ὅ(
1652 683 1749 711 ponam
1761 684 1777 700 n
1789 671 1817 702 k.

1145 716 1173 743 in
1192 716 1271 754 plano
1282 714 1455 751 conjunctam
1475 724 1499 744 c.
1512 724 1535 741 n.
1552 714 1583 742 ad
1594 714 1707 753 angulos
1718 715 1816 746 rectos,

1147 759 1170 784 δέ
1181 755 1317 795 perficiam
1329 756 1495 796 triangulum
1504 765 1518 783 c
1528 765 1544 782 n
1555 754 1581 782 k.
1593 755 1672 782 durfta
1683 755 1750 782 linea
1764 764 1777 782 c
1788 753 1816 782 k.

1146 798 1179 825 Et
1190 793 1298 824 afferam
1307 799 1501 835 praecedent'em
1511 796 1628 823 Archirae
1636 795 1822 823 ratiocinatio-

1145 847 1206 865 nem
1217 834 1268 865 effc
1280 837 1345 865 ficut
1355 837 1372 864 b
1381 846 1407 865 c.
1426 835 1458 864 ad
1468 847 1481 864 c
1491 835 1517 864 k.
1529 838 1566 864 ita
1577 846 1589 864 c
1602 835 1628 863 k.
1642 836 1673 864 ad
1682 846 1696 864 c
1708 846 1734 863 n-
1748 840 1772 864 &
1783 836 1817 864 fic

1142 888 1156 905 c
1169 888 1194 905 n.
1204 878 1235 906 ad
1247 888 1260 906 c
1271 878 1296 905 d.
1307 878 1378 916 quod
1388 876 1529 916 oportebat
1540 877 1669 905 invenire.
1692 878 1817 917 Figuram

260 921 368 957 subjeci.
394 920 525 960 Sequitur.
536 929 566 948 ut
584 920 616 948 de
626 918 772 947 mesolabio
784 917 879 946 dicam¹
906 916 1091 945 Constituatur
1102 917 1198 946 tabella
1209 918 1295 959 lignea
1306 918 1434 958 oblonga,
1446 927 1525 957 atque
1535 917 1719 956 quadrilatera,
1732 918 1762 945 ad
1775 928 1820 945 re-

259 962 352 1002 gulam
363 971 539 1000 normamque
549 961 616 989 bene
627 960 743 998 undique
754 959 879 998 levigata,
889 957 1016 995 supraque
1027 967 1096 987 cam,
1107 957 1124 984 fi
1136 960 1189 987 du'o
1200 967 1305 987 tantum
1317 960 1402 987 media
1413 959 1613 997 perquiruntur,
1622 959 1819 986 concionentur

260 1002 363 1030 tabellae
374 1011 426 1030 tres
438 1012 469 1030 ex
478 1012 538 1033 xre,
548 1010 593 1030 aut
604 1001 652 1029 alia
662 1000 754 1039 quavis
766 995 877 1026 materia
886 998 917 1026 ad
929 998 980 1025 hoc
992 1008 1058 1036 opus
1066 998 1160 1027 idonea
1171 1021 1177 1031 ,
1190 1010 1247 1037 quae
1256 1000 1306 1028 lint
1315 1009 1393 1038 quam
1404 997 1556 1027 tenuiffima
1567 1019 1573 1030 ,
1582 999 1612 1026 ad
1625 999 1745 1038 regulam
1754 1009 1820 1026 nor-

259 1052 385 1081 mamque
394 1040 543 1070 fibrefa&ae
551 1042 683 1081 quadratae
694 1061 701 1073 ,
722 1048 767 1068 aut
778 1039 858 1067 altera
869 1047 941 1078 parte
952 1038 1090 1078 longiores
1101 1060 1108 1072 ,
1126 1050 1237 1079 quarum
1255 1050 1307 1069 una
1317 1042 1342 1068 in
1353 1040 1454 1068 tabellae
1462 1040 1558 1080 ligneae
1569 1039 1658 1067 medio
1668 1039 1816 1067 immobilis

259 1084 373 1116 locetur,
384 1084 441 1111 aliae
451 1093 515 1110 vero
526 1082 628 1114 duae‚ad
636 1082 757 1109 dextram
767 1080 857 1110 altera,
865 1080 896 1108 ad
908 1079 1032 1108 finistram
1039 1080 1124 1108 altera
1133 1084 1169 1108 ita
1180 1081 1384 1112 constituantur,
1394 1090 1422 1109 ut
1433 1081 1562 1108 haerentes
1571 1080 1663 1108 media:
1675 1080 1817 1111 tabellulae,

259 1124 341 1151 altera
351 1134 409 1162 quae
420 1123 434 1151 a
443 1124 543 1151 dextris
555 1123 590 1151 est
601 1122 675 1161 supra
688 1132 755 1154 eam.
768 1121 850 1149 altera
862 1142 869 1154 ,
881 1130 941 1159 quae
952 1119 966 1148 :i
978 1120 1081 1148 finistn‘s
1092 1122 1128 1149 est
1139 1143 1145 1154 ,
1168 1121 1214 1150 sub
1224 1122 1315 1150 eadem
1326 1122 1351 1149 in
1363 1121 1469 1160 planitie
1478 1121 1594 1156 subjecta
1603 1121 1666 1148 duci
1676 1121 1819 1159 reducique

259 1174 308 1203 pro
320 1164 398 1192 libito
410 1162 497 1203 possit.
511 1166 646 1192 Dextrum
654 1171 698 1191 aut
711 1162 840 1190 sinistrum
852 1171 934 1200 quum
945 1160 1083 1194 dixero,ad
1095 1162 1171 1200 ipsius
1182 1161 1330 1196 mesolabii‚
1344 1172 1398 1190 non
1409 1162 1440 1190 ad
1452 1160 1560 1190 artificis
1570 1161 1714 1200 polituram
1721 1160 1820 1190 refero.

260 1208 292 1232 In
310 1215 400 1232 earum
409 1214 499 1233 autem
510 1205 668 1232 tabellarum
681 1202 790 1243 singulis
802 1202 903 1241 lingula
914 1203 1012 1240 pariaq;
1024 1202 1138 1230 omnino
1146 1203 1393 1243 parallelogramma
1400 1202 1555 1243 rectangula
1564 1211 1678 1240 quatuor
1689 1202 1816 1230 lateribus

260 1245 461 1284 comprehensa.
473 1249 497 1273 ὃ(
507 1246 664 1273 dimetiente
673 1242 688 1272 ὰ
696 1245 796 1272 dextris
806 1244 837 1271 ad
848 1243 975 1270 linistram
983 1243 1099 1271 deducto
1109 1264 1115 1274 .
1139 1241 1300 1272 tenuiffimis
1310 1244 1385 1272 lineis
1402 1243 1528 1283 graphice
1539 1243 1709 1282 appoliteque
1719 1242 1819 1271 descri-

262 1285 368 1319 bantur,
380 1286 412 1314 lic
424 1294 452 1314 ut
465 1287 555 1325 prima:
568 1283 706 1324 superioris
716 1283 923 1323 dexteriorisque
934 1283 1064 1311 tabellulae
1075 1283 1262 1321 restangulum
1272 1285 1396 1313 dextrum
1406 1284 1527 1312 habuerit
1537 1284 1603 1311 latus
1620 1284 1689 1311 inter
1707 1283 1733 1310 b.
1745 1282 1820 1322 supe-

262 1328 315 1354 rius
326 1329 350 1354 &
361 1336 384 1354 c.
396 1327 500 1366 lignum
510 1324 618 1354 inferius
627 1324 848 1364 comprehensum
862 1347 868 1357 ‚
887 1325 1126 1363 dimetientemque
1142 1319 1188 1353 bs.
1199 1327 1278 1354 Latus
1291 1326 1421 1353 finistrum
1438 1323 1479 1353 df.
1492 1324 1521 1352 fir
1538 1324 1659 1364 proximi
1669 1324 1819 1364 rectanguli

260 1366 329 1394 latus
340 1366 474 1396 dextrum.
495 1368 569 1402 cujus
580 1367 597 1394 si
606 1367 747 1395 dimetiens
757 1364 837 1394 fuerit
848 1365 865 1394 d
876 1364 901 1398 h,
917 1365 1098 1404 finistrumque
1108 1366 1175 1394 latus
1196 1376 1215 1406 g
1225 1366 1251 1400 h,
1268 1366 1320 1394 hoc
1332 1365 1416 1404 ipsum
1427 1376 1446 1405 g
1457 1365 1482 1393 h.
1502 1365 1531 1392 lit
1543 1374 1688 1393 commune
1698 1364 1819 1403 sequenti

260 1407 520 1448 parallelogrammo.
533 1408 607 1443 cujus
620 1408 636 1435 fi
648 1408 698 1435 erit
708 1407 849 1435 dimetiens
860 1416 878 1446 g
887 1415 922 1436 m.
931 1407 957 1433 in
968 1415 1003 1434 m.
1015 1406 1120 1446 fignurn
1138 1405 1245 1436 inferius
1267 1407 1365 1435 detinet
1377 1407 1506 1434 linistrum
1518 1406 1573 1442 ejus
1584 1405 1651 1434 latus
1667 1416 1673 1432 :
1688 1414 1820 1444 eruntque

259 1447 317 1476 haec
329 1449 379 1476 tria
389 1443 648 1489 parallelogramma.
661 1457 745 1486 quum
757 1448 874 1475 maxime
882 1455 1009 1474 extremae
1019 1447 1151 1476 tabellulae
1159 1447 1269 1477 seductae
1281 1448 1404 1486 utrinque
1413 1445 1552 1479 suerint,in
1562 1446 1633 1474 hunc
1643 1446 1755 1474 modum
1765 1444 1821 1474 dis-

261 1488 347 1527 polita
358 1503 364 1522 ς
385 1499 468 1528 quum
478 1499 542 1518 vero
551 1490 665 1517 maxime
676 1490 702 1516 in
711 1487 762 1516 sese
771 1489 896 1520 reduClae‚
906 1486 1033 1526 superiori
1041 1488 1073 1516 ad
1083 1489 1302 1528 perpendiculum
1315 1488 1454 1528 supposita.
1477 1497 1557 1526 atque
1565 1487 1602 1515 ita
1612 1486 1657 1515 fiet
1666 1508 1673 1520 ,
1682 1495 1710 1515 ut
1720 1487 1772 1515 five
1780 1487 1820 1515 al-

261 1537 347 1557 teram
361 1550 367 1561 ‚
379 1529 430 1557 ssve
441 1538 580 1569 utramque
589 1531 616 1558 in
627 1529 693 1558 hanc
705 1529 746 1557 vel
755 1528 826 1557 illam
835 1536 938 1567 partem
947 1528 1053 1557 duxeris
1063 1550 1070 1562 ,
1087 1529 1253 1558 reduxerisve
1266 1551 1273 1563 ,
1285 1538 1414 1568 perpetuo
1425 1538 1516 1557 tamen
1527 1528 1648 1567 parallela
1659 1536 1714 1556 tam
1725 1528 1818 1561 latera,

264 1579 347 1608 quarn
355 1571 525 1599 dimetientes
544 1570 762 1611 refflangulomm
774 1569 800 1597 in
811 1569 908 1608 quovis
918 1569 968 1597 fitu
978 1579 1159 1608 permaneant.
1168 1572 1214 1598 Sin
1225 1579 1314 1603 autem
1326 1570 1399 1607 plura
1414 1570 1499 1597 media
1509 1570 1696 1608 perquiruntur
1706 1589 1713 1601 ,
1735 1570 1819 1606 (nam

264 1611 376 1638 unicum
387 1610 455 1638 binis
464 1612 593 1639 duntaxat
603 1611 734 1639 tabellulis
745 1611 863 1638 invenire
874 1620 1000 1649 perquam
1011 1607 1087 1638 facile
1097 1612 1156 1646 est,)
1175 1620 1309 1650 quotquot
1319 1609 1416 1639 fuerint
1427 1610 1608 1650 investiganda
1617 1610 1691 1649 plura
1700 1609 1817 1642 duobus,

264 1651 381 1679 totidem
392 1650 522 1680 tabellula:
533 1652 629 1680 ssmiles
639 1651 810 1689 similiterque
817 1650 947 1689 dispolitae
957 1650 990 1678 ad
1001 1651 1125 1679 finistram
1136 1661 1238 1690 partem
1247 1652 1413 1687 adjiciantur,
1424 1652 1502 1680 unica
1513 1660 1602 1679 earum
1611 1671 1617 1683 ,
1632 1651 1682 1678 five
1692 1660 1721 1678 ea
1731 1650 1819 1677 media

264 1691 306 1723 fic,
318 1691 369 1719 five
380 1692 429 1720 alia
439 1693 549 1732 quaevis,
561 1691 698 1720 immobili
709 1700 842 1720 manente.
853 1701 907 1720 non
919 1691 990 1719 enim
1002 1692 1074 1729 quod
1085 1692 1156 1720 nulla
1165 1703 1255 1721 earum
1264 1692 1412 1720 immobilis
1423 1692 1453 1719 fit
1463 1692 1577 1720 inveniri
1586 1691 1640 1719 duo
1649 1691 1734 1720 media
1746 1711 1753 1723 ,
1772 1697 1816 1717 aut

262 1739 397 1769 quotquot
408 1734 569 1771 oportuerit,
580 1741 634 1761 non
644 1741 781 1772 poterunt.
803 1735 903 1761 Verum
914 1741 996 1770 quum
1006 1732 1036 1759 iit
1047 1733 1269 1771 supervacaneum
1281 1743 1375 1761 omnes
1384 1732 1496 1760 mobiles
1506 1730 1567 1764 effe,
1577 1730 1743 1760 commodius
1752 1730 1813 1762 erit,

261 1771 377 1799 mediam
387 1773 505 1801 stabilem
516 1774 686 1802 constituere.
696 1782 773 1802 erunt
783 1782 882 1805 autem,
894 1782 923 1801 ut
934 1782 1047 1811 quaeque
1058 1775 1106 1800 erit
1117 1773 1263 1808 dexterior,
1274 1774 1310 1802 ita
1320 1777 1345 1802 ὃς
1356 1773 1482 1812 superior.
1494 1772 1668 1810 (superiorem
1680 1780 1738 1798 earn
1748 1769 1817 1798 sem-

259 1820 306 1849 per
315 1813 481 1851 appello,qu‹g
494 1814 557 1842 dum
569 1815 595 1841 in
606 1824 689 1843 unum
699 1811 1226 1854 coguntur,superinduciturinferiorem
1236 1824 1293 1853 quae
1302 1813 1478 1847 subducitur.)
1489 1813 1593 1847 Majora
1604 1821 1668 1839 vero
1678 1812 1815 1839 minorave

257 1860 287 1880 ut
299 1852 551 1892 parallelogramma
559 1855 618 1887 tint,
629 1864 684 1882 non
696 1854 766 1882 aliud
777 1855 882 1882 interest
894 1875 902 1884 ,
922 1864 1002 1892 quam
1013 1855 1085 1893 quod
1095 1855 1195 1890 majora
1207 1855 1402 1893 praesertimque
1413 1853 1574 1892 oblongiora
1584 1852 1746 1879 exactiorem
1757 1851 1815 1879 evi-

258 1892 464 1931 dentioremque
474 1893 548 1921 usum
559 1893 695 1927 exhibent,
707 1903 733 1921 at
744 1894 875 1922 tabellulae
887 1895 1000 1929 majores
1010 1915 1017 1926 ‚
1029 1904 1107 1932 quam
1118 1893 1206 1923 futura
1216 1894 1308 1923 suntin
1319 1896 1356 1922 eis
1365 1893 1621 1932 parallelogramma,
1632 1890 1724 1919 frustra
1733 1900 1813 1929 atque

258 1933 391 1961 inutiliter
399 1932 477 1961 fient:
504 1943 600 1972 praeter
611 1935 744 1973 margines
755 1943 845 1961 tamen
855 1932 963 1961 inferius
971 1933 1144 1972 superiusque,
1153 1936 1198 1972 qui
1208 1935 1375 1973 obteguntur
1386 1933 1537 1961 canaliculis
1550 1953 1556 1964 ,
1566 1942 1612 1970 per
1621 1942 1687 1971 quos
1699 1932 1816 1960 mobiles

260 1972 364 2001 tabellae
372 1972 531 2002 discurrunt:
542 1983 623 2012 atque
635 1973 683 2001 hos
694 1974 861 2012 marginesin
870 1973 1006 2000 immobili
1017 1974 1112 2001 tabella
1124 1968 1284 2009 majusculos
1293 1972 1344 2002 effe
1355 1982 1474 2013 oportet,
1486 1982 1514 2001 ut
1527 1974 1596 2000 intra
1607 1983 1649 2000 eas
1662 1974 1814 2012 marginum

259 2022 346 2052 partes
355 2034 362 2046 ,
385 2014 480 2053 quibus
489 2024 518 2042 ea
530 2012 638 2042 inferius
648 2013 813 2052 superiusque
823 2013 970 2053 configitur
982 2034 988 2045 ,
1009 2014 1123 2041 mobiles
1133 2015 1190 2042 aliae
1202 2015 1306 2043 tabella:
1323 2014 1356 2042 ab
1367 2015 1442 2042 omni
1454 2014 1649 2053 impedimento
1658 2013 1740 2041 libere
1751 2023 1816 2052 pro-

259 2062 376 2082 currant.
399 2056 469 2083 Nam
478 2051 651 2083 fin'istrorsum
662 2055 720 2082 aliae
733 2075 740 2085 ,
759 2062 853 2092 praeter
864 2054 987 2082 ultimam
999 2074 1005 2085 ‚
1016 2064 1074 2092 qua·
1085 2055 1116 2082 ad
1127 2056 1248 2083 dextram
1260 2056 1346 2083 locata
1357 2056 1393 2083 cst
1403 2074 1410 2085 ,
1431 2056 1580 2094 marginem
1591 2064 1663 2082 extra
1674 2054 1815 2092 parallelo-

259 2096 376 2134 grammi
385 2094 452 2123 latus
461 2095 563 2123 nullum
573 2094 668 2123 habere
679 2091 796 2134 possunt.
817 2095 843 2122 Si
853 2103 942 2122 tamen
953 2094 1048 2122 ultima
1056 2096 1226 2125 linislrorsurn
1235 2117 1241 2129 ,
1257 2096 1273 2124 fi
1285 2096 1377 2124 eadem
1387 2104 1466 2135 atque
1477 2096 1533 2123 aliae
1542 2105 1634 2122 omnes
1645 2094 1814 2124 dextrorsum

259 2136 379 2175 margine
390 2145 444 2163 non
455 2137 568 2163 omnino
577 2136 718 2167 caruerint,
729 2135 946 2163 commodiorem
958 2134 1031 2163 usum
1041 2136 1198 2174 praestabunt
1211 2158 1217 2170 ‚
1238 2146 1298 2165 tum
1309 2146 1336 2165 ur
1347 2146 1426 2175 quam
1437 2137 1552 2163 maxime
1560 2134 1670 2164 seductae
1682 2135 1731 2163 fint
1742 2156 1749 2167 ,
1768 2135 1818 2163 lia-

257 2174 337 2203 beant
348 2184 437 2204 tamen
450 2176 558 2215 fingulae
570 2186 615 2204 cos
626 2177 759 2215 margines
772 2175 879 2215 lingulis
889 2176 1017 2214 proximis
1025 2175 1127 2204 tabellis
1138 2177 1374 2216 suppolitos.quos,
1384 2177 1448 2205 dum
1460 2185 1614 2207 moventur,
1626 2185 1815 2214 praetereuntes

257 2215 462 2254 consequantur,
474 2225 533 2244 tum
545 2217 571 2244 in
582 2218 709 2245 extremis
720 2215 861 2248 tabellulis,
870 2223 982 2254 ea'parte
994 2217 1122 2257 marginis
1130 2227 1204 2245 extra
1215 2219 1363 2257 refkrngnli
1372 2218 1566 2255 aream,aliquis
1578 2217 1660 2245 veluti
1671 2216 1815 2245 umbilicus

258 2257 379 2284 eminens
388 2256 506 2285 adhiberi
517 2255 607 2295 poffit,
616 2267 671 2294 quo
682 2256 784 2285 rabellae
795 2258 821 2284 in
833 2265 972 2296 utramque
982 2266 1084 2296 partem
1093 2259 1178 2296 aptius
1189 2259 1289 2297 impelii
1299 2268 1397 2297 queant
1408 2280 1414 2286 .
1437 2268 1587 2297 quanquam
1598 2258 1649 2286 hoc
1661 2268 1714 2285 non
1726 2258 1815 2294 minus

257 2305 318 2334 apte
329 2295 374 2324 fiet
383 2297 486 2336 exiguis
495 2296 669 2326 foraminibus
680 2299 705 2326 in
717 2297 1030 2338 parallelogrammorum
1041 2299 1105 2326 areis
1117 2307 1190 2327 extra
1200 2299 1386 2328 dimetientem
1396 2299 1537 2327 terebratis
1547 2320 1553 2331 ,
1573 2299 1599 2326 in
1611 2309 1669 2337 quae
1680 2298 1751 2336 pedis
1762 2299 1816 2326 cir—

257 2337 313 2365 cini
321 2345 365 2365 aut
375 2337 481 2365 alterius
491 2338 528 2366 rei
536 2348 649 2366 acumen
659 2360 665 2371 ,
678 2348 732 2377 quo
743 2339 868 2377 utrinque
877 2338 1016 2370 ducantur.
1028 2340 1168 2367 admittere
1179 2336 1287 2378 possint.
1306 2341 1390 2368 Erunt
1401 2341 1485 2379 igitur
1495 2340 1614 2378 paranda:
1624 2338 1728 2366 tabellae
1738 2339 1815 2366 adin-

261 2377 350 2405 vicem
360 2378 472 2416 aequales
482 2399 488 2410 ,
507 2388 602 2416 praeter
612 2379 780 2407 immobilem
792 2400 798 2410 ‚
817 2389 897 2417 quam
907 2379 961 2407 dixi
969 2380 1111 2418 aliquando
1122 2381 1276 2421 longiorem
1288 2378 1339 2409 effe
1349 2389 1476 2417 oportere
1485 2401 1491 2412 ,
1507 2389 1586 2417 atque
1597 2380 1671 2415 juxta
1681 2380 1813 2408 rationem

260 2417 444 2456 superiorum.
462 2427 598 2458 quotquot
608 2430 644 2447 ea:
654 2418 752 2447 fuerint
764 2441 770 2453 ,
793 2419 966 2448 collocandae.
990 2420 1171 2449 Mesolabiiad
1182 2431 1243 2450 eum
1255 2422 1366 2450 modum
1376 2421 1594 2449 constitutIusurn
1605 2422 1657 2456 jam
1669 2430 1813 2458 exponam.

259 2458 317 2486 Sint
327 2460 405 2487 reeta:
414 2459 499 2490 lineae,
510 2459 580 2487 inter
590 2469 652 2497 quas
662 2469 771 2499 oportet
782 2460 835 2488 duo
845 2469 889 2488 aut
900 2460 973 2499 plura
984 2461 1071 2489 media
1082 2463 1251 2494 constituere,
1263 2472 1282 2490 ς.
1296 2463 1379 2497 major
1391 2483 1398 2494 ,
1409 2471 1428 2489 t.
1441 2463 1538 2489 minor.
1552 2462 1619 2493 Fiat,
1631 2462 1708 2499 primi
1718 2461 1814 2489 dexte-

260 2499 337 2527 rioris
346 2499 537 2538 superiorisque
549 2500 791 2540 parallelogrammi
801 2501 925 2529 dextrum
933 2501 1010 2534 latus,
1024 2503 1096 2541 quod
1107 2503 1220 2540 pofitum
1230 2503 1274 2534 est,
1289 2503 1358 2530 inter
1368 2502 1386 2529 b
1395 2513 1419 2529 c.
1427 2502 1500 2542 signa
1509 2503 1657 2534 contineri,
1672 2502 1770 2540 aequale
1780 2502 1813 2529 li-

258 2549 315 2567 neae
326 2550 347 2572 s,
358 2541 485 2579 quoniam
495 2540 551 2568 haec
562 2538 612 2568 fuit
622 2541 706 2576 major
717 2541 902 2579 expofitarum.
922 2542 1015 2570 deinde
1024 2553 1055 2570 ex
1063 2542 1159 2573 infimi,
1171 2544 1311 2581 ultimique
1321 2543 1352 2570 ad
1363 2543 1487 2571 finistram
1497 2542 1738 2582 parallelogrammi
1751 2542 1812 2569 sini-

259 2580 312 2608 stro
323 2580 412 2613 latere,
425 2580 497 2619 quod
506 2581 533 2608 in
543 2590 579 2608 m.
592 2581 696 2622 signum
706 2581 798 2609 datum
809 2579 868 2614 fuir,
878 2579 987 2610 inferius
997 2583 1122 2611 delinere.
1135 2583 1284 2611 abscindam
1292 2583 1325 2611 ab
1334 2593 1363 2611 ea
1374 2593 1457 2621 parte,
1469 2593 1521 2622 qua
1532 2593 1564 2610 m.
1578 2583 1684 2623 iignum
1695 2582 1810 2621 positum

259 2621 305 2652 est,
316 2619 486 2660 segmentum
494 2621 592 2660 aequalc
602 2631 622 2649 t.
634 2622 710 2650 linea:
721 2622 819 2649 minori
828 2622 1006 2660 expolitarum
1017 2645 1023 2655 ‚
1042 2624 1114 2661 quod
1126 2624 1194 2654 {itm
1203 2635 1228 2652 n.
1242 2626 1321 2653 Tunc
1333 2625 1414 2663 igitur
1426 2623 1530 2652 tabellae
1540 2624 1655 2651 invicem
1664 2631 1806 2662 cogantur,

259 2660 403 2690 mobilibus
413 2662 498 2690 versus
509 2662 628 2690 stabilem
643 2683 649 2695 ,
668 2663 684 2690 fi
695 2673 745 2701 qua
757 2663 797 2694 iit,
809 2663 834 2690 in
845 2662 932 2700 seipsas
945 2673 1042 2692 mutuo
1054 2665 1188 2696 deduCris,
1208 2665 1294 2693 donec
1307 2664 1407 2704 lingula
1417 2665 1496 2692 latera
1506 2665 1628 2691 omnium
1640 2663 1810 2703 reeh-ingule-

260 2710 318 2728 rum
327 2702 358 2730 ad
369 2702 494 2730 sinistram
505 2713 598 2731 eorum
609 2703 690 2742 polita
700 2703 788 2731 secent
800 2703 916 2743 singulos
926 2706 1114 2742 proximorum
1123 2706 1292 2733 dimetientes
1304 2727 1310 2738 ‚
1331 2706 1410 2744 idque
1420 2706 1446 2732 in
1457 2705 1536 2744 signis
1547 2725 1553 2736 ‚
1564 2714 1622 2742 quae
1631 2703 1726 2731 cumb.
1742 2707 1765 2731 Se
1778 2714 1804 2731 n.

258 2740 305 2768 sub
315 2743 405 2770 eadem
415 2745 485 2773 reeta
495 2744 565 2771 linea
574 2744 734 2783 dirigantur:
744 2744 906 2783 lignaboque
917 2755 946 2772 ea
956 2747 1078 2773 omnium
1088 2745 1235 2774 sectionum
1247 2747 1331 2782 ligna:
1347 2754 1478 2784 eruntque
1489 2745 1638 2781 hujusmodi
1648 2744 1762 2782 positura
1772 2743 1811 2772 se-

254 2783 486 2820 gmentalaterum
495 2783 589 2812 subhis
601 2785 679 2825 {ignis
691 2785 746 2817 lira,
758 2785 843 2812 media
854 2786 982 2813 continua
992 2786 1201 2824 proportionalia
1218 2779 1286 2814 inter
1295 2797 1315 2814 s.
1328 2790 1351 2814 ἃ
1363 2786 1464 2814 ednas
1474 2785 1565 2813 lineas.
1585 2785 1657 2823 quod
1667 2793 1720 2812 erat
1734 2786 1809 2813 inve-

256 2823 427 2850 veniendum.
449 2825 534 2863 Qod
546 2825 562 2852 fi
573 2825 639 2853 latus
660 2825 684 2853 b.
697 2835 721 2853 c.
741 2826 833 2864 prima:
844 2826 975 2854 tabellulae
986 2837 1091 2865 aequum
1104 2837 1157 2854 non
1170 2825 1248 2855 fuerit
1260 2849 1266 2858 ,
1284 2826 1324 2855 sed
1335 2826 1440 2854 alterius
1457 2826 1564 2853 rationis
1575 2826 1606 2852 ad
1619 2836 1629 2852 s
1642 2838 1648 2856 ς
1661 2825 1677 2852 fi
1697 2825 1808 2854 eandem

253 2863 335 2890 etiam
348 2863 480 2891 rationem
494 2864 613 2893 habuerit
624 2866 790 2905 segmentum
803 2876 828 2893 m
840 2877 865 2894 n.
880 2867 911 2894 ad
923 2875 933 2894 t
945 2880 952 2898 ς
968 2868 1078 2895 eandem
1089 2867 1224 2895 habebunt
1237 2868 1323 2895 media
1333 2866 1470 2905 segmenta
1481 2867 1528 2893 alia
1539 2866 1570 2893 ad
1582 2865 1666 2893 media
1682 2876 1740 2902 quae
1751 2876 1811 2904 per-

253 2903 403 2940 quiruntur.
427 2904 452 2932 Si
470 2915 541 2932 vero>
550 2904 625 2933 filum
645 2915 771 2944 pertenue
791 2906 805 2934 ,ἰ
818 2906 844 2934 b.
864 2907 939 2947 ligno
958 2908 984 2935 in
996 2907 1134 2945 planitiem
1144 2908 1455 2945 parallelogrammorum
1466 2907 1610 2935 dedu&um
1631 2917 1676 2944 per
1686 2904 1808 2934 foramen

252 2942 325 2981 quod
335 2943 365 2972 fit
375 2945 402 2972 in
413 2954 438 2972 n.
458 2945 614 2975 demittatur
623 2946 749 2975 libratum
761 2946 888 2985 plumbo,
907 2948 1134 2986 quemadmodum
1150 2949 1177 2976 in
1188 2941 1376 2988 perpendiculo
1395 2947 1452 2976 fieri
1464 2947 1602 2981 videmus,
1622 2946 1696 2975 usum
1708 2947 1807 3015 regullae

1689 2998 1716 3016 in
1724 2998 1765 3016 me
1779 2998 1809 3016 o·-

1142 390 1312 418 altitudinem
1322 389 1375 429 bg.
1389 388 1501 429 fignabo
1512 389 1589 428 ligno
1601 399 1630 429 g,
1643 394 1666 418 ὃ(
1679 391 1711 418 ab
1722 393 1772 420 hoc
1783 392 1816 420 ad
1836 411 1838 414 v

1144 431 1170 459 d.
1185 431 1290 470 lignum
1301 432 1327 458 in
1337 432 1416 475 plano
1428 430 1543 468 potitum
1557 440 1602 468 per
1618 440 1763 459 convexam
1773 432 1815 460 su-
1845 450 1850 454 ἡ

2012 168 2023 210 Δι-
