2023 3162
280 69 329 103 24
683 51 1098 93 M.V1vnuv11
1152 48 1494 89 Porrronis

939 156 974 193 C
1005 169 1027 193 A
1057 167 1087 193 P.
1148 154 1194 192 V.

587 231 666 282 De
691 228 844 294 Θαίδι),
866 226 926 285 &³
953 226 1079 279 unde
1097 242 1340 299 coquatur
1360 228 1557 300 optima,

279 348 399 431 DE
417 360 532 386 arenae
545 349 663 398 copiis
676 345 957 389 cumhabeatur
967 346 1205 396 explicatum,
1217 356 1296 383 tum
1308 345 1421 382 etiam
1433 343 1478 380 de
1490 346 1550 389 [a]
1561 343 1663 381 calce
1673 344 1863 395 diligentia

370 405 419 441 est
428 404 634 441 adhibenda
648 432 657 447 ,
678 404 733 440 uti
745 402 790 439 de
800 402 886 438 albo
898 399 1004 441 saxo,
1025 411 1086 438 aut
1099 400 1196 437 silice
1209 410 1412 449 coquatur:
1435 399 1472 436 ὃ(
1483 412 1563 449 quae
1575 401 1642 437 erit
1654 411 1697 437 cx
1706 400 1811 451 spiss'o
1822 405 1862 440 <Sc

279 459 428 497 duriore
440 489 449 503 ,
470 461 537 496 erit
548 460 671 495 utilior
688 459 727 494 in
742 456 937 494 structura:
955 470 1034 506 quae
1055 466 1177 494 antem
1197 453 1217 492 ὲ
1230 455 1395 493 fistuloso
1408 484 1417 499 ,
1437 456 1475 492 in
1495 455 1675 493 testoriis.
1710 456 1810 495 Cum
1820 470 1863 495 ea

277 515 347 552 erit
357 515 526 557 extincta,
535 524 626 550 tunc
637 514 797 551 mareriae
808 514 857 550 ita
869 513 1072 557 misceatur,
1086 522 1125 548 ut
1135 510 1160 548 fi
1171 512 1238 549 erit
1248 510 1402 554 fofficia,
1411 520 1482 547 tres
1492 522 1606 548 arenae
1619 513 1656 549 ὃς
1669 523 1741 548 una
1754 514 1864 550 calcis

277 569 565 607 confundantur.
595 569 631 605 Si
640 579 762 606 autem
773 568 956 605 fluviatica
968 577 1031 605 aut
1044 568 1205 606 marma,
1229 567 1310 604 duae
1320 578 1435 604 arenae
1446 567 1484 603 in
1496 578 1608 604 unam
1622 567 1735 604 calcis
1746 569 1863 614 conji-

277 626 438 662 ciantur:
459 625 509 660 ira
520 626 622 661 enim
634 626 701 661 erit
711 624 797 669 justa
807 625 902 662 ratio
916 624 1107 661 mixtionis
1120 632 1392 672 temperaturae.
1424 624 1545 661 Etiam
1558 624 1594 659 in
1604 622 1790 660 fluviatica
1803 633 1866 661 aut

278 681 436 720 marina,
456 679 482 716 fi
502 681 582 729 quis
603 679 729 718 testam
745 679 862 717 tusam
874 679 910 716 δέ
930 677 990 726 [b]
1002 679 1206 716 succretam
1216 690 1261 715 ex
1282 679 1391 715 tertia
1400 687 1501 728 parte
1512 678 1707 724 adiecerit,
1726 677 1864 717 efficiet

275 738 435 773 materia:
453 745 743 786 temperaturam
755 735 799 773 ad
819 734 920 772 usum
931 736 1139 772 meliorem.
1176 734 1304 785 Qare
1320 743 1443 771 autem
1456 762 1466 777 ,
1486 745 1572 771 cum
1592 735 1720 784 recipit
1730 746 1864 784 aquam

278 793 317 828 &
327 802 474 829 arenam
487 793 578 830 calx,
591 802 681 828 tunc
698 790 896 827 confirmat
905 790 1120 828 structuram
1132 818 1142 833 ‚
1163 789 1239 827 haec
1251 789 1318 826 effe
1330 790 1434 827 causa
1445 789 1603 834 videtur,
1614 789 1721 839 quod
1736 787 1756 826 ὲ
1767 792 1866 840 prin-

280 848 384 896 cipiis
396 849 448 884 uti
460 857 588 884 caetera
599 858 776 896 corpora,
800 848 848 884 ita
861 848 897 883 ὃς
917 846 996 883 saxa
1005 846 1088 883 sunt
1105 855 1334 895 temperata:
1354 846 1481 893 &quae
1502 846 1582 896 plus
1600 846 1737 882 habent
1757 847 1866 891 aeris,

276 902 360 939 sunt
369 912 514 940 tenera:
536 914 616 952 quae
629 914 731 952 aquae
745 931 753 946 ‚
773 903 873 939 lenta
885 901 965 938 sunt
975 903 1020 939 ab
1032 902 1216 939 humore:
1231 913 1312 949 quae
1323 911 1423 938 terrae
1435 927 1443 940 ‚
1462 901 1569 938 dura:
1591 912 1671 950 quae
1682 903 1786 950 ignis,
1799 901 1866 939 fra-

279 958 420 1007 giliora.
450 960 575 1008 Itaque
595 970 637 995 ex
656 958 709 995 his
726 957 840 995 saxasi
854 966 1072 1006 ,antequam
1090 966 1319 1006 coquantur,
1339 955 1490 993 contusa
1501 958 1658 1001 minute,
1674 958 1866 1006 mixtaque:

280 1024 407 1052 arenae,
425 1016 669 1061 conjiciantur
680 1015 716 1050 in
727 1013 958 1051 strusturam‚
971 1024 1040 1049 nec
1052 1012 1285 1057 solidescunt,
1296 1024 1368 1049 nec
1379 1024 1461 1049 eam
1470 1023 1646 1062 poterunt
1658 1014 1864 1050 continere:

280 1080 370 1105 cum
390 1080 479 1107 vero
499 1070 668 1116 conjaera
685 1070 724 1105 in
745 1068 939 1105 fornacem
949 1097 958 1113 ‚
983 1070 1077 1117 ignis
1100 1067 1313 1107 vehementi
1331 1067 1474 1105 fervore
1496 1078 1664 1118 correpta
1681 1067 1865 1106 amiserint

278 1124 433 1173 pristinae
443 1125 631 1162 soliditatis
649 1126 824 1161 virtutem
836 1153 845 1168 ‚
864 1135 951 1161 tunc
962 1123 1094 1163 exustis
1113 1134 1226 1174 atque
1238 1123 1414 1162 exhaustis
1435 1135 1567 1161 eorum
1578 1123 1715 1161 viribus
1728 1153 1738 1168 ,
1759 1125 1865 1161 relin-

279 1190 445 1228 quuntur
465 1179 671 1232 parentibus
683 1180 927 1217 foraminibus
939 1181 975 1217 ὅ(
987 1179 1166 1217 inanibus.
1197 1180 1297 1229 Ergo
1309 1180 1433 1228 liquor
1445 1208 1454 1224 ,
1467 1181 1530 1228 qui
1541 1179 1589 1216 est
1600 1182 1638 1216 in
1649 1180 1724 1223 ejus
1735 1179 1866 1230 lapidis

138 1257 167 1279 γ,
195 1262 239 1279 ex-
282 1246 444 1285 corpore
457 1265 466 1281 ,
485 1237 522 1272 δε
535 1236 599 1272 a‘er
609 1247 697 1272 cum
710 1235 902 1273 exhaustus
912 1234 950 1272 &
961 1246 1108 1285 ereptus
1119 1235 1228 1272 fuerit
1238 1261 1246 1274 ‚
1269 1233 1509 1284 habueritque
1518 1234 1598 1271 inse
1608 1234 1792 1272 residuum
1805 1247 1867 1272 ca-

137 1293 216 1342 usta&
282 1291 403 1328 lorem
414 1292 601 1330 latentem,
616 1292 790 1328 intinctus
799 1293 836 1327 in
845 1302 940 1340 aqna
949 1289 1158 1341 priusquam
1171 1301 1276 1327 exeat
1287 1292 1393 1339 ignis,
1407 1293 1485 1329 vim
1498 1292 1641 1340 recipit,
1654 1292 1691 1327 ὅ(
1702 1289 1867 1330 humore

138 1331 258 1400 '2322‘ssss
283 1356 499 1397 penetrante
510 1349 546 1383 in
558 1346 786 1384 foraminum
799 1348 965 1384 raritates
976 1345 1238 1390 confervescit,
1249 1348 1346 1383 &ita
1357 1345 1590 1395 refrigeratus
1604 1346 1723 1391 rejicit
1734 1358 1779 1383 cx
1791 1347 1867 1383 cal-

137 1384 192 1449 ‚qgne
202 1415 258 1439 vim
282 1403 333 1439 cis
345 1413 504 1452 corpore
515 1401 711 1440 fervorem.
729 1403 822 1439 Ideo
834 1412 973 1442 autem,
986 1415 1065 1452 quo
1075 1401 1241 1453 pondere
1250 1400 1331 1438 saxa
1341 1403 1596 1449 conjiciuntur
1606 1403 1642 1438 in
1654 1401 1864 1447 fornacem,

137 1454 248 1491 rccrpias.
280 1469 369 1495 cum
378 1459 589 1496 eximuntur
603 1488 612 1502 ,
631 1470 708 1495 non
720 1457 866 1508 possunt
886 1457 978 1494 adid
996 1458 1233 1508 respondere:
1252 1457 1310 1494 sed
1322 1469 1409 1495 cum
1429 1457 1710 1508 expenduntur,
1734 1458 1866 1495 eadem

276 1514 529 1562 magnitudine
538 1524 793 1563 permanente,
805 1513 963 1551 excoCto
973 1514 1117 1563 liquore
1129 1514 1273 1551 circiter
1282 1514 1387 1550 tertia
1398 1524 1499 1563 parte
1509 1512 1680 1564 ponderis
1689 1513 1865 1549 imminu-

281 1577 317 1604 ta
328 1568 394 1605 esse
404 1570 770 1618 inveniuntur.1gitur
783 1581 873 1607 cum
884 1579 1009 1620 patent
1019 1569 1204 1607 foramina
1214 1581 1346 1606 eorum
1359 1570 1396 1606 ὅ(
1406 1570 1582 1608 raritates,
1591 1580 1705 1606 arenae
1715 1569 1864 1605 mixtio-

280 1626 417 1661 nemin
429 1624 462 1660 se
474 1626 689 1673 corripiunt.
704 1627 741 1662 <Sc
754 1627 804 1661 ira
816 1623 1395 1675 cohaerescunt,ficcescendoque
1406 1636 1495 1662 cum
1508 1625 1708 1663 coementis
1720 1625 1866 1662 coeunt

281 1680 318 1716 δε
329 1678 495 1718 efficiunt
506 1679 765 1718 structurarum
775 1679 1011 1724 soliditatem.

930 1785 965 1826 C
995 1799 1018 1824 Α
1050 1801 1081 1826 Ρ.
1140 1788 1215 1828 VI.

597 1865 679 1916 De
690 1864 895 1936 pulvere
914 1865 1216 1922 Puteolano,
1236 1864 1299 1922 Εἴ
1325 1873 1422 1932 ejus
1449 1864 1551 1939 usn.

350 1977 388 2014 St
400 1978 463 2022 [a]
475 1977 586 2013 etiam
598 1987 716 2024 genus
725 1977 882 2024 pulveris
896 2001 904 2014 ‚
926 1975 1032 2024 quod
1052 1975 1165 2013 efficit
1175 1977 1387 2014 naturaliter
1397 1989 1451 2014 res
1463 1974 1704 2014 admirandas.
1736 1975 1862 2014 Nasci-

350 2033 451 2071 turin
463 2032 676 2082 regionibus
689 2031 831 2079 BaJanis
841 2033 877 2068 δ(
887 2032 925 2067 in
935 2033 1026 2081 agris
1037 2032 1329 2083 municipiorum
1341 2061 1352 2078 ,
1364 2045 1444 2082 quae
1457 2031 1534 2070 sunt
1545 2033 1643 2068 circa
1655 2030 1861 2072 Vesuvium

1668 2099 1861 2134 montem,

285 2184 315 2217 a]
338 2182 493 2210 Pliilander:
517 2184 590 2210 Cato
601 2182 744 2211 Censorius
755 2192 811 2221 cap.
823 2187 862 2216 38⁴
875 2184 907 2211 de
918 2194 945 2211 re
956 2184 1057 2212 Rustic.
1075 2183 1188 2222 lapidem
1200 2193 1278 2222 quam
1288 2181 1463 2217 duriffimum,
1476 2188 1499 2212 ἅ
1512 2194 1591 2223 quam
1603 2184 1712 2212 minime
1723 2184 1824 2212 varium
1836 2186 1863 2212 in

322 2221 459 2250 fornacem
470 2223 612 2250 indendurn
623 2222 730 2262 scriptit.
753 2225 824 2263 Lege
835 2224 866 2251 de
877 2225 947 2252 calce
964 2225 1063 2263 reliqua
1078 2225 1145 2262 apud
1157 2225 1222 2252 Plin.
1232 2224 1276 2252 lib.
1288 2231 1331 2257 36.
1348 2236 1405 2263 cap.
1417 2235 1458 2259 23.
1476 2225 1657 2253 &Palladium
1674 2224 1720 2251 lib.
1734 2234 1751 2251 1.
1770 2234 1861 2263 cap.x.

325 2266 489 2302 Qanquam
499 2265 587 2290 omnia
603 2273 668 2301 pene
687 2263 825 2291 hauserunt
836 2264 868 2291 de
879 2265 1012 2292 Vitruvio.
1033 2265 1081 2292 Sed
1100 2265 1162 2292 illud
1175 2273 1266 2292 tamen
1277 2275 1308 2292 ex
1321 2267 1436 2294 Palladio
1447 2266 1529 2293 visum
1547 2267 1583 2294 est
1600 2264 1693 2293 addere
1705 2285 1712 2296 ‚
1729 2265 1755 2292 in
1767 2275 1862 2293 eorum

322 2305 460 2332 dumtaxat
472 2304 600 2342 gratiam,
621 2303 715 2341 quibus
736 2314 789 2331 non
806 2303 907 2343 semper
917 2305 994 2343 copia
1011 2305 1140 2332 librorum
1153 2305 1276 2344 suppetit,
1293 2306 1409 2345 alioquin
1421 2306 1465 2334 hic
1477 2311 1500 2334 δι
1511 2307 1566 2334 aliis
1574 2306 1640 2333 locis
1649 2313 1800 2343 poteramus
1810 2302 1862 2332 effe

323 2344 446 2372 contenti
458 2343 526 2371 nuda
539 2352 663 2371 autorum
675 2344 824 2372 laudatione
834 2355 839 2371 ς
860 2345 962 2373 calcem
972 2355 1076 2384 quoque,
1088 2346 1183 2383 inquit,
1193 2356 1223 2373 ex
1231 2345 1286 2373 albo
1296 2346 1358 2381 fiexa
1370 2347 1443 2378 duro,
1453 2347 1496 2374 vel
1506 2347 1653 2384 Tylmrtino,
1664 2353 1713 2371 aut
1724 2344 1862 2372 columbina

315 2384 446 2422 fluviatili
459 2394 601 2422 coquemus,
612 2391 659 2410 aut
670 2383 751 2412 rubro,
762 2392 809 2410 atat
816 2386 925 2422 spongia,
937 2393 985 2411 aut
995 2396 1129 2413 marmore.
1154 2386 1277 2421 Postremo
1288 2396 1338 2423 quur
1349 2390 1397 2414 erit
1408 2398 1438 2414 ex
1444 2388 1512 2424 spiffii
1522 2384 1554 2418 ὅ
1565 2387 1625 2414 duro
1636 2385 1699 2421 saxo
1711 2405 1718 2417 ,
1726 2385 1863 2419 struatur-25

324 2427 440 2452 ronvcnit
450 2437 457 2452 .-
473 2423 618 2460 exfiHulofh
628 2434 689 2451 vero
698 2443 704 2451 .
716 2432 761 2450 aut
772 2426 876 2452 molliori
886 2426 965 2462 lapide
974 2446 980 2455 ,
996 2429 1102 2453 reflari&⁶
1120 2426 1257 2453 adhibetur
1271 2426 1368 2453 melius.
1393 2428 1478 2465 Qod
1494 2436 1582 2455 autem
1596 2426 1627 2453 ad
1640 2426 1738 2452 {ilicem
1752 2426 1860 2458 attinet,

324 2475 373 2493 tria
384 2467 479 2493 Romae
491 2465 601 2492 vidimus
613 2474 719 2503 genera,
730 2464 830 2496 album.
848 2466 954 2505 nigrum
965 2466 1015 2493 live
1025 2464 1137 2499 fuscum,
1153 2471 1177 2495 3:
1189 2468 1306 2494 rubrum.
1329 2468 1361 2494 Et
1371 2478 1402 2494 ex
1412 2478 1444 2494 co
1456 2468 1562 2506 quidem
1573 2465 1628 2494 fieri
1641 2466 1751 2497 calcem.
1763 2464 1803 2493 sed
1816 2477 1863 2494 ea-

324 2516 411 2537 tenus,
422 2506 438 2532 {i
452 2506 537 2533 statim
548 2515 626 2543 quam
637 2515 667 2532 ex
677 2505 828 2543 lapicaedina
838 2515 974 2544 exemptus
984 2507 1028 2536 est.
1038 2517 1177 2544 coquatur.
1200 2507 1341 2546 Reperitur
1350 2511 1373 2534 ἃ
1385 2508 1489 2539 rutilus,
1502 2508 1592 2535 cornei
1603 2506 1700 2534 coloris
1713 2527 1719 2538 ,
1731 2507 1861 2538 cinereus.

323 2546 459 2577 caerulcus.
471 2546 566 2582 iecoris
581 2545 681 2573 colore.
705 2545 772 2572 illud
784 2555 888 2584 quoque
900 2547 930 2573 ad
942 2556 998 2574 rem
1009 2544 1097 2578 fuerit,
1106 2548 1217 2585 lapidem
1226 2548 1257 2575 ad
1268 2547 1367 2575 calcem
1377 2557 1431 2575 non
1443 2548 1529 2575 minus
1540 2547 1610 2575 horis
1620 2546 1755 2585 sexaginta
1766 2557 1862 2584 perco-

325 2588 381 2623 qui,
391 2587 421 2613 ad
434 2585 548 2625 gypsum
558 2596 622 2613 vero
633 2585 704 2613 horis
715 2596 768 2612 non
780 2587 836 2623 plus
848 2585 953 2626 viginti.
966 2589 1022 2614 Nec
1035 2587 1097 2614 illud
1110 2588 1406 2626 tacendum,postquam
1415 2589 1506 2616 coelus
1517 2585 1594 2615 fuerit
1607 2588 1679 2625 lapis.
1689 2589 1758 2615 intus
1767 2587 1863 2614 occul-

328 2635 385 2652 tum
397 2627 647 2666 continereignem;
658 2627 852 2664 aquisiricendi,
867 2627 962 2665 quibus
971 2626 1034 2654 soler
1046 2627 1114 2661 ignis
1125 2629 1265 2668 extingui3
1282 2628 1344 2656 oleo
1362 2629 1494 2667 extingui.
1512 2638 1566 2666 quo
1577 2627 1641 2656 solet
1655 2627 1725 2666 ignis
1741 2627 1860 2655 accendi.

325 2666 467 2694 Barbarus,-
479 2667 574 2694 Albam
585 2671 609 2695 &
619 2667 705 2694 vivam
715 2666 847 2705 appellant
858 2667 935 2694 nossri
948 2677 979 2694 ox
990 2661 1113 2698 filicibus,
1126 2669 1165 2696 vel
1178 2679 1209 2696 ex
1220 2670 1380 2696 torrentium
1391 2668 1505 2708 globoso
1514 2669 1574 2696 saxo
1583 2669 1740 2696 concoctam
1749 2667 1860 2695 calcem.

327 2709 446 2743 Oportet
457 2717 544 2735 autem
556 2708 683 2747 pinguem
695 2705 745 2735 effe
756 2711 780 2735 ἃ
792 2716 922 2737 tenacem.
934 2711 958 2735 ὅ(
967 2708 1045 2735 tertia
1056 2718 1128 2746 parre
1139 2709 1272 2747 ponderis.
1283 2718 1362 2747 quam
1371 2707 1450 2737 fuerit
1461 2710 1516 2743 ejus
1527 2709 1600 2747 lapis,
1611 2708 1750 2736 leviorem.

285 2745 314 2780 b]
337 2746 490 2773 Philander:
513 2748 541 2774 ld
551 2749 586 2775 est
596 2748 747 2776 cribratam.
768 2749 838 2776 Nam
848 2747 1010 2780 succernere,
1021 2749 1187 2777 incernere&
1199 2759 1338 2777 excernere
1348 2749 1471 2777 Vitruvio
1481 2750 1605 2778 dicuntur
1614 2758 1662 2787 pro
1674 2747 1796 2775 cribrare.
1813 2746 1860 2775 hic

327 2790 351 2814 ἃ
361 2786 407 2813 lib.
420 2796 472 2813 νη.
482 2797 538 2825 cap.
552 2797 569 2813 ι.
582 2792 605 2816 2&
619 2794 646 2814 (ἱ.
663 2789 731 2816 unde
742 2789 933 2816 incerniculnm
945 2798 992 2827 pro
1004 2789 1092 2817 cribro
1103 2789 1248 2828 usurpatur.

1801 2160 1866 2167 ..——

285 2838 316 2871 a]
339 2836 494 2865 Philander:
513 2838 600 2865 Pulvis
616 2838 657 2867 liic
669 2839 828 2867 Puteolanus
838 2840 951 2870 dicitur.
970 2839 1042 2878 quod
1061 2841 1086 2868 in
1100 2841 1250 2869 Puteolanis
1261 2839 1372 2868 collibus
1384 2841 1496 2869 nascitur
1506 2861 1513 2872 ,
1533 2839 1680 2879 mersusque
1690 2840 1810 2879 protinus
1828 2839 1860 2869 fit

326 2877 389 2915 lapis
398 2896 404 2906 ‚
424 2887 489 2905 unus
507 2879 719 2918 inexpugnabilis
731 2880 816 2911 undis,
826 2883 849 2908 ἃ
861 2878 958 2908 foi-:ior
967 2881 1087 2918 quotidie
1097 2902 1103 2911 ,
1117 2883 1208 2919 titique
1218 2880 1235 2908 fi
1247 2883 1371 2909 Cumano
1383 2881 1521 2909 misceatur
1532 2890 1680 2913 coememo,
1691 2890 1783 2909 autore
1792 2881 1861 2909 Plin.

323 2917 370 2947 lib.
389 2927 485 2946 xxxv.
502 2928 559 2956 cap.
570 2928 605 2952 ›3-
627 2920 764 2948 Puteolani
776 2921 880 2949 mentio
888 2921 922 2949 est
933 2922 1001 2960 apud
1012 2923 1137 2951 §mecam
1149 2943 1156 2956 ‚
1176 2921 1278 2960 Qvst.
1291 2922 1399 2950 natural.
1415 2921 1462 2950 lib.
1475 2931 1502 2950 11
1515 2931 1531 2950 1.
1553 2921 1673 2950 Sidonius
1691 2920 1859 2950 dicarcheam

1754 2971 1861 2992 arenam
