2023 3162
225 85 297 118 183
606 73 1451 117 M.-Vi⁷rnuv11P0L1.10N1s

216 148 429 195 judicamus
441 145 678 183 obscuritates
689 144 803 191 objici
814 142 913 193 posse
924 145 934 180 ἒ
954 144 1056 192 Ergo
1069 144 1197 194 potius
1210 154 1251 180 ea
1262 145 1358 180 ratio
1370 142 1479 180 nobis
1491 144 1675 183 constabit
1687 175 1696 190 ‚
1716 146 1821 196 quod

218 203 345 240 fervor
363 202 686 252 quemadmodum
706 211 839 237 omnes
857 210 913 235 res
934 209 1067 236 evocat
1090 199 1126 235 &
1146 200 1192 236 ad
1210 197 1242 235 le
1264 198 1366 235 ducit
1377 228 1386 243 ‚
1408 199 1472 246 (ut
1482 202 1594 237 ctiam
1613 201 1753 240 fruCtus
1775 216 1819 240 ex

218 270 312 297 terra
323 258 505 308 surgentes
517 260 554 294 in
565 256 801 295 altitudinem
811 266 876 304 per
887 255 1054 291 calorem
1064 254 1186 291 videm
1193 266 1234 291 us
1249 279 1256 292 ‚
1279 266 1359 291 non
1371 248 1492 291 minhs
1507 258 1574 301 [x]
1587 268 1688 306 aquae
1702 270 1743 296 va
1750 272 1820 308 po-

218 327 275 353 res
287 314 307 351 ἐι
318 315 487 352 fontibus
502 314 547 349 ad
559 313 678 349 nubes
690 322 753 361 per
762 321 865 347 arcus
876 312 1053 355 excitare)
1068 312 1198 347 eadem
1209 310 1351 346 ratione
1366 312 1386 353 [
1396 314 1433 359 y]
1445 310 1527 347 solis
1539 313 1696 361 impetus
1709 314 1819 352 vehe-

220 382 325 408 mens
339 399 348 414 ‚
361 371 465 406 radiis
485 365 755 416 trigoniforma
771 366 948 416 porreetis
961 392 967 405 ‚
980 365 1212 414 insequentes
1225 365 1343 402 stellas
1361 367 1406 402 ad
1418 364 1451 402 sc
1469 366 1651 417 perducit,
1673 372 1709 406 ὃς
1722 381 1821 406 ante-

220 437 422 464 currentes‚
438 425 552 461 veluti
564 421 785 459 refrenando
797 422 1084 470 retinendoque,
1102 433 1183 458 non
1196 422 1331 469 patitur
1343 422 1530 471 progredi,
1543 421 1601 458 sed
1615 422 1660 458 ad
1672 424 1702 461 se
1716 427 1820 474 cogit

221 482 362 531 regredi
375 510 385 524 ,
407 480 496 516 &in
507 479 655 515 alterius
676 478 813 528 trigoni
833 476 978 527 signum
999 476 1079 514 ess'e.
1110 476 1272 514 Fortasse
1294 476 1552 514 desiderabitur
1564 507 1573 522 ‚
1595 478 1685 527 quid
1706 480 1756 516 ita
1767 482 1819 518 sol

222 540 356 586 quinto
369 536 388 572 ξι
400 534 432 571 sc
442 534 546 584 [igno
558 560 566 574 ,
589 534 714 583 potius
724 546 836 582 quam
848 532 1012 571 secundo
1025 543 1087 570 aut
1096 533 1207 569 tertio
1220 561 1231 577 ‚
1249 545 1330 581 quoe
1350 532 1429 570 sunt
1442 535 1618 585 propiora
1632 563 1641 577 ‚
1666 533 1772 571 faciat
1783 538 1820 573 in

222 593 278 629 his
288 591 497 629 fervoribus
507 590 747 627 retentiones.
779 590 862 639 Ego
873 588 1195 638 quemadmodum
1205 588 1242 624 id
1253 587 1330 625 ficri
1340 589 1506 626 videatur
1517 602 1720 639 exponam.
1737 591 1822 636 Ejus

219 648 310 684 radii
322 650 357 685 in
370 646 529 690 mundo,
542 647 598 683 uti
616 646 767 695 trigoni,
777 646 926 695 paribus
936 643 1271 689 laterIbus‚forma‚
1286 645 1546 682 lineationibus
1559 645 1820 683 extenduntur:

223 704 261 741 id
274 714 398 741 autem
411 715 481 739 nec
502 703 585 754 plus
597 713 668 739 nec
680 702 802 738 minus
814 701 863 739 est
874 702 1050 750 quintum
1061 700 1107 737 ab
1118 712 1166 738 eo
1183 699 1300 749 figno.
1332 702 1444 751 Igitur
1456 701 1480 738 fi
1492 702 1578 738 radii
1590 713 1653 752 per
1666 713 1826 740 omnem

223 760 412 797 mundum
431 757 497 795 fusi
517 757 821 795 circinationibus
839 767 1074 806 vagarentur,
1099 768 1221 805 neque
1241 758 1515 794 extentionibus
1527 757 1686 808 porreeti
1699 757 1742 794 ad
1761 758 1825 794 tri-

222 817 314 864 goni
326 815 491 852 formam
502 815 733 853 lineatentur‚
749 815 928 863 propiora
938 813 1143 861 flagrarent.
1162 812 1200 849 Id
1211 822 1334 849 autem
1348 814 1459 850 etiam
1474 813 1663 863 Euripides
1675 813 1827 851 Graeco„

221 883 304 908 rum
321 872 437 909 Poeta
447 868 738 907 animadvertisse
750 869 906 907 videtur:
920 870 969 905 ait
981 870 1097 912 enim,
1110 880 1189 917 quae
1201 868 1352 918 longius
1363 868 1383 904 a
1394 868 1468 906 sole
1481 868 1591 907 ess'cnt
1604 896 1610 908 ,
1624 869 1703 906 haec
1714 869 1828 907 vehe-

225 929 388 965 mentius
407 926 532 964 ardere
544 954 554 970 ,
574 927 752 976 propiora
772 936 864 963 vero
886 935 1163 974 contemperata
1181 923 1314 963 habere
1335 940 1342 962 ε
1362 926 1484 976 itaque
1503 924 1625 963 scribit
1646 928 1682 962 in
1702 924 1828 963 fabula

85 984 104 1004 ’ὅ
126 983 181 1009 ''r-'t
227 982 465 1020 Phaethonte
478 979 569 1026 sic,³⁶
581 977 713 1025 Kus‘dwi
725 977 893 1031 m‘fifiwssu‘
903 978 947 1028 dl]
958 977 1059 1027 {yw‘s
1073 977 1210 1028 cu‘neyr’
1222 977 1296 1027 ἔχᾴ.
1309 981 1345 1018 Si
1356 994 1445 1031 crgo
1456 993 1511 1018 res
1525 984 1561 1020 ὃς
1575 983 1670 1019 ratio
1684 981 1718 1018 &
1731 981 1828 1018 testi-

83 1024 216 1100 ²⁰J{¹'}Jro‚
231 1041 407 1076 monium
419 1039 546 1075 Poetae
557 1038 687 1075 veteris
698 1037 734 1073 id
745 1037 916 1076 ostendit,
932 1049 1011 1074 non
1024 1047 1120 1087 puto
1131 1037 1234 1075 aliter
1244 1048 1419 1088 oportere
1430 1039 1599 1083 judicari,
1620 1037 1682 1075 nisi
1697 1049 1828 1086 quem-

81 1076 181 1142 {fflq'ua
229 1095 437 1146 admodum
450 1095 495 1130 de
507 1105 548 1130 ea
558 1106 596 1130 re
608 1093 710 1143 supra
720 1092 896 1144 scripturn
908 1092 1101 1130 habemus.
1115 1093 1210 1131 lovis
1223 1104 1347 1131 autem
1359 1095 1451 1131 inter
1468 1095 1613 1138 Martis,
1635 1094 1671 1130 δε
1684 1094 1830 1131 Saturni

86 1146 149 1172 2'2'2'
232 1153 514 1192 circinationem
528 1160 687 1187 currens,
702 1151 886 1196 majorem
897 1162 1008 1199 quam
1022 1150 1132 1189 Mars,
1147 1152 1334 1187 minorem
1345 1161 1460 1198 quam
1473 1151 1648 1187 Saturnus
1661 1150 1830 1200 pervolat

82 1192 180 1252 ‘rzip'
232 1206 389 1244 cursum.
421 1208 516 1243 Item
528 1207 677 1254 reliquae
688 1205 809 1250 stellae,
822 1218 904 1255 quo
914 1206 1058 1251 majore
1069 1203 1197 1243 absunt
1208 1205 1322 1256 spatio
1335 1206 1380 1242 ab
1394 1216 1567 1242 extremo
1581 1205 1672 1243 caelo
1684 1234 1694 1250 ,
1707 1207 1832 1255 proxi-

226 1274 408 1312 mamque
420 1261 556 1300 habent
571 1272 671 1299 terrae
682 1263 971 1298 circinationem
984 1291 994 1307 ‚
1007 1262 1161 1299 celerius
1171 1273 1381 1312 percurrere
1393 1261 1584 1299 videntur,
1610 1262 1714 1310 quod
1728 1273 1829 1310 quae-

228 1330 396 1368 cumque
408 1330 535 1355 earum
547 1321 737 1356 minorem
748 1319 1045 1363 circinationem,
1055 1329 1232 1368 peragens
1244 1342 1252 1356 ‚
1265 1317 1390 1368 saepius
1403 1316 1547 1355 subiens
1558 1317 1717 1367 praeterit
1730 1317 1750 1353 s
1745 1329 1764 1352 u
1770 1328 1831 1367 pe-

229 1375 380 1411 riorem.
417 1374 756 1428 Qemadmodum
767 1373 791 1412 si
803 1377 841 1412 in
853 1385 934 1413 rota
950 1404 960 1420 ‚
981 1387 1053 1424 qua
1063 1373 1164 1424 figuli
1173 1383 1341 1419 utuntur,
1352 1372 1529 1423 impositae
1541 1372 1676 1410 fuerint
1687 1372 1830 1423 septem

228 1430 397 1467 formicae
410 1460 420 1476 ‚
442 1430 655 1480 canalesque
673 1430 834 1469 totidem
848 1433 884 1468 in
903 1442 982 1468 rota
992 1431 1076 1468 faeti
1096 1429 1166 1467 sint
1178 1431 1320 1467 circum
1343 1440 1513 1467 centrum
1533 1430 1571 1465 in
1584 1431 1661 1466 imo
1675 1459 1684 1474 ‚
1706 1441 1833 1467 accre-

230 1485 371 1523 scentes
383 1486 427 1524 ad
440 1496 672 1526 extremuni,
689 1489 727 1524 in
739 1488 875 1536 quibus
885 1488 940 1525 hae
952 1497 1137 1537 cogantur
1148 1487 1432 1524 circinationem
1444 1484 1580 1531 facere,
1595 1484 1833 1533 verseturque

230 1552 315 1579 rota
326 1543 364 1579 in
376 1544 523 1581 alteram
535 1555 675 1594 partem
686 1573 696 1589 ‚
715 1542 858 1582 necesse
869 1546 936 1582 erit
947 1556 1007 1583 eas
1028 1553 1160 1582 contra
1170 1554 1260 1582 rotae
1272 1542 1518 1583 versationem
1530 1543 1623 1581 nihil
1635 1545 1756 1580 minus
1769 1540 1834 1578 ad-

232 1597 352 1635 versus
362 1600 489 1637 itinera
500 1599 691 1650 perficere,
709 1602 747 1638 &
759 1613 842 1650 quae
852 1603 1066 1652 proximum
1078 1610 1251 1638 centrum
1264 1595 1433 1638 habuerit
1456 1600 1612 1637 celerius
1626 1598 1833 1649 pervagari,

235 1666 395 1704 quaeque
407 1666 619 1692 extremum
631 1656 764 1693 orbem
777 1668 868 1695 rotae
879 1668 1030 1708 peraget
1041 1684 1049 1697 ,
1075 1658 1189 1695 etiam
1201 1656 1226 1693 si
1238 1669 1342 1706 aeque
1355 1657 1522 1693 celeriter
1533 1656 1718 1694 ambulet,
1745 1665 1834 1704 pro-

234 1718 318 1759 pter
328 1712 625 1761 magnitudinem
638 1713 889 1750 circinationis
901 1715 1022 1750 multo
1032 1712 1167 1750 tardius
1180 1712 1358 1763 perficere
1370 1711 1525 1749 cursum.
1558 1712 1734 1748 Similiter
1744 1708 1833 1746 astra

232 1761 388 1802 'nitentia
401 1777 530 1803 contra
542 1768 672 1805 mundi
683 1770 841 1814 cursum,
852 1769 919 1807 suis
931 1770 1117 1807 itineribus
1127 1768 1323 1819 perficiunt
1340 1769 1548 1811 circuitum,
1558 1766 1618 1804 sed
1630 1767 1708 1802 cxli
1719 1765 1833 1800 versa-

234 1820 339 1857 tione
352 1821 681 1861 redundationibus
694 1824 900 1862 referuntur
911 1825 1127 1874 quotidiana
1137 1826 1317 1874 temporis
1328 1824 1580 1860 circulatione.
1612 1819 1688 1857 Effe
1700 1830 1831 1857 autem

235 1877 320 1912 alias
331 1875 443 1913 stellas
455 1886 675 1926 temperatas
687 1905 696 1921 ‚
709 1881 796 1916 alias
809 1880 1005 1924 ferventes,
1017 1882 1208 1928 etiamque
1219 1878 1379 1928 frigidas,
1391 1877 1469 1915 haec
1482 1876 1549 1913 effe
1564 1875 1666 1912 causa
1677 1876 1831 1914 videtur,

239 1930 346 1979 quod
358 1933 481 1967 omnis
502 1933 593 1979 ignis
613 1935 650 1968 in
667 1933 850 1982 superiora
871 1936 958 1970 loca
978 1935 1089 1971 habet
1101 1933 1340 1971 scandentem
1359 1932 1562 1969 flammam.
1593 1933 1693 1979 Ergo
1707 1931 1774 1967 Sol
1793 1942 1838 1966 ae-

242 1987 359 2030 thera,
370 1989 434 2035 qui
446 1985 494 2022 est
507 1986 608 2037 supra
618 1987 663 2027 se,
678 1989 784 2026 radiis
797 2001 956 2026 exurens
967 1988 1082 2026 efficit
1091 1988 1326 2026 candentem:
1340 1990 1375 2024 in
1389 1987 1521 2035 quibus
1531 1988 1626 2024 locis
1637 1987 1745 2024 habet
1757 1998 1838 2023 cur-

242 2040 321 2079 sum
335 2043 464 2079 Martis
475 2041 572 2079 stella
585 2072 594 2087 ‚
617 2043 740 2093 itaque
750 2043 893 2081 fervens
904 2045 949 2082 ab
964 2044 1094 2082 ardore
1104 2043 1187 2080 solis
1200 2043 1366 2081 efficitur.
1398 2043 1545 2080 Saturni
1556 2052 1683 2080 autem
1696 2071 1705 2086 ‚
1727 2042 1836 2091 quod

241 2096 291 2134 est
302 2099 474 2146 proxima
486 2109 654 2136 extremo
666 2099 809 2137 mundo
820 2126 828 2139 ‚
850 2101 1044 2148 tangitque
1055 2100 1270 2148 congelatas
1290 2100 1367 2136 caeli
1380 2099 1569 2146 regiones,
1599 2098 1838 2136 vehementer

240 2152 289 2189 est
301 2152 442 2202 frigida.
464 2154 516 2190 Ex
529 2165 576 2190 eo
587 2155 699 2199 10vis‚
720 2166 809 2191 cum
821 2156 915 2191 inter
927 2154 1113 2204 utriusque
1125 2156 1364 2192 circuitiones
1377 2151 1513 2191 habeat
1527 2153 1687 2198 cursum,
1700 2151 1720 2189 ἒι
1735 2154 1837 2190 refri-

238 2210 430 2257 geratione
443 2210 644 2259 caloreque
662 2222 798 2248 eorum
820 2212 948 2248 medio
961 2240 971 2256 ,
995 2212 1261 2248 convenientes
1281 2208 1677 2259 teinpetatissimosque
1698 2209 1835 2247 habere

240 2264 383 2301 videtur
395 2263 553 2301 effectus.
584 2267 652 2323 [ξ]
673 2266 734 2304 De
748 2278 848 2303 zona
859 2280 879 2303 x
889 2280 902 2303 1
915 2279 944 2303 1.
968 2266 1158 2316 signorum
1171 2292 1179 2305 ‚
1203 2266 1240 2303 ὃ(
1251 2265 1388 2316 septem
1401 2264 1580 2301 astrorum
1593 2291 1601 2304 ‚
1629 2257 1839 2302 contrario-

239 2331 315 2368 que
325 2331 458 2356 eorum
470 2333 581 2369 opere
593 2319 635 2358 ac
647 2320 749 2359 cursu
760 2351 770 2366 ‚
791 2323 924 2370 quibus
936 2322 1139 2359 rationibus
1152 2323 1362 2360 &numeris
1371 2320 1558 2358 transeunt
1569 2332 1610 2357 ex
1623 2319 1729 2368 signis
1742 2322 1777 2357 in
1792 2321 1835 2357 sr-

238 2387 329 2424 gna,
352 2376 390 2412 ὅ(
403 2376 599 2412 circuitum
611 2375 713 2414 suum
724 2376 916 2428 perficiant
929 2407 938 2422 ‚
958 2380 1010 2416 uti
1022 2377 1041 2414 a
1054 2378 1342 2430 praeceptoribus
1364 2377 1518 2425 accepi,
1539 2375 1708 2425 exposui:
1735 2389 1837 2414 nunc

238 2431 284 2467 de
296 2429 471 2468 crescenti
479 2431 619 2467 lumine
637 2434 754 2470 Lunae
772 2433 1097 2483 diminutioneque
1111 2463 1120 2478 ‚
1140 2436 1194 2471 uti
1206 2432 1381 2471 traditum
1402 2431 1452 2468 est
1466 2432 1575 2468 nobis
1587 2431 1606 2466 a
1621 2432 1832 2477 majoribus,

241 2486 379 2524 dicam.
391 2486 630 2537 Berosus‚qui
641 2487 660 2524 Ξι
673 2488 939 2528 Chaldaeorum
950 2491 1099 2528 civitate
1110 2489 1181 2528 five
1193 2490 1348 2526 natione
1358 2488 1563 2538 progressus
1573 2490 1609 2524 in
1624 2487 1712 2525 Asia
1721 2490 1837 2526 etiam

1735 2542 1838 2580 disci·

238 2639 270 2671 χ]
294 2636 376 2663 Idem.
398 2639 483 2664 Arcus
495 2657 501 2669 ‚
521 2645 600 2675 quem
614 2636 678 2663 Irim
691 2645 802 2668 vocant,
824 2636 926 2664 causam
937 2634 986 2665 effe
997 2637 1086 2665 scribit
1104 2638 1171 2665 Plin.
1182 2638 1228 2665 lib.
1238 2648 1273 2664 11.
1286 2649 1342 2676 cap.
1356 2648 1400 2671 59.
1418 2640 1518 2667 radium
1531 2639 1598 2666 Solis
1609 2636 1754 2666 immissum
1766 2648 1838 2666 (αντε

278 2675 343 2702 nubi
354 2676 453 2714 repulsa
465 2678 521 2704 acic
531 2679 557 2704 in
570 2676 660 2704 Solem
674 2674 816 2705 refractum
828 2698 834 2709 ,
852 2677 1028 2715 colorumque
1039 2679 1195 2706 varietatem
1207 2680 1321 2706 mixtura
1333 2678 1452 2710 nubium,
1464 2682 1530 2707 aeris
1543 2680 1700 2719 igniumque
1711 2678 1779 2706 fieri:
1792 2679 1839 2707 nili

279 2715 340 2742 Sole
350 2717 458 2744 adverso
471 2728 524 2744 non
536 2716 592 2745 fieti
601 2738 608 2748 ,
630 2727 677 2745 nec
690 2727 817 2756 unquam,
830 2717 874 2744 nili
885 2718 996 2746 dimidia
1007 2719 1099 2746 circuli
1110 2716 1206 2749 forma,
1220 2729 1268 2746 nec
1281 2721 1371 2750 nostu,
1383 2730 1430 2746 nec
1439 2723 1556 2758 uuquam
1565 2719 1651 2757 plures
1663 2720 1747 2750 timul,
1758 2730 1838 2757 quam

280 2755 355 2783 duos.
379 2759 420 2784 De
432 2759 465 2784 lri
477 2758 561 2785 multa
579 2758 647 2795 apud
659 2758 844 2796 Nicephorum
855 2758 1002 2786 Blemidem
1013 2759 1058 2786 lib.
1071 2760 1216 2787 Metcoron
1228 2780 1234 2791 ,
1248 2760 1421 2786 Ammianum
1433 2760 1479 2786 lib.
1491 2770 1535 2787 xx.
1549 2760 1720 2787 Aristotelem
1731 2759 1776 2786 lib.
1789 2770 1839 2787 ιιι.

279 2795 396 2829 ejusdem
407 2799 569 2836 argumenti,
580 2802 605 2825 ἃ
618 2800 744 2826 Senecam
756 2807 840 2826 natur.
852 2799 939 2835 quaest.
950 2799 987 2826 lib
1006 2809 1026 2826 1.
1040 2801 1152 2835 Signum
1163 2809 1252 2827 autem
1264 2798 1316 2827 effe
1334 2799 1448 2837 pluviat.
1469 2800 1510 2827 vel
1522 2809 1586 2827 unus
1599 2800 1716 2827 Valerius
1730 2801 1840 2828 Flaccus

280 2838 430 2874 Argonaut.
441 2837 486 2865 lib.
500 2848 539 2866 ιν.
549 2839 705 2867 testimonio
714 2835 764 2867 effe
774 2839 869 2877 potest.
889 2841 962 2878 (Qid
969 2833 1104 2868 memorgm
1115 2861 1121 2871 .
1139 2850 1202 2879 quas
1212 2841 1261 2867 Iris
1269 2849 1352 2878 aquas
1360 2860 1367 2870 ,
1388 2849 1451 2877 quas
1462 2847 1580 2878 torqueat
1592 2841 1767 2869 Anc071.liaec
1780 2842 1836 2869 iile.

280 2876 342 2903 Imo
354 2877 401 2903 IrI's
413 2878 485 2904 fluvii
497 2888 596 2905 nomen
606 2880 721 2907 Valerio.

230 2918 265 2954 y]
295 2916 376 2944 Idem.
400 2917 574 2946 Scribendum
585 2916 636 2946 effe
656 2922 783 2957 porrectis
801 2921 874 2949 sexto
887 2920 944 2949 casu
955 2921 1058 2949 numeri
1071 2920 1249 2948 multitudinis
1261 2941 1267 2951 .
1287 2928 1449 2959 argumento
1468 2920 1503 2947 est
1523 2920 1594 2959 quod
1608 2921 1694 2959 postca
1702 2920 1833 2960 sequatur.

279 2958 342 2994 Ejus
354 2957 419 2986 radii
429 2958 456 2987 in
467 2959 565 2988 mundo
576 2960 616 2987 uti
630 2962 732 3001 trigoni
742 2962 847 3002 paribus
856 2961 992 2993 lateribus,
1007 2960 1092 2991 forma
1104 2982 1111 2995 ,
1130 2961 1317 2989 lineationibus
1327 2961 1514 2989 extenduntur.

1729 3003 1761 3036 z]
1774 3000 1835 3030 Phi„
