<?xml version="1.0" encoding="UTF-8"?>
<!DOCTYPE html PUBLIC "-//W3C//DTD XHTML 1.0 Transitional//EN"
    "http://www.w3.org/TR/xhtml1/DTD/xhtml1-transitional.dtd">
<html xmlns="http://www.w3.org/1999/xhtml" xml:lang="en" lang="en">
 <head>
  <title>
</title>
<meta http-equiv="Content-Type" content="text/html;charset=utf-8" />
  <meta name='ocr-system' content='tesseract 3.04.00' />
  <meta name='ocr-capabilities' content='ocr_page ocr_carea ocr_par ocr_line ocrx_word'/>
</head>
<body>
  <div class='ocr_page' id='page_1' title='image "./vitruviipollioni00vitr_0266.png"; bbox 0 0 2023 3162; ppageno 0'>
   <div class='ocr_carea' id='block_1_1' title="bbox 286 68 1517 115">
    <p class='ocr_par' dir='ltr' id='par_1_1' title="bbox 286 68 1517 115">
     <span class='ocr_line' id='line_1_1' title="bbox 286 68 1517 115; baseline -0.003 -4"><span class='ocrx_word' id='word_1_1' title='bbox 286 84 362 115; x_wconf 77' lang='lat'>218</span> <span class='ocrx_word' id='word_1_2' title='bbox 653 69 1100 110; x_wconf 73' lang='lat' dir='ltr'>M.V1Tnuv11</span> <span class='ocrx_word' id='word_1_3' title='bbox 1150 68 1517 107; x_wconf 70' lang='lat' dir='ltr'>Potrio&#39;N1s</span> 
     </span>
    </p>
   </div>
   <div class='ocr_carea' id='block_1_2' title="bbox 274 134 1879 1927">
    <p class='ocr_par' dir='ltr' id='par_1_2' title="bbox 274 134 1879 1927">
     <span class='ocr_line' id='line_1_2' title="bbox 283 134 1877 191; baseline 0.001 -15"><span class='ocrx_word' id='word_1_4' title='bbox 283 142 391 186; x_wconf 77' lang='lat' dir='ltr'>cuius</span> <span class='ocrx_word' id='word_1_5' title='bbox 400 142 492 191; x_wconf 85' lang='lat' dir='ltr'>tigni</span> <span class='ocrx_word' id='word_1_6' title='bbox 503 149 644 190; x_wconf 83' lang='lat' dir='ltr'>quanta</span> <span class='ocrx_word' id='word_1_7' title='bbox 656 137 763 175; x_wconf 89' lang='lat' dir='ltr'>fuerit</span> <span class='ocrx_word' id='word_1_8' title='bbox 772 135 911 186; x_wconf 88' lang='lat' dir='ltr'>pedum</span> <span class='ocrx_word' id='word_1_9' title='bbox 924 135 1145 185; x_wconf 79' lang='lat' dir='ltr'>longitudo,</span> <span class='ocrx_word' id='word_1_10' title='bbox 1166 144 1272 173; x_wconf 86' lang='lat' dir='ltr'>tanta</span> <span class='ocrx_word' id='word_1_11' title='bbox 1290 134 1492 183; x_wconf 81' lang='lat' dir='ltr'>digitorum</span> <span class='ocrx_word' id='word_1_12' title='bbox 1506 136 1697 187; x_wconf 78' lang='lat' dir='ltr'>expeditur</span> <span class='ocrx_word' id='word_1_13' title='bbox 1709 138 1877 177; x_wconf 69' lang='lat' dir='ltr'>crassitu-</span> 
     </span>
     <span class='ocr_line' id='line_1_3' title="bbox 281 190 1876 242; baseline 0.001 -12"><span class='ocrx_word' id='word_1_14' title='bbox 281 196 355 233; x_wconf 83' lang='lat' dir='ltr'>do:</span> <span class='ocrx_word' id='word_1_15' title='bbox 374 197 412 234; x_wconf 91' lang='lat' dir='ltr'>id</span> <span class='ocrx_word' id='word_1_16' title='bbox 431 197 477 233; x_wconf 88' lang='lat' dir='ltr'>ad</span> <span class='ocrx_word' id='word_1_17' title='bbox 498 198 680 233; x_wconf 84' lang='lat' dir='ltr'>circinum</span> <span class='ocrx_word' id='word_1_18' title='bbox 698 192 929 229; x_wconf 84' lang='lat' dir='ltr'>rotundatur.</span> <span class='ocrx_word' id='word_1_19' title='bbox 962 194 1008 228; x_wconf 92' lang='lat' dir='ltr'>In</span> <span class='ocrx_word' id='word_1_20' title='bbox 1026 191 1205 242; x_wconf 86' lang='lat' dir='ltr'>capitibus</span> <span class='ocrx_word' id='word_1_21' title='bbox 1228 193 1372 229; x_wconf 86' lang='lat' dir='ltr'>circino</span> <span class='ocrx_word' id='word_1_22' title='bbox 1385 190 1601 231; x_wconf 87' lang='lat' dir='ltr'>dividuntur</span> <span class='ocrx_word' id='word_1_23' title='bbox 1613 195 1876 233; x_wconf 77' lang='lat' dir='ltr'>circinationes</span> 
     </span>
     <span class='ocr_line' id='line_1_4' title="bbox 282 247 1876 304; baseline 0.001 -17"><span class='ocrx_word' id='word_1_24' title='bbox 282 262 414 290; x_wconf 89' lang='lat' dir='ltr'>eorum</span> <span class='ocrx_word' id='word_1_25' title='bbox 435 249 493 304; x_wconf 88' lang='lat' dir='ltr'>[b]</span> <span class='ocrx_word' id='word_1_26' title='bbox 518 248 734 289; x_wconf 81' lang='lat' dir='ltr'>tetrantibus</span> <span class='ocrx_word' id='word_1_27' title='bbox 754 250 790 285; x_wconf 92' lang='lat' dir='ltr'>in</span> <span class='ocrx_word' id='word_1_28' title='bbox 810 256 931 298; x_wconf 82' lang='lat' dir='ltr'>partes</span> <span class='ocrx_word' id='word_1_29' title='bbox 952 258 1129 297; x_wconf 89' lang='lat' dir='ltr'>quatuor,</span> <span class='ocrx_word' id='word_1_30' title='bbox 1147 247 1427 286; x_wconf 68' lang='lat' dir='ltr'>veloetantibus</span> <span class='ocrx_word' id='word_1_31' title='bbox 1447 249 1483 284; x_wconf 92' lang='lat' dir='ltr'>in</span> <span class='ocrx_word' id='word_1_32' title='bbox 1496 259 1614 298; x_wconf 77' lang='lat' dir='ltr'>partes</span> <span class='ocrx_word' id='word_1_33' title='bbox 1632 251 1743 291; x_wconf 67' lang='lat' dir='ltr'>ono,</span> <span class='ocrx_word' id='word_1_34' title='bbox 1757 252 1876 289; x_wconf 69' lang='lat' dir='ltr'>dunis</span> 
     </span>
     <span class='ocr_line' id='line_1_5' title="bbox 283 303 1876 357; baseline 0.001 -14"><span class='ocrx_word' id='word_1_35' title='bbox 283 308 406 346; x_wconf 86' lang='lat' dir='ltr'>lineis:</span> <span class='ocrx_word' id='word_1_36' title='bbox 427 321 555 357; x_wconf 84' lang='lat' dir='ltr'>eaeque</span> <span class='ocrx_word' id='word_1_37' title='bbox 567 308 670 343; x_wconf 71' lang='lat' dir='ltr'>linea:</span> <span class='ocrx_word' id='word_1_38' title='bbox 682 304 732 340; x_wconf 89' lang='lat' dir='ltr'>ita</span> <span class='ocrx_word' id='word_1_39' title='bbox 744 305 993 349; x_wconf 80' lang='lat' dir='ltr'>collocentur,</span> <span class='ocrx_word' id='word_1_40' title='bbox 1007 315 1047 341; x_wconf 90' lang='lat' dir='ltr'>ut</span> <span class='ocrx_word' id='word_1_41' title='bbox 1057 305 1093 340; x_wconf 91' lang='lat' dir='ltr'>in</span> <span class='ocrx_word' id='word_1_42' title='bbox 1104 304 1219 355; x_wconf 84' lang='lat' dir='ltr'>plano</span> <span class='ocrx_word' id='word_1_43' title='bbox 1230 303 1353 354; x_wconf 81' lang='lat' dir='ltr'>posito</span> <span class='ocrx_word' id='word_1_44' title='bbox 1364 304 1474 352; x_wconf 85' lang='lat' dir='ltr'>tigno</span> <span class='ocrx_word' id='word_1_45' title='bbox 1486 305 1531 341; x_wconf 89' lang='lat' dir='ltr'>ad</span> <span class='ocrx_word' id='word_1_46' title='bbox 1542 305 1701 342; x_wconf 82' lang='lat' dir='ltr'>libellam</span> <span class='ocrx_word' id='word_1_47' title='bbox 1713 335 1723 351; x_wconf 93' lang='lat'>‚</span> <span class='ocrx_word' id='word_1_48' title='bbox 1747 308 1876 345; x_wconf 83' lang='lat' dir='ltr'>utrius-</span> 
     </span>
     <span class='ocr_line' id='line_1_6' title="bbox 281 359 1876 414; baseline -0.001 -12"><span class='ocrx_word' id='word_1_49' title='bbox 281 376 358 413; x_wconf 85' lang='lat' dir='ltr'>que</span> <span class='ocrx_word' id='word_1_50' title='bbox 380 365 508 414; x_wconf 83' lang='lat' dir='ltr'>capitis</span> <span class='ocrx_word' id='word_1_51' title='bbox 526 364 629 399; x_wconf 76' lang='lat' dir='ltr'>linea:</span> <span class='ocrx_word' id='word_1_52' title='bbox 650 362 746 397; x_wconf 90' lang='lat' dir='ltr'>inter</span> <span class='ocrx_word' id='word_1_53' title='bbox 758 361 791 397; x_wconf 89' lang='lat' dir='ltr'>se</span> <span class='ocrx_word' id='word_1_54' title='bbox 802 359 1046 410; x_wconf 85' lang='lat' dir='ltr'>respondeant</span> <span class='ocrx_word' id='word_1_55' title='bbox 1055 361 1101 397; x_wconf 88' lang='lat' dir='ltr'>ad</span> <span class='ocrx_word' id='word_1_56' title='bbox 1112 360 1436 411; x_wconf 88' lang='lat' dir='ltr'>perpendiculum:</span> <span class='ocrx_word' id='word_1_57' title='bbox 1461 360 1506 397; x_wconf 90' lang='lat' dir='ltr'>ab</span> <span class='ocrx_word' id='word_1_58' title='bbox 1517 360 1570 398; x_wconf 89' lang='lat' dir='ltr'>his</span> <span class='ocrx_word' id='word_1_59' title='bbox 1582 361 1714 398; x_wconf 87' lang='lat' dir='ltr'>deinde</span> <span class='ocrx_word' id='word_1_60' title='bbox 1725 362 1745 398; x_wconf 70' lang='lat' dir='ltr'>a</span> <span class='ocrx_word' id='word_1_61' title='bbox 1757 365 1876 414; x_wconf 84' lang='lat' dir='ltr'>capite</span> 
     </span>
     <span class='ocr_line' id='line_1_7' title="bbox 282 417 1877 470; baseline 0 -14"><span class='ocrx_word' id='word_1_62' title='bbox 282 421 328 456; x_wconf 87' lang='lat' dir='ltr'>ad</span> <span class='ocrx_word' id='word_1_63' title='bbox 347 422 500 458; x_wconf 87' lang='lat' dir='ltr'>alterum</span> <span class='ocrx_word' id='word_1_64' title='bbox 522 428 630 469; x_wconf 85' lang='lat' dir='ltr'>caput</span> <span class='ocrx_word' id='word_1_65' title='bbox 648 418 752 453; x_wconf 83' lang='lat' dir='ltr'>lineae</span> <span class='ocrx_word' id='word_1_66' title='bbox 771 417 1020 467; x_wconf 80' lang='lat' dir='ltr'>perducantur</span> <span class='ocrx_word' id='word_1_67' title='bbox 1040 418 1308 454; x_wconf 87' lang='lat' dir='ltr'>convenientes</span> <span class='ocrx_word' id='word_1_68' title='bbox 1322 445 1331 460; x_wconf 92' lang='lat'>‚</span> <span class='ocrx_word' id='word_1_69' title='bbox 1351 417 1406 452; x_wconf 89' lang='lat' dir='ltr'>uti</span> <span class='ocrx_word' id='word_1_70' title='bbox 1424 429 1538 465; x_wconf 86' lang='lat' dir='ltr'>quam</span> <span class='ocrx_word' id='word_1_71' title='bbox 1556 429 1690 466; x_wconf 82' lang='lat' dir='ltr'>magna</span> <span class='ocrx_word' id='word_1_72' title='bbox 1709 420 1777 455; x_wconf 90' lang='lat' dir='ltr'>erit</span> <span class='ocrx_word' id='word_1_73' title='bbox 1795 431 1877 470; x_wconf 87' lang='lat' dir='ltr'>pars</span> 
     </span>
     <span class='ocr_line' id='line_1_8' title="bbox 283 471 1875 524; baseline -0.001 -11"><span class='ocrx_word' id='word_1_74' title='bbox 283 477 416 513; x_wconf 68' lang='lat' dir='ltr'>ostava</span> <span class='ocrx_word' id='word_1_75' title='bbox 428 474 681 512; x_wconf 85' lang='lat' dir='ltr'>circinationis</span> <span class='ocrx_word' id='word_1_76' title='bbox 692 474 794 523; x_wconf 81' lang='lat' dir='ltr'>tigni,</span> <span class='ocrx_word' id='word_1_77' title='bbox 808 484 883 511; x_wconf 87' lang='lat' dir='ltr'>tam</span> <span class='ocrx_word' id='word_1_78' title='bbox 896 475 1039 523; x_wconf 87' lang='lat' dir='ltr'>magnis</span> <span class='ocrx_word' id='word_1_79' title='bbox 1055 472 1172 524; x_wconf 85' lang='lat' dir='ltr'>spatiis</span> <span class='ocrx_word' id='word_1_80' title='bbox 1182 472 1312 510; x_wconf 88' lang='lat' dir='ltr'>distent</span> <span class='ocrx_word' id='word_1_81' title='bbox 1322 473 1342 508; x_wconf 88' lang='lat' dir='ltr'>s</span> <span class='ocrx_word' id='word_1_82' title='bbox 1336 471 1529 510; x_wconf 78' lang='lat' dir='ltr'>ecundum</span> <span class='ocrx_word' id='word_1_83' title='bbox 1542 473 1792 511; x_wconf 88' lang='lat' dir='ltr'>latitudinem.</span> <span class='ocrx_word' id='word_1_84' title='bbox 1813 477 1875 512; x_wconf 89' lang='lat' dir='ltr'>Sic</span> 
     </span>
     <span class='ocr_line' id='line_1_9' title="bbox 282 528 1872 580; baseline 0 -12"><span class='ocrx_word' id='word_1_85' title='bbox 282 531 367 568; x_wconf 85' lang='lat' dir='ltr'>&amp;in</span> <span class='ocrx_word' id='word_1_86' title='bbox 379 530 650 568; x_wconf 85' lang='lat' dir='ltr'>rotundatione</span> <span class='ocrx_word' id='word_1_87' title='bbox 663 529 746 567; x_wconf 85' lang='lat' dir='ltr'>&amp;in</span> <span class='ocrx_word' id='word_1_88' title='bbox 758 529 1005 580; x_wconf 77' lang='lat' dir='ltr'>longitudine,</span> <span class='ocrx_word' id='word_1_89' title='bbox 1020 530 1171 579; x_wconf 82' lang='lat' dir='ltr'>aequalia</span> <span class='ocrx_word' id='word_1_90' title='bbox 1181 529 1290 579; x_wconf 86' lang='lat' dir='ltr'>spatia</span> <span class='ocrx_word' id='word_1_91' title='bbox 1299 528 1402 566; x_wconf 89' lang='lat' dir='ltr'>fient.</span> <span class='ocrx_word' id='word_1_92' title='bbox 1421 530 1474 566; x_wconf 88' lang='lat' dir='ltr'>Ita</span> <span class='ocrx_word' id='word_1_93' title='bbox 1484 541 1563 578; x_wconf 88' lang='lat' dir='ltr'>quo</span> <span class='ocrx_word' id='word_1_94' title='bbox 1576 529 1654 567; x_wconf 89' lang='lat' dir='ltr'>loci</span> <span class='ocrx_word' id='word_1_95' title='bbox 1665 528 1872 568; x_wconf 87' lang='lat' dir='ltr'>describun-</span> 
     </span>
     <span class='ocr_line' id='line_1_10' title="bbox 282 584 1875 637; baseline -0.001 -14"><span class='ocrx_word' id='word_1_96' title='bbox 282 597 343 623; x_wconf 85' lang='lat' dir='ltr'>tur</span> <span class='ocrx_word' id='word_1_97' title='bbox 353 588 471 630; x_wconf 80' lang='lat' dir='ltr'>lineae,</span> <span class='ocrx_word' id='word_1_98' title='bbox 482 599 565 636; x_wconf 85' lang='lat' dir='ltr'>quae</span> <span class='ocrx_word' id='word_1_99' title='bbox 575 586 655 623; x_wconf 89' lang='lat' dir='ltr'>sunt</span> <span class='ocrx_word' id='word_1_100' title='bbox 666 587 704 622; x_wconf 89' lang='lat' dir='ltr'>in</span> <span class='ocrx_word' id='word_1_101' title='bbox 713 587 949 636; x_wconf 77' lang='lat' dir='ltr'>longitudine</span> <span class='ocrx_word' id='word_1_102' title='bbox 960 585 1353 637; x_wconf 67' lang='lat' dir='ltr'>spectantes‚faciendae</span> <span class='ocrx_word' id='word_1_103' title='bbox 1365 584 1691 630; x_wconf 76' lang='lat' dir='ltr'>decuffatioiies‚&amp;</span> <span class='ocrx_word' id='word_1_104' title='bbox 1702 587 1738 622; x_wconf 89' lang='lat' dir='ltr'>in</span> <span class='ocrx_word' id='word_1_105' title='bbox 1751 586 1875 629; x_wconf 84' lang='lat' dir='ltr'>decus-</span> 
     </span>
     <span class='ocr_line' id='line_1_11' title="bbox 279 637 1876 694; baseline -0.001 -14"><span class='ocrx_word' id='word_1_106' title='bbox 279 642 484 680; x_wconf 80' lang='lat' dir='ltr'>sationibus</span> <span class='ocrx_word' id='word_1_107' title='bbox 497 642 600 680; x_wconf 84' lang='lat' dir='ltr'>finita</span> <span class='ocrx_word' id='word_1_108' title='bbox 613 643 758 694; x_wconf 59' lang='lat' dir='ltr'>puncta.</span> <span class='ocrx_word' id='word_1_109' title='bbox 780 643 848 681; x_wconf 88' lang='lat' dir='ltr'>His</span> <span class='ocrx_word' id='word_1_110' title='bbox 860 644 909 680; x_wconf 89' lang='lat' dir='ltr'>ita</span> <span class='ocrx_word' id='word_1_111' title='bbox 920 642 1119 681; x_wconf 85' lang='lat' dir='ltr'>emendate</span> <span class='ocrx_word' id='word_1_112' title='bbox 1127 640 1328 692; x_wconf 86' lang='lat' dir='ltr'>descriptis,</span> <span class='ocrx_word' id='word_1_113' title='bbox 1339 641 1494 679; x_wconf 85' lang='lat' dir='ltr'>sumitur</span> <span class='ocrx_word' id='word_1_114' title='bbox 1504 642 1662 692; x_wconf 87' lang='lat' dir='ltr'>salignea</span> <span class='ocrx_word' id='word_1_115' title='bbox 1671 637 1808 686; x_wconf 48' lang='lat' dir='ltr'>tenui&amp;</span> <span class='ocrx_word' id='word_1_116' title='bbox 1815 653 1876 680; x_wconf 87' lang='lat' dir='ltr'>aut</span> 
     </span>
     <span class='ocr_line' id='line_1_12' title="bbox 280 697 1876 749; baseline -0.002 -12"><span class='ocrx_word' id='word_1_117' title='bbox 280 699 327 737; x_wconf 87' lang='lat' dir='ltr'>de</span> <span class='ocrx_word' id='word_1_118' title='bbox 358 700 433 744; x_wconf 88' lang='lat' dir='ltr'>[c]</span> <span class='ocrx_word' id='word_1_119' title='bbox 461 701 574 737; x_wconf 84' lang='lat' dir='ltr'>vitice</span> <span class='ocrx_word' id='word_1_120' title='bbox 592 699 685 737; x_wconf 68' lang='lat' dir='ltr'>festa</span> <span class='ocrx_word' id='word_1_121' title='bbox 704 699 853 748; x_wconf 85' lang='lat' dir='ltr'>regula,</span> <span class='ocrx_word' id='word_1_122' title='bbox 883 711 966 749; x_wconf 86' lang='lat' dir='ltr'>quae</span> <span class='ocrx_word' id='word_1_123' title='bbox 985 699 1094 736; x_wconf 70' lang='lat' dir='ltr'>unsta</span> <span class='ocrx_word' id='word_1_124' title='bbox 1113 697 1252 748; x_wconf 88' lang='lat' dir='ltr'>liquida</span> <span class='ocrx_word' id='word_1_125' title='bbox 1271 699 1355 749; x_wconf 89' lang='lat' dir='ltr'>pice</span> <span class='ocrx_word' id='word_1_126' title='bbox 1372 697 1493 748; x_wconf 89' lang='lat' dir='ltr'>figitur</span> <span class='ocrx_word' id='word_1_127' title='bbox 1512 700 1550 735; x_wconf 90' lang='lat' dir='ltr'>in</span> <span class='ocrx_word' id='word_1_128' title='bbox 1570 700 1694 749; x_wconf 85' lang='lat' dir='ltr'>primo</span> <span class='ocrx_word' id='word_1_129' title='bbox 1716 697 1876 735; x_wconf 83' lang='lat' dir='ltr'>decussis</span> 
     </span>
     <span class='ocr_line' id='line_1_13' title="bbox 280 754 1876 806; baseline -0.001 -14"><span class='ocrx_word' id='word_1_130' title='bbox 280 755 449 806; x_wconf 58' lang='lat' dir='ltr'>punito:</span> <span class='ocrx_word' id='word_1_131' title='bbox 470 756 604 793; x_wconf 91' lang='lat' dir='ltr'>deinde</span> <span class='ocrx_word' id='word_1_132' title='bbox 624 755 800 799; x_wconf 81' lang='lat' dir='ltr'>traiicitur</span> <span class='ocrx_word' id='word_1_133' title='bbox 817 755 973 804; x_wconf 84' lang='lat' dir='ltr'>oblique</span> <span class='ocrx_word' id='word_1_134' title='bbox 993 754 1039 793; x_wconf 87' lang='lat' dir='ltr'>ad</span> <span class='ocrx_word' id='word_1_135' title='bbox 1058 755 1288 806; x_wconf 86' lang='lat' dir='ltr'>insequentes</span> <span class='ocrx_word' id='word_1_136' title='bbox 1307 755 1555 804; x_wconf 75' lang='lat' dir='ltr'>longitudines</span> <span class='ocrx_word' id='word_1_137' title='bbox 1575 757 1611 792; x_wconf 70' lang='grc' dir='ltr'>ὃ(</span> <span class='ocrx_word' id='word_1_138' title='bbox 1632 755 1876 791; x_wconf 85' lang='lat' dir='ltr'>circuitiones</span> 
     </span>
     <span class='ocr_line' id='line_1_14' title="bbox 282 809 1879 861; baseline -0.002 -13"><span class='ocrx_word' id='word_1_139' title='bbox 282 809 497 848; x_wconf 84' lang='lat' dir='ltr'>decussium.</span> <span class='ocrx_word' id='word_1_140' title='bbox 535 812 581 850; x_wconf 84' lang='lat' dir='ltr'>Et</span> <span class='ocrx_word' id='word_1_141' title='bbox 590 814 640 849; x_wconf 89' lang='lat' dir='ltr'>ita</span> <span class='ocrx_word' id='word_1_142' title='bbox 652 823 697 848; x_wconf 87' lang='lat' dir='ltr'>ex</span> <span class='ocrx_word' id='word_1_143' title='bbox 708 812 839 848; x_wconf 89' lang='lat' dir='ltr'>ordine</span> <span class='ocrx_word' id='word_1_144' title='bbox 851 812 1101 861; x_wconf 83' lang='lat' dir='ltr'>progrediens,</span> <span class='ocrx_word' id='word_1_145' title='bbox 1116 810 1252 860; x_wconf 86' lang='lat' dir='ltr'>singula</span> <span class='ocrx_word' id='word_1_146' title='bbox 1262 811 1393 861; x_wconf 58' lang='lat' dir='ltr'>puncta</span> <span class='ocrx_word' id='word_1_147' title='bbox 1405 810 1660 861; x_wconf 69' lang='lat' dir='ltr'>praetereundo</span> <span class='ocrx_word' id='word_1_148' title='bbox 1672 812 1707 847; x_wconf 74' lang='grc' dir='ltr'>ὃ(</span> <span class='ocrx_word' id='word_1_149' title='bbox 1719 811 1879 847; x_wconf 84' lang='lat' dir='ltr'>circum-</span> 
     </span>
     <span class='ocr_line' id='line_1_15' title="bbox 281 865 1877 918; baseline -0.003 -13"><span class='ocrx_word' id='word_1_150' title='bbox 281 867 533 906; x_wconf 83' lang='lat' dir='ltr'>involvendo,</span> <span class='ocrx_word' id='word_1_151' title='bbox 559 868 770 905; x_wconf 87' lang='lat' dir='ltr'>collocatur</span> <span class='ocrx_word' id='word_1_152' title='bbox 781 870 818 904; x_wconf 90' lang='lat' dir='ltr'>in</span> <span class='ocrx_word' id='word_1_153' title='bbox 832 867 979 917; x_wconf 85' lang='lat' dir='ltr'>singulis</span> <span class='ocrx_word' id='word_1_154' title='bbox 990 866 1324 904; x_wconf 77' lang='lat' dir='ltr'>decuffationibiis:</span> <span class='ocrx_word' id='word_1_155' title='bbox 1345 869 1383 904; x_wconf 72' lang='grc' dir='ltr'>δ(</span> <span class='ocrx_word' id='word_1_156' title='bbox 1405 870 1453 905; x_wconf 87' lang='lat' dir='ltr'>ita</span> <span class='ocrx_word' id='word_1_157' title='bbox 1470 869 1636 918; x_wconf 82' lang='lat' dir='ltr'>pervenit</span> <span class='ocrx_word' id='word_1_158' title='bbox 1646 866 1682 903; x_wconf 61' lang='grc' dir='ltr'>δέ</span> <span class='ocrx_word' id='word_1_159' title='bbox 1692 865 1821 916; x_wconf 87' lang='lat' dir='ltr'>figitur</span> <span class='ocrx_word' id='word_1_160' title='bbox 1830 865 1877 902; x_wconf 87' lang='lat' dir='ltr'>ad</span> 
     </span>
     <span class='ocr_line' id='line_1_16' title="bbox 281 922 1877 974; baseline 0.001 -15"><span class='ocrx_word' id='word_1_161' title='bbox 281 935 361 960; x_wconf 89' lang='lat' dir='ltr'>eam</span> <span class='ocrx_word' id='word_1_162' title='bbox 375 924 513 961; x_wconf 89' lang='lat' dir='ltr'>lineam</span> <span class='ocrx_word' id='word_1_163' title='bbox 524 953 534 968; x_wconf 91' lang='lat'>‚</span> <span class='ocrx_word' id='word_1_164' title='bbox 555 923 730 962; x_wconf 88' lang='lat' dir='ltr'>recedens</span> <span class='ocrx_word' id='word_1_165' title='bbox 741 924 761 960; x_wconf 74' lang='lat' dir='ltr'>a</span> <span class='ocrx_word' id='word_1_166' title='bbox 773 925 894 974; x_wconf 86' lang='lat' dir='ltr'>primo</span> <span class='ocrx_word' id='word_1_167' title='bbox 904 924 943 960; x_wconf 93' lang='lat' dir='ltr'>in</span> <span class='ocrx_word' id='word_1_168' title='bbox 956 923 1133 961; x_wconf 67' lang='lat' dir='ltr'>ostavum</span> <span class='ocrx_word' id='word_1_169' title='bbox 1145 924 1329 973; x_wconf 60' lang='lat' dir='ltr'>punitum</span> <span class='ocrx_word' id='word_1_170' title='bbox 1345 949 1352 962; x_wconf 92' lang='lat'>,</span> <span class='ocrx_word' id='word_1_171' title='bbox 1373 924 1410 961; x_wconf 90' lang='lat' dir='ltr'>in</span> <span class='ocrx_word' id='word_1_172' title='bbox 1430 936 1502 973; x_wconf 89' lang='lat' dir='ltr'>qua</span> <span class='ocrx_word' id='word_1_173' title='bbox 1516 926 1630 974; x_wconf 86' lang='lat' dir='ltr'>prima</span> <span class='ocrx_word' id='word_1_174' title='bbox 1642 933 1724 972; x_wconf 86' lang='lat' dir='ltr'>pars</span> <span class='ocrx_word' id='word_1_175' title='bbox 1737 924 1812 968; x_wconf 84' lang='lat' dir='ltr'>ejus</span> <span class='ocrx_word' id='word_1_176' title='bbox 1825 922 1877 960; x_wconf 89' lang='lat' dir='ltr'>est</span> 
     </span>
     <span class='ocr_line' id='line_1_17' title="bbox 278 975 1872 1031; baseline -0.001 -15"><span class='ocrx_word' id='word_1_177' title='bbox 278 979 358 1016; x_wconf 82' lang='lat' dir='ltr'>fixa.</span> <span class='ocrx_word' id='word_1_178' title='bbox 391 980 449 1016; x_wconf 86' lang='lat' dir='ltr'>Eo</span> <span class='ocrx_word' id='word_1_179' title='bbox 470 980 592 1017; x_wconf 91' lang='lat' dir='ltr'>modo</span> <span class='ocrx_word' id='word_1_180' title='bbox 609 990 791 1029; x_wconf 86' lang='lat' dir='ltr'>quantum</span> <span class='ocrx_word' id='word_1_181' title='bbox 809 979 1043 1030; x_wconf 79' lang='lat' dir='ltr'>progreditur</span> <span class='ocrx_word' id='word_1_182' title='bbox 1061 975 1218 1028; x_wconf 71' lang='lat' dir='ltr'>oblique</span> <span class='ocrx_word' id='word_1_183' title='bbox 1238 991 1302 1029; x_wconf 88' lang='lat' dir='ltr'>per</span> <span class='ocrx_word' id='word_1_184' title='bbox 1319 977 1470 1030; x_wconf 87' lang='lat' dir='ltr'>spatium</span> <span class='ocrx_word' id='word_1_185' title='bbox 1493 982 1530 1017; x_wconf 64' lang='grc' dir='ltr'>ὃς</span> <span class='ocrx_word' id='word_1_186' title='bbox 1544 992 1607 1031; x_wconf 84' lang='lat' dir='ltr'>per</span> <span class='ocrx_word' id='word_1_187' title='bbox 1619 979 1710 1016; x_wconf 72' lang='grc' dir='ltr'>οᾶο</span> <span class='ocrx_word' id='word_1_188' title='bbox 1722 979 1872 1030; x_wconf 65' lang='grc' dir='ltr'>ρυηδῒει,</span> 
     </span>
     <span class='ocr_line' id='line_1_18' title="bbox 279 1035 1876 1085; baseline -0.001 -13"><span class='ocrx_word' id='word_1_189' title='bbox 279 1035 500 1073; x_wconf 79' lang='lat' dir='ltr'>tantundem</span> <span class='ocrx_word' id='word_1_190' title='bbox 522 1038 559 1072; x_wconf 92' lang='lat' dir='ltr'>in</span> <span class='ocrx_word' id='word_1_191' title='bbox 579 1035 816 1084; x_wconf 87' lang='lat' dir='ltr'>longitudine</span> <span class='ocrx_word' id='word_1_192' title='bbox 837 1035 1008 1085; x_wconf 88' lang='lat' dir='ltr'>procedit</span> <span class='ocrx_word' id='word_1_193' title='bbox 1029 1035 1076 1073; x_wconf 91' lang='lat' dir='ltr'>ad</span> <span class='ocrx_word' id='word_1_194' title='bbox 1086 1035 1267 1073; x_wconf 68' lang='lat' dir='ltr'>ostavum</span> <span class='ocrx_word' id='word_1_195' title='bbox 1282 1036 1469 1085; x_wconf 78' lang='lat' dir='ltr'>punCtum.</span> <span class='ocrx_word' id='word_1_196' title='bbox 1501 1036 1641 1073; x_wconf 86' lang='lat' dir='ltr'>Eadem</span> <span class='ocrx_word' id='word_1_197' title='bbox 1653 1037 1798 1072; x_wconf 88' lang='lat' dir='ltr'>ratione</span> <span class='ocrx_word' id='word_1_198' title='bbox 1812 1046 1876 1083; x_wconf 85' lang='lat' dir='ltr'>pei·</span> 
     </span>
     <span class='ocr_line' id='line_1_19' title="bbox 277 1089 1875 1141; baseline -0.001 -14"><span class='ocrx_word' id='word_1_199' title='bbox 277 1103 396 1128; x_wconf 90' lang='lat' dir='ltr'>omne</span> <span class='ocrx_word' id='word_1_200' title='bbox 408 1092 564 1141; x_wconf 88' lang='lat' dir='ltr'>spatium</span> <span class='ocrx_word' id='word_1_201' title='bbox 576 1091 822 1140; x_wconf 78' lang='lat' dir='ltr'>longitudinis</span> <span class='ocrx_word' id='word_1_202' title='bbox 835 1093 871 1128; x_wconf 72' lang='grc' dir='ltr'>ὃ(</span> <span class='ocrx_word' id='word_1_203' title='bbox 884 1091 1121 1129; x_wconf 84' lang='lat' dir='ltr'>rotunditatis</span> <span class='ocrx_word' id='word_1_204' title='bbox 1141 1090 1289 1141; x_wconf 86' lang='lat' dir='ltr'>fingulis</span> <span class='ocrx_word' id='word_1_205' title='bbox 1302 1090 1618 1135; x_wconf 77' lang='lat' dir='ltr'>decussationibus</span> <span class='ocrx_word' id='word_1_206' title='bbox 1631 1091 1785 1139; x_wconf 88' lang='lat' dir='ltr'>oblique</span> <span class='ocrx_word' id='word_1_207' title='bbox 1796 1089 1875 1126; x_wconf 76' lang='lat' dir='ltr'>fixae</span> 
     </span>
     <span class='ocr_line' id='line_1_20' title="bbox 277 1145 1873 1196; baseline 0 -14"><span class='ocrx_word' id='word_1_208' title='bbox 277 1147 430 1195; x_wconf 74' lang='lat' dir='ltr'>regulae,</span> <span class='ocrx_word' id='word_1_209' title='bbox 454 1159 517 1196; x_wconf 89' lang='lat' dir='ltr'>per</span> <span class='ocrx_word' id='word_1_210' title='bbox 537 1147 628 1184; x_wconf 69' lang='lat' dir='ltr'>osto</span> <span class='ocrx_word' id='word_1_211' title='bbox 648 1145 895 1184; x_wconf 84' lang='lat' dir='ltr'>crassitudinis</span> <span class='ocrx_word' id='word_1_212' title='bbox 915 1146 1114 1185; x_wconf 82' lang='lat' dir='ltr'>divisiones</span> <span class='ocrx_word' id='word_1_213' title='bbox 1124 1148 1315 1184; x_wconf 85' lang='lat' dir='ltr'>involutos</span> <span class='ocrx_word' id='word_1_214' title='bbox 1335 1146 1476 1186; x_wconf 87' lang='lat' dir='ltr'>faciunt</span> <span class='ocrx_word' id='word_1_215' title='bbox 1498 1149 1663 1191; x_wconf 84' lang='lat' dir='ltr'>canales,</span> <span class='ocrx_word' id='word_1_216' title='bbox 1686 1146 1721 1183; x_wconf 86' lang='lat'>&amp;</span> <span class='ocrx_word' id='word_1_217' title='bbox 1744 1145 1873 1191; x_wconf 85' lang='lat' dir='ltr'>justam</span> 
     </span>
     <span class='ocr_line' id='line_1_21' title="bbox 279 1201 1874 1253; baseline 0 -16"><span class='ocrx_word' id='word_1_218' title='bbox 279 1201 347 1248; x_wconf 83' lang='lat' dir='ltr'>[d]</span> <span class='ocrx_word' id='word_1_219' title='bbox 372 1202 540 1239; x_wconf 81' lang='lat' dir='ltr'>cochlcae</span> <span class='ocrx_word' id='word_1_220' title='bbox 562 1203 844 1251; x_wconf 81' lang='lat' dir='ltr'>naturalemque</span> <span class='ocrx_word' id='word_1_221' title='bbox 862 1204 1127 1240; x_wconf 81' lang='lat' dir='ltr'>imitationem.</span> <span class='ocrx_word' id='word_1_222' title='bbox 1157 1203 1208 1240; x_wconf 85' lang='lat' dir='ltr'>lta</span> <span class='ocrx_word' id='word_1_223' title='bbox 1229 1214 1292 1253; x_wconf 87' lang='lat' dir='ltr'>per</span> <span class='ocrx_word' id='word_1_224' title='bbox 1311 1202 1347 1239; x_wconf 87' lang='lat' dir='ltr'>id</span> <span class='ocrx_word' id='word_1_225' title='bbox 1367 1203 1559 1253; x_wconf 87' lang='lat' dir='ltr'>Vestigium</span> <span class='ocrx_word' id='word_1_226' title='bbox 1580 1205 1657 1240; x_wconf 77' lang='lat' dir='ltr'>aliae</span> <span class='ocrx_word' id='word_1_227' title='bbox 1669 1202 1772 1252; x_wconf 88' lang='lat' dir='ltr'>super</span> <span class='ocrx_word' id='word_1_228' title='bbox 1785 1202 1874 1238; x_wconf 87' lang='lat' dir='ltr'>alias</span> 
     </span>
     <span class='ocr_line' id='line_1_22' title="bbox 276 1256 1873 1309; baseline 0 -15"><span class='ocrx_word' id='word_1_229' title='bbox 276 1257 438 1306; x_wconf 85' lang='lat' dir='ltr'>figuntur</span> <span class='ocrx_word' id='word_1_230' title='bbox 451 1259 566 1295; x_wconf 65' lang='lat' dir='ltr'>unstae</span> <span class='ocrx_word' id='word_1_231' title='bbox 577 1259 659 1308; x_wconf 85' lang='lat' dir='ltr'>pice</span> <span class='ocrx_word' id='word_1_232' title='bbox 669 1259 820 1308; x_wconf 84' lang='lat' dir='ltr'>liquida,</span> <span class='ocrx_word' id='word_1_233' title='bbox 831 1260 868 1295; x_wconf 87' lang='lat'>&amp;</span> <span class='ocrx_word' id='word_1_234' title='bbox 880 1268 1146 1308; x_wconf 77' lang='lat' dir='ltr'>exaggerantur</span> <span class='ocrx_word' id='word_1_235' title='bbox 1157 1260 1201 1295; x_wconf 88' lang='lat' dir='ltr'>ad</span> <span class='ocrx_word' id='word_1_236' title='bbox 1212 1259 1259 1298; x_wconf 86' lang='lat' dir='ltr'>id,</span> <span class='ocrx_word' id='word_1_237' title='bbox 1274 1268 1312 1296; x_wconf 91' lang='lat' dir='ltr'>ut</span> <span class='ocrx_word' id='word_1_238' title='bbox 1322 1259 1565 1309; x_wconf 83' lang='lat' dir='ltr'>longitudinis</span> <span class='ocrx_word' id='word_1_239' title='bbox 1578 1260 1708 1296; x_wconf 66' lang='lat' dir='ltr'>ostava</span> <span class='ocrx_word' id='word_1_240' title='bbox 1719 1270 1798 1308; x_wconf 87' lang='lat' dir='ltr'>pars</span> <span class='ocrx_word' id='word_1_241' title='bbox 1808 1256 1873 1294; x_wconf 85' lang='lat' dir='ltr'>fiat</span> 
     </span>
     <span class='ocr_line' id='line_1_23' title="bbox 277 1312 1873 1365; baseline 0.001 -16"><span class='ocrx_word' id='word_1_242' title='bbox 277 1312 420 1350; x_wconf 84' lang='lat' dir='ltr'>summa</span> <span class='ocrx_word' id='word_1_243' title='bbox 433 1312 644 1351; x_wconf 73' lang='lat' dir='ltr'>crassitudo.</span> <span class='ocrx_word' id='word_1_244' title='bbox 674 1315 790 1365; x_wconf 88' lang='lat' dir='ltr'>Supra</span> <span class='ocrx_word' id='word_1_245' title='bbox 808 1325 867 1351; x_wconf 91' lang='lat' dir='ltr'>eas</span> <span class='ocrx_word' id='word_1_246' title='bbox 889 1314 1155 1352; x_wconf 85' lang='lat' dir='ltr'>circundantur</span> <span class='ocrx_word' id='word_1_247' title='bbox 1175 1316 1212 1352; x_wconf 73' lang='grc' dir='ltr'>ὅ(</span> <span class='ocrx_word' id='word_1_248' title='bbox 1229 1313 1390 1364; x_wconf 88' lang='lat' dir='ltr'>figuntur</span> <span class='ocrx_word' id='word_1_249' title='bbox 1401 1316 1552 1355; x_wconf 68' lang='lat' dir='ltr'>tabulae,</span> <span class='ocrx_word' id='word_1_250' title='bbox 1576 1328 1656 1364; x_wconf 78' lang='lat' dir='ltr'>qua:</span> <span class='ocrx_word' id='word_1_251' title='bbox 1678 1324 1873 1364; x_wconf 86' lang='lat' dir='ltr'>pertegant</span> 
     </span>
     <span class='ocr_line' id='line_1_24' title="bbox 280 1369 1875 1420; baseline -0.001 -14"><span class='ocrx_word' id='word_1_252' title='bbox 280 1381 361 1406; x_wconf 88' lang='lat' dir='ltr'>eam</span> <span class='ocrx_word' id='word_1_253' title='bbox 372 1369 670 1407; x_wconf 86' lang='lat' dir='ltr'>involutionem:</span> <span class='ocrx_word' id='word_1_254' title='bbox 690 1381 780 1407; x_wconf 91' lang='lat' dir='ltr'>tunc</span> <span class='ocrx_word' id='word_1_255' title='bbox 792 1382 842 1407; x_wconf 83' lang='lat' dir='ltr'>eae</span> <span class='ocrx_word' id='word_1_256' title='bbox 853 1370 983 1408; x_wconf 73' lang='lat' dir='ltr'>tabula:</span> <span class='ocrx_word' id='word_1_257' title='bbox 993 1372 1076 1420; x_wconf 88' lang='lat' dir='ltr'>pice</span> <span class='ocrx_word' id='word_1_258' title='bbox 1086 1369 1307 1415; x_wconf 84' lang='lat' dir='ltr'>saturantur,</span> <span class='ocrx_word' id='word_1_259' title='bbox 1329 1372 1366 1409; x_wconf 70' lang='grc' dir='ltr'>ὃς</span> <span class='ocrx_word' id='word_1_260' title='bbox 1385 1372 1531 1409; x_wconf 87' lang='lat' dir='ltr'>laminis</span> <span class='ocrx_word' id='word_1_261' title='bbox 1552 1370 1677 1409; x_wconf 86' lang='lat' dir='ltr'>ferreis</span> <span class='ocrx_word' id='word_1_262' title='bbox 1691 1371 1875 1419; x_wconf 67' lang='lat' dir='ltr'>colligam</span> 
     </span>
     <span class='ocr_line' id='line_1_25' title="bbox 279 1425 1876 1477; baseline 0 -16"><span class='ocrx_word' id='word_1_263' title='bbox 279 1434 353 1469; x_wconf 89' lang='lat' dir='ltr'>tur,</span> <span class='ocrx_word' id='word_1_264' title='bbox 366 1434 407 1461; x_wconf 90' lang='lat' dir='ltr'>ut</span> <span class='ocrx_word' id='word_1_265' title='bbox 417 1426 461 1463; x_wconf 90' lang='lat' dir='ltr'>ab</span> <span class='ocrx_word' id='word_1_266' title='bbox 471 1438 574 1474; x_wconf 85' lang='lat' dir='ltr'>aquae</span> <span class='ocrx_word' id='word_1_267' title='bbox 585 1427 622 1464; x_wconf 89' lang='lat' dir='ltr'>vi</span> <span class='ocrx_word' id='word_1_268' title='bbox 632 1438 679 1462; x_wconf 89' lang='lat' dir='ltr'>ne</span> <span class='ocrx_word' id='word_1_269' title='bbox 689 1426 942 1465; x_wconf 70' lang='lat' dir='ltr'>dissolvantur.</span> <span class='ocrx_word' id='word_1_270' title='bbox 962 1427 1097 1477; x_wconf 83' lang='lat' dir='ltr'>Capita</span> <span class='ocrx_word' id='word_1_271' title='bbox 1107 1427 1198 1475; x_wconf 85' lang='lat' dir='ltr'>tigni</span> <span class='ocrx_word' id='word_1_272' title='bbox 1208 1425 1329 1464; x_wconf 86' lang='lat' dir='ltr'>ferreis</span> <span class='ocrx_word' id='word_1_273' title='bbox 1343 1427 1456 1465; x_wconf 86' lang='lat' dir='ltr'>clavis</span> <span class='ocrx_word' id='word_1_274' title='bbox 1468 1427 1666 1464; x_wconf 83' lang='lat' dir='ltr'>&amp;laminis</span> <span class='ocrx_word' id='word_1_275' title='bbox 1678 1428 1876 1463; x_wconf 79' lang='lat' dir='ltr'>continen-</span> 
     </span>
     <span class='ocr_line' id='line_1_26' title="bbox 281 1481 1874 1532; baseline 0.001 -16"><span class='ocrx_word' id='word_1_276' title='bbox 281 1490 353 1525; x_wconf 87' lang='lat' dir='ltr'>tur,</span> <span class='ocrx_word' id='word_1_277' title='bbox 365 1481 479 1530; x_wconf 86' lang='lat' dir='ltr'>iisque</span> <span class='ocrx_word' id='word_1_278' title='bbox 490 1481 694 1531; x_wconf 86' lang='lat' dir='ltr'>infiguntur</span> <span class='ocrx_word' id='word_1_279' title='bbox 706 1482 785 1532; x_wconf 82' lang='lat' dir='ltr'>styli</span> <span class='ocrx_word' id='word_1_280' title='bbox 796 1482 912 1521; x_wconf 90' lang='lat' dir='ltr'>ferrei.</span> <span class='ocrx_word' id='word_1_281' title='bbox 943 1482 1085 1520; x_wconf 86' lang='lat' dir='ltr'>Dextra</span> <span class='ocrx_word' id='word_1_282' title='bbox 1096 1493 1221 1520; x_wconf 89' lang='lat' dir='ltr'>autem</span> <span class='ocrx_word' id='word_1_283' title='bbox 1233 1485 1270 1521; x_wconf 73' lang='grc' dir='ltr'>ὅ(</span> <span class='ocrx_word' id='word_1_284' title='bbox 1281 1482 1415 1520; x_wconf 87' lang='lat' dir='ltr'>sinistra</span> <span class='ocrx_word' id='word_1_285' title='bbox 1425 1483 1625 1521; x_wconf 84' lang='lat' dir='ltr'>cochleam</span> <span class='ocrx_word' id='word_1_286' title='bbox 1636 1485 1739 1531; x_wconf 85' lang='lat' dir='ltr'>tigna</span> <span class='ocrx_word' id='word_1_287' title='bbox 1751 1482 1874 1519; x_wconf 92' lang='lat' dir='ltr'>collo-</span> 
     </span>
     <span class='ocr_line' id='line_1_27' title="bbox 282 1535 1874 1591; baseline 0.001 -18"><span class='ocrx_word' id='word_1_288' title='bbox 282 1547 413 1574; x_wconf 84' lang='lat' dir='ltr'>cantur</span> <span class='ocrx_word' id='word_1_289' title='bbox 424 1566 432 1581; x_wconf 88' lang='lat'>‚</span> <span class='ocrx_word' id='word_1_290' title='bbox 444 1539 480 1574; x_wconf 88' lang='lat' dir='ltr'>in</span> <span class='ocrx_word' id='word_1_291' title='bbox 493 1538 673 1588; x_wconf 87' lang='lat' dir='ltr'>capitibus</span> <span class='ocrx_word' id='word_1_292' title='bbox 684 1549 836 1587; x_wconf 85' lang='lat' dir='ltr'>utraque</span> <span class='ocrx_word' id='word_1_293' title='bbox 845 1549 945 1590; x_wconf 85' lang='lat' dir='ltr'>parte</span> <span class='ocrx_word' id='word_1_294' title='bbox 956 1538 1128 1577; x_wconf 85' lang='lat' dir='ltr'>habentia</span> <span class='ocrx_word' id='word_1_295' title='bbox 1141 1535 1190 1591; x_wconf 88' lang='lat' dir='ltr'>[e]</span> <span class='ocrx_word' id='word_1_296' title='bbox 1202 1537 1450 1578; x_wconf 83' lang='lat' dir='ltr'>transversaria</span> <span class='ocrx_word' id='word_1_297' title='bbox 1463 1538 1624 1577; x_wconf 88' lang='lat' dir='ltr'>confixa.</span> <span class='ocrx_word' id='word_1_298' title='bbox 1657 1540 1695 1577; x_wconf 90' lang='lat' dir='ltr'>In</span> <span class='ocrx_word' id='word_1_299' title='bbox 1707 1538 1763 1576; x_wconf 87' lang='lat' dir='ltr'>his</span> <span class='ocrx_word' id='word_1_300' title='bbox 1774 1537 1874 1574; x_wconf 86' lang='lat' dir='ltr'>fora-</span> 
     </span>
     <span class='ocr_line' id='line_1_28' title="bbox 280 1592 1869 1645; baseline 0 -15"><span class='ocrx_word' id='word_1_301' title='bbox 280 1595 384 1630; x_wconf 82' lang='lat' dir='ltr'>mina</span> <span class='ocrx_word' id='word_1_302' title='bbox 393 1592 508 1630; x_wconf 83' lang='lat' dir='ltr'>feti-ea</span> <span class='ocrx_word' id='word_1_303' title='bbox 517 1592 597 1631; x_wconf 89' lang='lat' dir='ltr'>sunt</span> <span class='ocrx_word' id='word_1_304' title='bbox 608 1594 756 1639; x_wconf 84' lang='lat' dir='ltr'>inclusa,</span> <span class='ocrx_word' id='word_1_305' title='bbox 767 1596 881 1644; x_wconf 88' lang='lat' dir='ltr'>inque</span> <span class='ocrx_word' id='word_1_306' title='bbox 891 1607 932 1634; x_wconf 93' lang='lat' dir='ltr'>ea</span> <span class='ocrx_word' id='word_1_307' title='bbox 940 1594 1169 1633; x_wconf 87' lang='lat' dir='ltr'>inducuntur</span> <span class='ocrx_word' id='word_1_308' title='bbox 1179 1595 1273 1645; x_wconf 90' lang='lat' dir='ltr'>styli,</span> <span class='ocrx_word' id='word_1_309' title='bbox 1286 1597 1322 1633; x_wconf 71' lang='grc' dir='ltr'>δε</span> <span class='ocrx_word' id='word_1_310' title='bbox 1332 1597 1381 1633; x_wconf 87' lang='lat' dir='ltr'>ita</span> <span class='ocrx_word' id='word_1_311' title='bbox 1393 1596 1550 1634; x_wconf 82' lang='lat' dir='ltr'>cochlea</span> <span class='ocrx_word' id='word_1_312' title='bbox 1563 1594 1781 1634; x_wconf 86' lang='lat' dir='ltr'>hominibus</span> <span class='ocrx_word' id='word_1_313' title='bbox 1795 1595 1869 1631; x_wconf 88' lang='lat' dir='ltr'>cal-</span> 
     </span>
     <span class='ocr_line' id='line_1_29' title="bbox 280 1648 1872 1700; baseline 0.001 -15"><span class='ocrx_word' id='word_1_314' title='bbox 280 1649 448 1686; x_wconf 85' lang='lat' dir='ltr'>cantibus</span> <span class='ocrx_word' id='word_1_315' title='bbox 460 1648 549 1688; x_wconf 84' lang='lat' dir='ltr'>facit</span> <span class='ocrx_word' id='word_1_316' title='bbox 561 1650 796 1689; x_wconf 78' lang='lat' dir='ltr'>versationes,</span> <span class='ocrx_word' id='word_1_317' title='bbox 828 1651 976 1689; x_wconf 70' lang='lat' dir='ltr'>EreC‘tio</span> <span class='ocrx_word' id='word_1_318' title='bbox 993 1663 1120 1690; x_wconf 88' lang='lat' dir='ltr'>autem</span> <span class='ocrx_word' id='word_1_319' title='bbox 1142 1653 1222 1700; x_wconf 77' lang='lat' dir='ltr'>ejus</span> <span class='ocrx_word' id='word_1_320' title='bbox 1244 1651 1288 1689; x_wconf 85' lang='lat' dir='ltr'>ad</span> <span class='ocrx_word' id='word_1_321' title='bbox 1308 1653 1597 1690; x_wconf 83' lang='lat' dir='ltr'>inclinationem</span> <span class='ocrx_word' id='word_1_322' title='bbox 1609 1651 1657 1689; x_wconf 87' lang='lat' dir='ltr'>fic</span> <span class='ocrx_word' id='word_1_323' title='bbox 1670 1653 1736 1688; x_wconf 87' lang='lat' dir='ltr'>erit</span> <span class='ocrx_word' id='word_1_324' title='bbox 1748 1651 1872 1687; x_wconf 85' lang='lat' dir='ltr'>collo-</span> 
     </span>
     <span class='ocr_line' id='line_1_30' title="bbox 283 1704 1870 1761; baseline 0.001 -21"><span class='ocrx_word' id='word_1_325' title='bbox 283 1705 414 1749; x_wconf 87' lang='lat' dir='ltr'>canda,</span> <span class='ocrx_word' id='word_1_326' title='bbox 427 1707 476 1742; x_wconf 89' lang='lat' dir='ltr'>uti</span> <span class='ocrx_word' id='word_1_327' title='bbox 492 1735 501 1750; x_wconf 89' lang='lat'>‚</span> <span class='ocrx_word' id='word_1_328' title='bbox 517 1707 839 1756; x_wconf 85' lang='lat' dir='ltr'>quemadmodum</span> <span class='ocrx_word' id='word_1_329' title='bbox 852 1706 927 1761; x_wconf 89' lang='lat' dir='ltr'>[f]</span> <span class='ocrx_word' id='word_1_330' title='bbox 948 1709 1237 1758; x_wconf 85' lang='lat' dir='ltr'>Pythagoricum</span> <span class='ocrx_word' id='word_1_331' title='bbox 1249 1709 1442 1757; x_wconf 87' lang='lat' dir='ltr'>trigonum</span> <span class='ocrx_word' id='word_1_332' title='bbox 1459 1709 1733 1758; x_wconf 87' lang='lat' dir='ltr'>orthogonium</span> <span class='ocrx_word' id='word_1_333' title='bbox 1745 1704 1870 1742; x_wconf 87' lang='lat' dir='ltr'>descri-</span> 
     </span>
     <span class='ocr_line' id='line_1_31' title="bbox 277 1758 1871 1814; baseline 0.001 -20"><span class='ocrx_word' id='word_1_334' title='bbox 277 1758 391 1804; x_wconf 86' lang='lat' dir='ltr'>bitur,</span> <span class='ocrx_word' id='word_1_335' title='bbox 406 1760 452 1797; x_wconf 89' lang='lat' dir='ltr'>sic</span> <span class='ocrx_word' id='word_1_336' title='bbox 465 1762 500 1797; x_wconf 90' lang='lat' dir='ltr'>id</span> <span class='ocrx_word' id='word_1_337' title='bbox 513 1763 645 1800; x_wconf 88' lang='lat' dir='ltr'>habeat</span> <span class='ocrx_word' id='word_1_338' title='bbox 656 1763 887 1814; x_wconf 86' lang='lat' dir='ltr'>responsum:</span> <span class='ocrx_word' id='word_1_339' title='bbox 908 1765 945 1802; x_wconf 92' lang='lat' dir='ltr'>id</span> <span class='ocrx_word' id='word_1_340' title='bbox 957 1765 1023 1810; x_wconf 89' lang='lat' dir='ltr'>est,</span> <span class='ocrx_word' id='word_1_341' title='bbox 1033 1766 1085 1802; x_wconf 91' lang='lat' dir='ltr'>uti</span> <span class='ocrx_word' id='word_1_342' title='bbox 1095 1763 1283 1802; x_wconf 84' lang='lat' dir='ltr'>dividatur</span> <span class='ocrx_word' id='word_1_343' title='bbox 1293 1764 1495 1813; x_wconf 88' lang='lat' dir='ltr'>longitudo</span> <span class='ocrx_word' id='word_1_344' title='bbox 1506 1767 1543 1802; x_wconf 93' lang='lat' dir='ltr'>in</span> <span class='ocrx_word' id='word_1_345' title='bbox 1556 1775 1674 1814; x_wconf 84' lang='lat' dir='ltr'>partes</span> <span class='ocrx_word' id='word_1_346' title='bbox 1685 1763 1871 1811; x_wconf 88' lang='lat' dir='ltr'>quinque:</span> 
     </span>
     <span class='ocr_line' id='line_1_32' title="bbox 278 1818 1871 1870; baseline 0.001 -20"><span class='ocrx_word' id='word_1_347' title='bbox 278 1826 408 1852; x_wconf 86' lang='lat' dir='ltr'>earum</span> <span class='ocrx_word' id='word_1_348' title='bbox 419 1818 528 1854; x_wconf 86' lang='lat' dir='ltr'>trium</span> <span class='ocrx_word' id='word_1_349' title='bbox 541 1821 741 1858; x_wconf 87' lang='lat' dir='ltr'>extollatur</span> <span class='ocrx_word' id='word_1_350' title='bbox 750 1830 860 1870; x_wconf 87' lang='lat' dir='ltr'>caput</span> <span class='ocrx_word' id='word_1_351' title='bbox 871 1820 1048 1858; x_wconf 88' lang='lat' dir='ltr'>cochleae:</span> <span class='ocrx_word' id='word_1_352' title='bbox 1060 1821 1111 1857; x_wconf 89' lang='lat' dir='ltr'>ita</span> <span class='ocrx_word' id='word_1_353' title='bbox 1125 1821 1192 1857; x_wconf 89' lang='lat' dir='ltr'>erit</span> <span class='ocrx_word' id='word_1_354' title='bbox 1205 1818 1225 1855; x_wconf 66' lang='lat' dir='ltr'>a</span> <span class='ocrx_word' id='word_1_355' title='bbox 1238 1820 1509 1870; x_wconf 89' lang='lat' dir='ltr'>perpendiculo</span> <span class='ocrx_word' id='word_1_356' title='bbox 1521 1820 1566 1857; x_wconf 89' lang='lat' dir='ltr'>ad</span> <span class='ocrx_word' id='word_1_357' title='bbox 1577 1822 1668 1856; x_wconf 88' lang='lat' dir='ltr'>imas</span> <span class='ocrx_word' id='word_1_358' title='bbox 1680 1828 1780 1854; x_wconf 86' lang='lat' dir='ltr'>nates</span> <span class='ocrx_word' id='word_1_359' title='bbox 1794 1818 1871 1862; x_wconf 76' lang='lat' dir='ltr'>ejus</span> 
     </span>
     <span class='ocr_line' id='line_1_33' title="bbox 274 1869 1871 1927; baseline 0 -20"><span class='ocrx_word' id='word_1_360' title='bbox 274 1869 430 1919; x_wconf 88' lang='lat' dir='ltr'>spatium</span> <span class='ocrx_word' id='word_1_361' title='bbox 451 1883 569 1922; x_wconf 84' lang='lat' dir='ltr'>partes</span> <span class='ocrx_word' id='word_1_362' title='bbox 586 1885 759 1923; x_wconf 88' lang='lat' dir='ltr'>quatuor.</span> <span class='ocrx_word' id='word_1_363' title='bbox 794 1877 880 1927; x_wconf 88' lang='lat' dir='ltr'>Qa</span> <span class='ocrx_word' id='word_1_364' title='bbox 899 1877 1044 1914; x_wconf 84' lang='lat' dir='ltr'>ratione</span> <span class='ocrx_word' id='word_1_365' title='bbox 1064 1886 1189 1913; x_wconf 88' lang='lat' dir='ltr'>autem</span> <span class='ocrx_word' id='word_1_366' title='bbox 1201 1884 1376 1926; x_wconf 87' lang='lat' dir='ltr'>oporteat</span> <span class='ocrx_word' id='word_1_367' title='bbox 1390 1876 1427 1912; x_wconf 91' lang='lat' dir='ltr'>id</span> <span class='ocrx_word' id='word_1_368' title='bbox 1440 1874 1508 1911; x_wconf 81' lang='lat' dir='ltr'>effe</span> <span class='ocrx_word' id='word_1_369' title='bbox 1520 1903 1529 1918; x_wconf 88' lang='lat'><em>‚</em></span> <span class='ocrx_word' id='word_1_370' title='bbox 1547 1876 1584 1910; x_wconf 90' lang='lat' dir='ltr'>in</span> <span class='ocrx_word' id='word_1_371' title='bbox 1604 1876 1682 1925; x_wconf 86' lang='lat' dir='ltr'>[g]</span> <span class='ocrx_word' id='word_1_372' title='bbox 1698 1882 1871 1909; x_wconf 85' lang='lat' dir='ltr'>extremo</span> 
     </span>
    </p>
   </div>
   <div class='ocr_carea' id='block_1_3' title="bbox 273 1925 1871 2032">
    <p class='ocr_par' dir='ltr' id='par_1_3' title="bbox 273 1925 1871 2032">
     <span class='ocr_line' id='line_1_34' title="bbox 273 1925 1871 1982; baseline 0.002 -20"><span class='ocrx_word' id='word_1_373' title='bbox 273 1925 371 1963; x_wconf 88' lang='lat' dir='ltr'>libro</span> <span class='ocrx_word' id='word_1_374' title='bbox 384 1928 460 1973; x_wconf 87' lang='lat' dir='ltr'>ejus</span> <span class='ocrx_word' id='word_1_375' title='bbox 471 1926 594 1966; x_wconf 87' lang='lat' dir='ltr'>forma</span> <span class='ocrx_word' id='word_1_376' title='bbox 608 1930 783 1981; x_wconf 84' lang='lat' dir='ltr'>descripta</span> <span class='ocrx_word' id='word_1_377' title='bbox 792 1933 852 1967; x_wconf 85' lang='lat' dir='ltr'>est.</span> <span class='ocrx_word' id='word_1_378' title='bbox 882 1928 960 1978; x_wconf 70' lang='lat' dir='ltr'>[h]</span> <span class='ocrx_word' id='word_1_379' title='bbox 984 1933 1078 1982; x_wconf 80' lang='lat' dir='ltr'>Qae</span> <span class='ocrx_word' id='word_1_380' title='bbox 1092 1931 1137 1968; x_wconf 92' lang='lat' dir='ltr'>de</span> <span class='ocrx_word' id='word_1_381' title='bbox 1153 1932 1307 1967; x_wconf 85' lang='lat' dir='ltr'>materia</span> <span class='ocrx_word' id='word_1_382' title='bbox 1319 1929 1408 1968; x_wconf 89' lang='lat' dir='ltr'>fiant</span> <span class='ocrx_word' id='word_1_383' title='bbox 1421 1941 1556 1980; x_wconf 85' lang='lat' dir='ltr'>organa</span> <span class='ocrx_word' id='word_1_384' title='bbox 1567 1929 1611 1967; x_wconf 85' lang='lat' dir='ltr'>ad</span> <span class='ocrx_word' id='word_1_385' title='bbox 1623 1929 1871 1966; x_wconf 83' lang='lat' dir='ltr'>hauriendam</span> 
     </span>
     <span class='ocr_line' id='line_1_35' title="bbox 1730 1995 1870 2032; baseline 0 -11"><span class='ocrx_word' id='word_1_386' title='bbox 1730 1995 1870 2032; x_wconf 84' lang='lat' dir='ltr'>aquam</span> 
     </span>
    </p>
   </div>
   <div class='ocr_carea' id='block_1_4' title="bbox 255 2054 1870 3040">
    <p class='ocr_par' dir='ltr' id='par_1_4' title="bbox 272 2054 1869 2176">
     <span class='ocr_line' id='line_1_36' title="bbox 272 2054 1869 2099; baseline 0.002 -16"><span class='ocrx_word' id='word_1_387' title='bbox 272 2054 301 2091; x_wconf 83' lang='lat' dir='ltr'>b]</span> <span class='ocrx_word' id='word_1_388' title='bbox 335 2057 418 2084; x_wconf 83' lang='lat' dir='ltr'>ldem.</span> <span class='ocrx_word' id='word_1_389' title='bbox 439 2060 468 2084; x_wconf 88' lang='lat' dir='ltr'>lu</span> <span class='ocrx_word' id='word_1_390' title='bbox 481 2066 610 2085; x_wconf 79' lang='lat' dir='ltr'>tetrantes</span> <span class='ocrx_word' id='word_1_391' title='bbox 621 2061 644 2085; x_wconf 70' lang='grc' dir='ltr'>ὃ(</span> <span class='ocrx_word' id='word_1_392' title='bbox 658 2059 778 2086; x_wconf 62' lang='lat' dir='ltr'>ouantes</span> <span class='ocrx_word' id='word_1_393' title='bbox 787 2058 913 2088; x_wconf 83' lang='lat' dir='ltr'>dicuntur</span> <span class='ocrx_word' id='word_1_394' title='bbox 923 2060 1005 2087; x_wconf 89' lang='lat' dir='ltr'>dividi</span> <span class='ocrx_word' id='word_1_395' title='bbox 1017 2061 1206 2090; x_wconf 80' lang='lat' dir='ltr'>circinationes</span> <span class='ocrx_word' id='word_1_396' title='bbox 1217 2083 1224 2093; x_wconf 85' lang='lat'>‚</span> <span class='ocrx_word' id='word_1_397' title='bbox 1245 2062 1296 2090; x_wconf 83' lang='lat' dir='ltr'>live</span> <span class='ocrx_word' id='word_1_398' title='bbox 1304 2062 1506 2090; x_wconf 84' lang='lat' dir='ltr'>rotundationes</span> <span class='ocrx_word' id='word_1_399' title='bbox 1517 2083 1523 2093; x_wconf 81' lang='lat'>‚</span> <span class='ocrx_word' id='word_1_400' title='bbox 1540 2071 1602 2090; x_wconf 90' lang='lat' dir='ltr'>cum</span> <span class='ocrx_word' id='word_1_401' title='bbox 1612 2062 1637 2087; x_wconf 90' lang='lat' dir='ltr'>in</span> <span class='ocrx_word' id='word_1_402' title='bbox 1657 2070 1741 2099; x_wconf 80' lang='lat' dir='ltr'>partes</span> <span class='ocrx_word' id='word_1_403' title='bbox 1753 2069 1869 2097; x_wconf 88' lang='lat' dir='ltr'>quatuor</span> 
     </span>
     <span class='ocr_line' id='line_1_37' title="bbox 312 2097 1869 2141; baseline 0.002 -17"><span class='ocrx_word' id='word_1_404' title='bbox 312 2106 357 2124; x_wconf 84' lang='lat' dir='ltr'>aut</span> <span class='ocrx_word' id='word_1_405' title='bbox 375 2100 443 2132; x_wconf 68' lang='lat' dir='ltr'>osto</span> <span class='ocrx_word' id='word_1_406' title='bbox 455 2098 629 2131; x_wconf 81' lang='lat' dir='ltr'>dividuntur,</span> <span class='ocrx_word' id='word_1_407' title='bbox 647 2099 732 2127; x_wconf 59' lang='lat' dir='ltr'>ductis</span> <span class='ocrx_word' id='word_1_408' title='bbox 751 2097 767 2126; x_wconf 68' lang='grc' dir='ltr'>ὲ.</span> <span class='ocrx_word' id='word_1_409' title='bbox 784 2109 879 2129; x_wconf 84' lang='lat' dir='ltr'>centro</span> <span class='ocrx_word' id='word_1_410' title='bbox 897 2100 929 2128; x_wconf 80' lang='lat' dir='ltr'>ad</span> <span class='ocrx_word' id='word_1_411' title='bbox 946 2099 1192 2130; x_wconf 79' lang='lat' dir='ltr'>circumferentiam</span> <span class='ocrx_word' id='word_1_412' title='bbox 1210 2102 1380 2141; x_wconf 81' lang='lat' dir='ltr'>comparibus</span> <span class='ocrx_word' id='word_1_413' title='bbox 1397 2103 1490 2136; x_wconf 87' lang='lat' dir='ltr'>lineis,</span> <span class='ocrx_word' id='word_1_414' title='bbox 1512 2111 1541 2131; x_wconf 88' lang='lat' dir='ltr'>ut</span> <span class='ocrx_word' id='word_1_415' title='bbox 1557 2101 1667 2140; x_wconf 74' lang='lat' dir='ltr'>aequalia</span> <span class='ocrx_word' id='word_1_416' title='bbox 1686 2101 1869 2139; x_wconf 79' lang='lat' dir='ltr'>relinquantur</span> 
     </span>
     <span class='ocr_line' id='line_1_38' title="bbox 311 2138 402 2176; baseline 0 -11"><span class='ocrx_word' id='word_1_417' title='bbox 311 2138 402 2176; x_wconf 79' lang='lat' dir='ltr'>spatia.</span> 
     </span>
    </p>

    <p class='ocr_par' dir='ltr' id='par_1_5' title="bbox 267 2178 1870 2344">
     <span class='ocr_line' id='line_1_39' title="bbox 267 2178 1870 2222; baseline 0.002 -17"><span class='ocrx_word' id='word_1_418' title='bbox 267 2180 292 2213; x_wconf 81' lang='lat' dir='ltr'>c]</span> <span class='ocrx_word' id='word_1_419' title='bbox 328 2179 409 2206; x_wconf 90' lang='lat' dir='ltr'>ldem.</span> <span class='ocrx_word' id='word_1_420' title='bbox 432 2178 461 2206; x_wconf 91' lang='lat' dir='ltr'>ld</span> <span class='ocrx_word' id='word_1_421' title='bbox 473 2179 507 2207; x_wconf 83' lang='lat' dir='ltr'>est</span> <span class='ocrx_word' id='word_1_422' title='bbox 518 2200 524 2209; x_wconf 91' lang='lat'>.</span> <span class='ocrx_word' id='word_1_423' title='bbox 538 2179 664 2207; x_wconf 88' lang='lat' dir='ltr'>Amerina</span> <span class='ocrx_word' id='word_1_424' title='bbox 674 2179 766 2211; x_wconf 72' lang='lat' dir='ltr'>salice5</span> <span class='ocrx_word' id='word_1_425' title='bbox 782 2180 798 2208; x_wconf 79' lang='lat' dir='ltr'>fi</span> <span class='ocrx_word' id='word_1_426' title='bbox 809 2191 877 2208; x_wconf 71' lang='lat' dir='ltr'>verte</span> <span class='ocrx_word' id='word_1_427' title='bbox 889 2180 946 2209; x_wconf 87' lang='lat' dir='ltr'>sunt</span> <span class='ocrx_word' id='word_1_428' title='bbox 965 2181 1129 2211; x_wconf 85' lang='lat' dir='ltr'>Dioscoridis</span> <span class='ocrx_word' id='word_1_429' title='bbox 1148 2184 1367 2213; x_wconf 75' lang='lat' dir='ltr'>nomenclaturae.</span> <span class='ocrx_word' id='word_1_430' title='bbox 1391 2184 1448 2212; x_wconf 85' lang='lat' dir='ltr'>Alia</span> <span class='ocrx_word' id='word_1_431' title='bbox 1459 2185 1531 2212; x_wconf 89' lang='lat' dir='ltr'>enim</span> <span class='ocrx_word' id='word_1_432' title='bbox 1551 2184 1614 2212; x_wconf 89' lang='lat' dir='ltr'>inre</span> <span class='ocrx_word' id='word_1_433' title='bbox 1631 2182 1769 2222; x_wconf 79' lang='lat' dir='ltr'>usurpatur</span> <span class='ocrx_word' id='word_1_434' title='bbox 1786 2181 1842 2209; x_wconf 70' lang='lat' dir='ltr'>hrcc</span> <span class='ocrx_word' id='word_1_435' title='bbox 1854 2179 1870 2209; x_wconf 66' lang='lat' dir='ltr'>a.</span> 
     </span>
     <span class='ocr_line' id='line_1_40' title="bbox 308 2219 1870 2261; baseline 0.002 -15"><span class='ocrx_word' id='word_1_436' title='bbox 308 2219 394 2246; x_wconf 79' lang='lat' dir='ltr'>Plinio</span> <span class='ocrx_word' id='word_1_437' title='bbox 405 2223 429 2247; x_wconf 71' lang='grc' dir='ltr'>δε</span> <span class='ocrx_word' id='word_1_438' title='bbox 440 2219 599 2248; x_wconf 78' lang='lat' dir='ltr'>Columella.</span> <span class='ocrx_word' id='word_1_439' title='bbox 616 2220 706 2260; x_wconf 84' lang='lat' dir='ltr'>Vulgo</span> <span class='ocrx_word' id='word_1_440' title='bbox 718 2224 813 2260; x_wconf 78' lang='lat' dir='ltr'>Agnus</span> <span class='ocrx_word' id='word_1_441' title='bbox 825 2223 907 2249; x_wconf 87' lang='lat' dir='ltr'>castus</span> <span class='ocrx_word' id='word_1_442' title='bbox 917 2222 1024 2251; x_wconf 88' lang='lat' dir='ltr'>dicitur.</span> <span class='ocrx_word' id='word_1_443' title='bbox 1035 2219 1106 2261; x_wconf 60' lang='lat' dir='ltr'>olym</span> <span class='ocrx_word' id='word_1_444' title='bbox 1117 2233 1215 2256; x_wconf 80' lang='lat' dir='ltr'>autem,</span> <span class='ocrx_word' id='word_1_445' title='bbox 1226 2224 1252 2252; x_wconf 89' lang='lat' dir='ltr'>id</span> <span class='ocrx_word' id='word_1_446' title='bbox 1263 2226 1308 2256; x_wconf 72' lang='lat' dir='ltr'>est,</span> <span class='ocrx_word' id='word_1_447' title='bbox 1321 2226 1429 2256; x_wconf 68' lang='lat' dir='ltr'>eastum,</span> <span class='ocrx_word' id='word_1_448' title='bbox 1443 2224 1457 2252; x_wconf 58' lang='lat' dir='ltr'>Ji</span> <span class='ocrx_word' id='word_1_449' title='bbox 1471 2226 1571 2252; x_wconf 72' lang='lat' dir='ltr'>Graecis</span> <span class='ocrx_word' id='word_1_450' title='bbox 1584 2234 1713 2252; x_wconf 79' lang='lat' dir='ltr'>vocatum</span> <span class='ocrx_word' id='word_1_451' title='bbox 1725 2220 1786 2253; x_wconf 81' lang='lat' dir='ltr'>effe,</span> <span class='ocrx_word' id='word_1_452' title='bbox 1797 2222 1870 2261; x_wconf 86' lang='lat' dir='ltr'>quod</span> 
     </span>
     <span class='ocr_line' id='line_1_41' title="bbox 305 2259 1866 2301; baseline 0.004 -15"><span class='ocrx_word' id='word_1_453' title='bbox 305 2259 333 2286; x_wconf 84' lang='lat' dir='ltr'>in</span> <span class='ocrx_word' id='word_1_454' title='bbox 346 2259 565 2299; x_wconf 83' lang='lat' dir='ltr'>Thesmophoriis</span> <span class='ocrx_word' id='word_1_455' title='bbox 576 2260 652 2288; x_wconf 71' lang='lat' dir='ltr'>s‘acris</span> <span class='ocrx_word' id='word_1_456' title='bbox 674 2263 779 2289; x_wconf 84' lang='lat' dir='ltr'>Cereris</span> <span class='ocrx_word' id='word_1_457' title='bbox 789 2262 935 2290; x_wconf 77' lang='lat' dir='ltr'>castitatem</span> <span class='ocrx_word' id='word_1_458' title='bbox 946 2263 1124 2292; x_wconf 84' lang='lat' dir='ltr'>custodientes</span> <span class='ocrx_word' id='word_1_459' title='bbox 1144 2265 1264 2293; x_wconf 84' lang='lat' dir='ltr'>mulieres</span> <span class='ocrx_word' id='word_1_460' title='bbox 1276 2264 1346 2293; x_wconf 85' lang='lat' dir='ltr'>foliis</span> <span class='ocrx_word' id='word_1_461' title='bbox 1357 2266 1411 2301; x_wconf 86' lang='lat' dir='ltr'>ejus</span> <span class='ocrx_word' id='word_1_462' title='bbox 1426 2265 1472 2293; x_wconf 77' lang='lat' dir='ltr'>libi</span> <span class='ocrx_word' id='word_1_463' title='bbox 1485 2266 1591 2294; x_wconf 87' lang='lat' dir='ltr'>cubitus</span> <span class='ocrx_word' id='word_1_464' title='bbox 1603 2266 1745 2293; x_wconf 78' lang='lat' dir='ltr'>sternerent</span> <span class='ocrx_word' id='word_1_465' title='bbox 1756 2285 1762 2296; x_wconf 83' lang='lat'>‚</span> <span class='ocrx_word' id='word_1_466' title='bbox 1781 2264 1866 2301; x_wconf 75' lang='lat' dir='ltr'>reperi</span> 
     </span>
     <span class='ocr_line' id='line_1_42' title="bbox 307 2300 1865 2344; baseline 0.003 -18"><span class='ocrx_word' id='word_1_467' title='bbox 307 2300 374 2337; x_wconf 77' lang='lat' dir='ltr'>apud</span> <span class='ocrx_word' id='word_1_468' title='bbox 386 2300 571 2329; x_wconf 82' lang='lat' dir='ltr'>Dioscoridem</span> <span class='ocrx_word' id='word_1_469' title='bbox 591 2301 638 2329; x_wconf 86' lang='lat' dir='ltr'>lib.</span> <span class='ocrx_word' id='word_1_470' title='bbox 654 2313 673 2330; x_wconf 89' lang='lat' dir='ltr'>r.</span> <span class='ocrx_word' id='word_1_471' title='bbox 684 2312 742 2340; x_wconf 76' lang='lat' dir='ltr'>cap.</span> <span class='ocrx_word' id='word_1_472' title='bbox 755 2312 828 2331; x_wconf 89' lang='lat' dir='ltr'>cxvi.</span> <span class='ocrx_word' id='word_1_473' title='bbox 845 2312 925 2342; x_wconf 80' lang='lat' dir='ltr'>atque</span> <span class='ocrx_word' id='word_1_474' title='bbox 943 2304 1075 2333; x_wconf 79' lang='lat' dir='ltr'>Galerium</span> <span class='ocrx_word' id='word_1_475' title='bbox 1085 2305 1243 2344; x_wconf 69' lang='lat' dir='ltr'>simplicium</span> <span class='ocrx_word' id='word_1_476' title='bbox 1263 2307 1522 2335; x_wconf 80' lang='lat' dir='ltr'>medicamentorum</span> <span class='ocrx_word' id='word_1_477' title='bbox 1533 2307 1601 2334; x_wconf 87' lang='lat' dir='ltr'>libro</span> <span class='ocrx_word' id='word_1_478' title='bbox 1612 2305 1695 2333; x_wconf 75' lang='lat' dir='ltr'>sexte.</span> <span class='ocrx_word' id='word_1_479' title='bbox 1719 2306 1753 2333; x_wconf 83' lang='lat' dir='ltr'>Et</span> <span class='ocrx_word' id='word_1_480' title='bbox 1764 2314 1826 2332; x_wconf 85' lang='lat' dir='ltr'>cnm</span> <span class='ocrx_word' id='word_1_481' title='bbox 1838 2305 1865 2331; x_wconf 88' lang='lat' dir='ltr'>in</span> 
     </span>
    </p>

    <p class='ocr_par' dir='ltr' id='par_1_6' title="bbox 282 2341 1867 2546">
     <span class='ocr_line' id='line_1_43' title="bbox 282 2341 1862 2386; baseline 0.003 -20"><span class='ocrx_word' id='word_1_482' title='bbox 282 2365 290 2370; x_wconf 80' lang='grc'>,</span> <span class='ocrx_word' id='word_1_483' title='bbox 307 2349 401 2367; x_wconf 89' lang='lat' dir='ltr'>monte</span> <span class='ocrx_word' id='word_1_484' title='bbox 413 2342 488 2368; x_wconf 90' lang='lat' dir='ltr'>Luco</span> <span class='ocrx_word' id='word_1_485' title='bbox 498 2342 697 2379; x_wconf 83' lang='lat' dir='ltr'>Spoletinorum</span> <span class='ocrx_word' id='word_1_486' title='bbox 709 2341 866 2372; x_wconf 76' lang='lat' dir='ltr'>invenissem</span> <span class='ocrx_word' id='word_1_487' title='bbox 879 2365 885 2377; x_wconf 89' lang='lat'>,</span> <span class='ocrx_word' id='word_1_488' title='bbox 905 2345 960 2379; x_wconf 82' lang='lat' dir='ltr'>ejus</span> <span class='ocrx_word' id='word_1_489' title='bbox 969 2346 1005 2372; x_wconf 86' lang='lat' dir='ltr'>rei</span> <span class='ocrx_word' id='word_1_490' title='bbox 1017 2346 1165 2383; x_wconf 86' lang='lat' dir='ltr'>periculum</span> <span class='ocrx_word' id='word_1_491' title='bbox 1177 2344 1292 2375; x_wconf 72' lang='lat' dir='ltr'>fiCturus</span> <span class='ocrx_word' id='word_1_492' title='bbox 1302 2356 1408 2375; x_wconf 87' lang='lat' dir='ltr'>mecum</span> <span class='ocrx_word' id='word_1_493' title='bbox 1420 2348 1523 2379; x_wconf 83' lang='lat' dir='ltr'>detuli,</span> <span class='ocrx_word' id='word_1_494' title='bbox 1542 2346 1705 2386; x_wconf 80' lang='lat' dir='ltr'>probavique</span> <span class='ocrx_word' id='word_1_495' title='bbox 1716 2367 1723 2376; x_wconf 79' lang='grc'>,</span> <span class='ocrx_word' id='word_1_496' title='bbox 1733 2354 1762 2373; x_wconf 88' lang='lat' dir='ltr'>ut</span> <span class='ocrx_word' id='word_1_497' title='bbox 1773 2345 1862 2375; x_wconf 86' lang='lat' dir='ltr'>mirer,</span> 
     </span>
     <span class='ocr_line' id='line_1_44' title="bbox 309 2381 1867 2424; baseline 0.003 -17"><span class='ocrx_word' id='word_1_498' title='bbox 309 2382 440 2419; x_wconf 82' lang='lat' dir='ltr'>temporis</span> <span class='ocrx_word' id='word_1_499' title='bbox 453 2381 544 2415; x_wconf 77' lang='lat' dir='ltr'>injuria</span> <span class='ocrx_word' id='word_1_500' title='bbox 556 2403 562 2412; x_wconf 89' lang='lat'>‚</span> <span class='ocrx_word' id='word_1_501' title='bbox 582 2392 625 2411; x_wconf 82' lang='lat' dir='ltr'>aut</span> <span class='ocrx_word' id='word_1_502' title='bbox 636 2383 779 2412; x_wconf 88' lang='lat' dir='ltr'>hominum</span> <span class='ocrx_word' id='word_1_503' title='bbox 789 2384 956 2424; x_wconf 81' lang='lat' dir='ltr'>negligentia</span> <span class='ocrx_word' id='word_1_504' title='bbox 966 2383 1146 2415; x_wconf 88' lang='lat' dir='ltr'>deformatum</span> <span class='ocrx_word' id='word_1_505' title='bbox 1157 2383 1208 2415; x_wconf 79' lang='lat' dir='ltr'>effe</span> <span class='ocrx_word' id='word_1_506' title='bbox 1226 2387 1321 2415; x_wconf 83' lang='lat' dir='ltr'>Galerii</span> <span class='ocrx_word' id='word_1_507' title='bbox 1331 2391 1457 2416; x_wconf 86' lang='lat' dir='ltr'>Graecum</span> <span class='ocrx_word' id='word_1_508' title='bbox 1467 2389 1589 2416; x_wconf 82' lang='lat' dir='ltr'>codicem</span> <span class='ocrx_word' id='word_1_509' title='bbox 1601 2388 1632 2414; x_wconf 86' lang='lat' dir='ltr'>dc</span> <span class='ocrx_word' id='word_1_510' title='bbox 1644 2386 1777 2414; x_wconf 83' lang='lat' dir='ltr'>alimentis</span> <span class='ocrx_word' id='word_1_511' title='bbox 1787 2406 1794 2417; x_wconf 86' lang='lat'>‚</span> <span class='ocrx_word' id='word_1_512' title='bbox 1818 2394 1867 2412; x_wconf 87' lang='lat' dir='ltr'>nec</span> 
     </span>
     <span class='ocr_line' id='line_1_45' title="bbox 307 2420 1865 2468; baseline 0.004 -21"><span class='ocrx_word' id='word_1_513' title='bbox 307 2421 334 2466; x_wconf 82' lang='lat' dir='ltr'>id</span> <span class='ocrx_word' id='word_1_514' title='bbox 346 2420 559 2450; x_wconf 72' lang='lat' dir='ltr'>animadvertisse</span> <span class='ocrx_word' id='word_1_515' title='bbox 568 2423 736 2461; x_wconf 82' lang='lat' dir='ltr'>interpretes.</span> <span class='ocrx_word' id='word_1_516' title='bbox 754 2425 791 2452; x_wconf 89' lang='lat' dir='ltr'>ibi</span> <span class='ocrx_word' id='word_1_517' title='bbox 802 2427 875 2453; x_wconf 83' lang='lat' dir='ltr'>enirn</span> <span class='ocrx_word' id='word_1_518' title='bbox 888 2427 914 2453; x_wconf 91' lang='lat' dir='ltr'>in</span> <span class='ocrx_word' id='word_1_519' title='bbox 926 2427 1003 2465; x_wconf 86' lang='lat' dir='ltr'>primi</span> <span class='ocrx_word' id='word_1_520' title='bbox 1013 2427 1075 2455; x_wconf 87' lang='lat' dir='ltr'>libri</span> <span class='ocrx_word' id='word_1_521' title='bbox 1085 2437 1205 2455; x_wconf 83' lang='lat' dir='ltr'>extrema</span> <span class='ocrx_word' id='word_1_522' title='bbox 1216 2428 1312 2468; x_wconf 81' lang='lat' dir='ltr'>pagina</span> <span class='ocrx_word' id='word_1_523' title='bbox 1323 2429 1434 2457; x_wconf 77' lang='lat' dir='ltr'>traditur</span> <span class='ocrx_word' id='word_1_524' title='bbox 1446 2425 1517 2467; x_wconf 64' lang='grc' dir='ltr'><em>οἴγνιν</em></span> <span class='ocrx_word' id='word_1_525' title='bbox 1528 2426 1684 2466; x_wconf 62' lang='lat' dir='ltr'>refrigerare</span> <span class='ocrx_word' id='word_1_526' title='bbox 1694 2448 1700 2459; x_wconf 85' lang='lat'>,</span> <span class='ocrx_word' id='word_1_527' title='bbox 1710 2436 1772 2454; x_wconf 91' lang='lat' dir='ltr'>cum</span> <span class='ocrx_word' id='word_1_528' title='bbox 1787 2435 1865 2462; x_wconf 84' lang='lat' dir='ltr'>aper-</span> 
     </span>
     <span class='ocr_line' id='line_1_46' title="bbox 307 2458 1862 2507; baseline 0.003 -19"><span class='ocrx_word' id='word_1_529' title='bbox 307 2458 405 2489; x_wconf 81' lang='lat' dir='ltr'>tissime</span> <span class='ocrx_word' id='word_1_530' title='bbox 417 2460 559 2490; x_wconf 76' lang='lat' dir='ltr'>calefacere</span> <span class='ocrx_word' id='word_1_531' title='bbox 570 2462 663 2491; x_wconf 71' lang='lat' dir='ltr'>scribat</span> <span class='ocrx_word' id='word_1_532' title='bbox 675 2465 744 2493; x_wconf 87' lang='lat' dir='ltr'>libro</span> <span class='ocrx_word' id='word_1_533' title='bbox 753 2465 828 2494; x_wconf 81' lang='lat' dir='ltr'>sexto</span> <span class='ocrx_word' id='word_1_534' title='bbox 838 2476 990 2495; x_wconf 80' lang='lat' dir='ltr'>memorato</span> <span class='ocrx_word' id='word_1_535' title='bbox 999 2488 1006 2499; x_wconf 86' lang='lat'>‚</span> <span class='ocrx_word' id='word_1_536' title='bbox 1026 2468 1153 2507; x_wconf 67' lang='lat' dir='ltr'>simulque</span> <span class='ocrx_word' id='word_1_537' title='bbox 1163 2468 1293 2497; x_wconf 78' lang='lat' dir='ltr'>exliccare</span> <span class='ocrx_word' id='word_1_538' title='bbox 1303 2490 1310 2501; x_wconf 85' lang='lat'><strong>‚</strong></span> <span class='ocrx_word' id='word_1_539' title='bbox 1327 2473 1352 2498; x_wconf 84' lang='lat'>&amp;</span> <span class='ocrx_word' id='word_1_540' title='bbox 1364 2472 1481 2497; x_wconf 81' lang='lat' dir='ltr'>maxime</span> <span class='ocrx_word' id='word_1_541' title='bbox 1497 2462 1621 2497; x_wconf 71' lang='lat' dir='ltr'>omniuin</span> <span class='ocrx_word' id='word_1_542' title='bbox 1631 2469 1707 2496; x_wconf 80' lang='lat' dir='ltr'>flatus</span> <span class='ocrx_word' id='word_1_543' title='bbox 1720 2466 1862 2498; x_wconf 80' lang='lat' dir='ltr'>discutere,</span> 
     </span>
     <span class='ocr_line' id='line_1_47' title="bbox 306 2502 1393 2546; baseline 0.006 -16"><span class='ocrx_word' id='word_1_544' title='bbox 306 2502 343 2529; x_wconf 91' lang='lat' dir='ltr'>ob</span> <span class='ocrx_word' id='word_1_545' title='bbox 352 2503 377 2531; x_wconf 89' lang='lat' dir='ltr'>id</span> <span class='ocrx_word' id='word_1_546' title='bbox 390 2504 416 2531; x_wconf 88' lang='lat' dir='ltr'>iu</span> <span class='ocrx_word' id='word_1_547' title='bbox 428 2503 649 2541; x_wconf 84' lang='lat' dir='ltr'>Thesmophoriis</span> <span class='ocrx_word' id='word_1_548' title='bbox 661 2504 803 2538; x_wconf 86' lang='lat' dir='ltr'>substerni,</span> <span class='ocrx_word' id='word_1_549' title='bbox 822 2508 893 2546; x_wconf 89' lang='lat' dir='ltr'>quod</span> <span class='ocrx_word' id='word_1_550' title='bbox 901 2516 962 2536; x_wconf 89' lang='lat' dir='ltr'>ante</span> <span class='ocrx_word' id='word_1_551' title='bbox 971 2507 1055 2546; x_wconf 84' lang='lat' dir='ltr'>ipsum</span> <span class='ocrx_word' id='word_1_552' title='bbox 1066 2509 1201 2538; x_wconf 83' lang='lat' dir='ltr'>dixerat&amp;</span> <span class='ocrx_word' id='word_1_553' title='bbox 1214 2509 1393 2537; x_wconf 79' lang='lat' dir='ltr'>Dioscorides.</span> 
     </span>
    </p>

    <p class='ocr_par' dir='ltr' id='par_1_7' title="bbox 265 2542 1864 2624">
     <span class='ocr_line' id='line_1_48' title="bbox 265 2542 1864 2588; baseline 0.001 -17"><span class='ocrx_word' id='word_1_554' title='bbox 265 2542 296 2577; x_wconf 81' lang='lat' dir='ltr'>d]</span> <span class='ocrx_word' id='word_1_555' title='bbox 325 2543 406 2571; x_wconf 85' lang='lat' dir='ltr'>Idem.</span> <span class='ocrx_word' id='word_1_556' title='bbox 431 2544 459 2572; x_wconf 90' lang='lat' dir='ltr'>ld</span> <span class='ocrx_word' id='word_1_557' title='bbox 470 2545 505 2572; x_wconf 86' lang='lat' dir='ltr'>est</span> <span class='ocrx_word' id='word_1_558' title='bbox 517 2566 523 2577; x_wconf 81' lang='lat'><em>‚</em></span> <span class='ocrx_word' id='word_1_559' title='bbox 545 2545 665 2573; x_wconf 83' lang='lat' dir='ltr'>tortili&amp;</span> <span class='ocrx_word' id='word_1_560' title='bbox 677 2546 831 2576; x_wconf 73' lang='lat' dir='ltr'>claviculata</span> <span class='ocrx_word' id='word_1_561' title='bbox 841 2547 986 2588; x_wconf 77' lang='lat' dir='ltr'>(pirataque</span> <span class='ocrx_word' id='word_1_562' title='bbox 1005 2550 1133 2578; x_wconf 68' lang='lat' dir='ltr'>struCtura</span> <span class='ocrx_word' id='word_1_563' title='bbox 1151 2549 1268 2578; x_wconf 85' lang='lat' dir='ltr'>cochleae</span> <span class='ocrx_word' id='word_1_564' title='bbox 1287 2548 1403 2579; x_wconf 78' lang='lat' dir='ltr'>referunt</span> <span class='ocrx_word' id='word_1_565' title='bbox 1415 2551 1517 2580; x_wconf 84' lang='lat' dir='ltr'>testam.</span> <span class='ocrx_word' id='word_1_566' title='bbox 1538 2554 1580 2579; x_wconf 90' lang='lat' dir='ltr'>Dc</span> <span class='ocrx_word' id='word_1_567' title='bbox 1592 2549 1731 2578; x_wconf 83' lang='lat' dir='ltr'>torcularis</span> <span class='ocrx_word' id='word_1_568' title='bbox 1753 2546 1864 2575; x_wconf 76' lang='lat' dir='ltr'>cochlea</span> 
     </span>
     <span class='ocr_line' id='line_1_49' title="bbox 307 2584 580 2624; baseline 0.004 -13"><span class='ocrx_word' id='word_1_569' title='bbox 307 2584 361 2611; x_wconf 84' lang='lat' dir='ltr'>dixi</span> <span class='ocrx_word' id='word_1_570' title='bbox 373 2584 419 2612; x_wconf 90' lang='lat' dir='ltr'>lib.</span> <span class='ocrx_word' id='word_1_571' title='bbox 433 2595 470 2612; x_wconf 81' lang='lat' dir='ltr'>vi.</span> <span class='ocrx_word' id='word_1_572' title='bbox 482 2595 539 2624; x_wconf 89' lang='lat' dir='ltr'>cap.</span> <span class='ocrx_word' id='word_1_573' title='bbox 553 2597 580 2618; x_wconf 88' lang='lat'>9.</span> 
     </span>
    </p>

    <p class='ocr_par' dir='ltr' id='par_1_8' title="bbox 264 2625 1859 2713">
     <span class='ocr_line' id='line_1_50' title="bbox 264 2625 1859 2671; baseline 0.004 -20"><span class='ocrx_word' id='word_1_574' title='bbox 264 2626 290 2658; x_wconf 78' lang='grc' dir='ltr'>ε]</span> <span class='ocrx_word' id='word_1_575' title='bbox 321 2625 403 2652; x_wconf 81' lang='lat' dir='ltr'>ldem.</span> <span class='ocrx_word' id='word_1_576' title='bbox 424 2628 494 2664; x_wconf 81' lang='lat' dir='ltr'>Qae</span> <span class='ocrx_word' id='word_1_577' title='bbox 506 2627 581 2666; x_wconf 81' lang='lat' dir='ltr'>tigna</span> <span class='ocrx_word' id='word_1_578' title='bbox 592 2626 753 2655; x_wconf 81' lang='lat' dir='ltr'>uelabantiir</span> <span class='ocrx_word' id='word_1_579' title='bbox 765 2649 771 2660; x_wconf 85' lang='grc'>,</span> <span class='ocrx_word' id='word_1_580' title='bbox 782 2636 826 2656; x_wconf 78' lang='lat' dir='ltr'>aut</span> <span class='ocrx_word' id='word_1_581' title='bbox 844 2629 966 2656; x_wconf 81' lang='lat' dir='ltr'>vacillent</span> <span class='ocrx_word' id='word_1_582' title='bbox 977 2651 984 2661; x_wconf 95' lang='lat'>,</span> <span class='ocrx_word' id='word_1_583' title='bbox 999 2631 1140 2659; x_wconf 85' lang='lat' dir='ltr'>retineant.</span> <span class='ocrx_word' id='word_1_584' title='bbox 1163 2634 1227 2670; x_wconf 82' lang='lat' dir='ltr'>Qa</span> <span class='ocrx_word' id='word_1_585' title='bbox 1238 2633 1263 2660; x_wconf 91' lang='lat' dir='ltr'>in</span> <span class='ocrx_word' id='word_1_586' title='bbox 1282 2632 1475 2671; x_wconf 63' lang='lat' dir='ltr'>figiiificatione</span> <span class='ocrx_word' id='word_1_587' title='bbox 1495 2632 1553 2660; x_wconf 86' lang='lat' dir='ltr'>usus</span> <span class='ocrx_word' id='word_1_588' title='bbox 1563 2633 1599 2660; x_wconf 86' lang='lat' dir='ltr'>est</span> <span class='ocrx_word' id='word_1_589' title='bbox 1619 2630 1666 2659; x_wconf 89' lang='lat' dir='ltr'>lib.</span> <span class='ocrx_word' id='word_1_590' title='bbox 1678 2639 1748 2658; x_wconf 76' lang='lat' dir='ltr'>vrit.</span> <span class='ocrx_word' id='word_1_591' title='bbox 1762 2638 1819 2667; x_wconf 77' lang='lat' dir='ltr'>cap.</span> <span class='ocrx_word' id='word_1_592' title='bbox 1833 2632 1859 2654; x_wconf 86' lang='lat'>6-</span> 
     </span>
     <span class='ocr_line' id='line_1_51' title="bbox 304 2666 1696 2713; baseline 0.006 -21"><span class='ocrx_word' id='word_1_593' title='bbox 304 2675 366 2693; x_wconf 90' lang='lat' dir='ltr'>eum</span> <span class='ocrx_word' id='word_1_594' title='bbox 377 2667 414 2693; x_wconf 82' lang='lat' dir='ltr'>:iit</span> <span class='ocrx_word' id='word_1_595' title='bbox 427 2688 433 2699; x_wconf 87' lang='lat'>,</span> <span class='ocrx_word' id='word_1_596' title='bbox 453 2671 474 2695; x_wconf 81' lang='lat' dir='ltr'>A</span> <span class='ocrx_word' id='word_1_597' title='bbox 484 2667 635 2695; x_wconf 79' lang='lat' dir='ltr'>cardinibus</span> <span class='ocrx_word' id='word_1_598' title='bbox 646 2670 786 2707; x_wconf 68' lang='lat' dir='ltr'>compasta</span> <span class='ocrx_word' id='word_1_599' title='bbox 797 2669 984 2698; x_wconf 73' lang='lat' dir='ltr'>transversaria.</span> <span class='ocrx_word' id='word_1_600' title='bbox 1009 2673 1139 2700; x_wconf 78' lang='lat' dir='ltr'>Cardines</span> <span class='ocrx_word' id='word_1_601' title='bbox 1151 2675 1223 2700; x_wconf 87' lang='lat' dir='ltr'>enim</span> <span class='ocrx_word' id='word_1_602' title='bbox 1234 2666 1363 2713; x_wconf 73' lang='lat' dir='ltr'>intelligit</span> <span class='ocrx_word' id='word_1_603' title='bbox 1373 2675 1439 2702; x_wconf 86' lang='lat' dir='ltr'>imas</span> <span class='ocrx_word' id='word_1_604' title='bbox 1452 2683 1588 2702; x_wconf 80' lang='lat' dir='ltr'>anconurn</span> <span class='ocrx_word' id='word_1_605' title='bbox 1599 2681 1696 2711; x_wconf 84' lang='lat' dir='ltr'>partes.</span> 
     </span>
    </p>

    <p class='ocr_par' dir='ltr' id='par_1_9' title="bbox 256 2703 1199 2744">
     <span class='ocr_line' id='line_1_52' title="bbox 256 2703 1199 2744; baseline 0.01 -12"><span class='ocrx_word' id='word_1_606' title='bbox 256 2703 293 2739; x_wconf 94' lang='lat' dir='ltr'>f]</span> <span class='ocrx_word' id='word_1_607' title='bbox 331 2706 414 2734; x_wconf 80' lang='lat' dir='ltr'>Idem.</span> <span class='ocrx_word' id='word_1_608' title='bbox 442 2710 482 2735; x_wconf 87' lang='lat' dir='ltr'>De</span> <span class='ocrx_word' id='word_1_609' title='bbox 493 2718 526 2735; x_wconf 88' lang='lat' dir='ltr'>eo</span> <span class='ocrx_word' id='word_1_610' title='bbox 539 2708 585 2735; x_wconf 87' lang='lat' dir='ltr'>lib.</span> <span class='ocrx_word' id='word_1_611' title='bbox 599 2719 637 2736; x_wconf 80' lang='lat' dir='ltr'>ix.</span> <span class='ocrx_word' id='word_1_612' title='bbox 651 2709 734 2736; x_wconf 80' lang='lat' dir='ltr'>multa</span> <span class='ocrx_word' id='word_1_613' title='bbox 746 2710 883 2738; x_wconf 82' lang='lat' dir='ltr'>Vitruvius</span> <span class='ocrx_word' id='word_1_614' title='bbox 893 2709 993 2744; x_wconf 87' lang='lat' dir='ltr'>scribit,</span> <span class='ocrx_word' id='word_1_615' title='bbox 1006 2716 1029 2739; x_wconf 69' lang='lat' dir='ltr'>St</span> <span class='ocrx_word' id='word_1_616' title='bbox 1041 2713 1199 2741; x_wconf 85' lang='lat' dir='ltr'>luculenter.</span> 
     </span>
    </p>

    <p class='ocr_par' dir='ltr' id='par_1_10' title="bbox 257 2746 1861 2936">
     <span class='ocr_line' id='line_1_53' title="bbox 257 2746 1859 2792; baseline 0.002 -21"><span class='ocrx_word' id='word_1_617' title='bbox 257 2746 289 2781; x_wconf 87' lang='lat' dir='ltr'>g]</span> <span class='ocrx_word' id='word_1_618' title='bbox 317 2746 403 2790; x_wconf 66' lang='lat' dir='ltr'>idem.</span> <span class='ocrx_word' id='word_1_619' title='bbox 423 2749 456 2774; x_wconf 83' lang='lat' dir='ltr'>Et</span> <span class='ocrx_word' id='word_1_620' title='bbox 467 2747 522 2776; x_wconf 76' lang='lat' dir='ltr'>liaec</span> <span class='ocrx_word' id='word_1_621' title='bbox 534 2748 652 2777; x_wconf 77' lang='lat' dir='ltr'>cochlcae</span> <span class='ocrx_word' id='word_1_622' title='bbox 662 2749 805 2788; x_wconf 85' lang='lat' dir='ltr'>descriptio</span> <span class='ocrx_word' id='word_1_623' title='bbox 814 2760 876 2778; x_wconf 89' lang='lat' dir='ltr'>cum</span> <span class='ocrx_word' id='word_1_624' title='bbox 888 2754 990 2780; x_wconf 65' lang='lat' dir='ltr'>caeteris</span> <span class='ocrx_word' id='word_1_625' title='bbox 1000 2754 1087 2790; x_wconf 85' lang='lat' dir='ltr'>periit.</span> <span class='ocrx_word' id='word_1_626' title='bbox 1100 2764 1162 2785; x_wconf 76' lang='lat' dir='ltr'>uuas</span> <span class='ocrx_word' id='word_1_627' title='bbox 1174 2754 1386 2782; x_wconf 73' lang='lat' dir='ltr'>enumeravimus</span> <span class='ocrx_word' id='word_1_628' title='bbox 1397 2754 1443 2783; x_wconf 84' lang='lat' dir='ltr'>lib.</span> <span class='ocrx_word' id='word_1_629' title='bbox 1453 2764 1474 2782; x_wconf 90' lang='lat'>1.</span> <span class='ocrx_word' id='word_1_630' title='bbox 1483 2764 1539 2792; x_wconf 83' lang='lat' dir='ltr'>cap.</span> <span class='ocrx_word' id='word_1_631' title='bbox 1552 2759 1578 2781; x_wconf 90' lang='lat'>6.</span> <span class='ocrx_word' id='word_1_632' title='bbox 1601 2755 1757 2781; x_wconf 75' lang='lat' dir='ltr'>Extremum</span> <span class='ocrx_word' id='word_1_633' title='bbox 1769 2758 1859 2777; x_wconf 79' lang='lat' dir='ltr'>autem</span> 
     </span>
     <span class='ocr_line' id='line_1_54' title="bbox 303 2785 1861 2833; baseline 0.003 -20"><span class='ocrx_word' id='word_1_634' title='bbox 303 2785 401 2814; x_wconf 77' lang='lat' dir='ltr'>librum</span> <span class='ocrx_word' id='word_1_635' title='bbox 411 2787 477 2815; x_wconf 83' lang='lat' dir='ltr'>dixit</span> <span class='ocrx_word' id='word_1_636' title='bbox 490 2789 612 2817; x_wconf 77' lang='lat' dir='ltr'>ultimam</span> <span class='ocrx_word' id='word_1_637' title='bbox 623 2789 699 2825; x_wconf 80' lang='lat' dir='ltr'>liujus</span> <span class='ocrx_word' id='word_1_638' title='bbox 716 2791 761 2818; x_wconf 88' lang='lat' dir='ltr'>lib.</span> <span class='ocrx_word' id='word_1_639' title='bbox 775 2791 873 2820; x_wconf 85' lang='lat' dir='ltr'>decimi</span> <span class='ocrx_word' id='word_1_640' title='bbox 884 2802 985 2830; x_wconf 81' lang='lat' dir='ltr'>partem</span> <span class='ocrx_word' id='word_1_641' title='bbox 997 2814 1004 2824; x_wconf 85' lang='grc'><strong><em>,</em></strong></span> <span class='ocrx_word' id='word_1_642' title='bbox 1024 2804 1055 2822; x_wconf 91' lang='lat' dir='ltr'>ne</span> <span class='ocrx_word' id='word_1_643' title='bbox 1067 2787 1126 2833; x_wconf 87' lang='lat' dir='ltr'>quis</span> <span class='ocrx_word' id='word_1_644' title='bbox 1138 2796 1310 2823; x_wconf 83' lang='lat' dir='ltr'>undecimum</span> <span class='ocrx_word' id='word_1_645' title='bbox 1328 2796 1443 2833; x_wconf 83' lang='lat' dir='ltr'>aliquem</span> <span class='ocrx_word' id='word_1_646' title='bbox 1454 2793 1681 2823; x_wconf 78' lang='lat' dir='ltr'>comminiscatur.</span> <span class='ocrx_word' id='word_1_647' title='bbox 1704 2794 1774 2819; x_wconf 71' lang='lat' dir='ltr'>Nam</span> <span class='ocrx_word' id='word_1_648' title='bbox 1786 2791 1815 2817; x_wconf 82' lang='lat' dir='ltr'>ad</span> <span class='ocrx_word' id='word_1_649' title='bbox 1827 2789 1861 2817; x_wconf 76' lang='lat' dir='ltr'>fi-</span> 
     </span>
     <span class='ocr_line' id='line_1_55' title="bbox 301 2828 1860 2873; baseline 0.005 -20"><span class='ocrx_word' id='word_1_650' title='bbox 301 2836 363 2853; x_wconf 87' lang='lat' dir='ltr'>nem</span> <span class='ocrx_word' id='word_1_651' title='bbox 375 2830 461 2864; x_wconf 85' lang='lat' dir='ltr'>operis</span> <span class='ocrx_word' id='word_1_652' title='bbox 473 2828 564 2857; x_wconf 84' lang='lat' dir='ltr'>scribit</span> <span class='ocrx_word' id='word_1_653' title='bbox 576 2832 666 2858; x_wconf 84' lang='lat' dir='ltr'>omnia</span> <span class='ocrx_word' id='word_1_654' title='bbox 683 2831 878 2861; x_wconf 66' lang='lat' dir='ltr'>Archiresturae</span> <span class='ocrx_word' id='word_1_655' title='bbox 898 2834 1018 2862; x_wconf 85' lang='lat' dir='ltr'>membra</span> <span class='ocrx_word' id='word_1_656' title='bbox 1029 2835 1123 2863; x_wconf 87' lang='lat' dir='ltr'>decem</span> <span class='ocrx_word' id='word_1_657' title='bbox 1140 2835 1320 2864; x_wconf 77' lang='lat' dir='ltr'>voluminibus</span> <span class='ocrx_word' id='word_1_658' title='bbox 1332 2833 1383 2864; x_wconf 81' lang='lat' dir='ltr'>effe</span> <span class='ocrx_word' id='word_1_659' title='bbox 1400 2836 1540 2873; x_wconf 74' lang='lat' dir='ltr'>explicata.</span> <span class='ocrx_word' id='word_1_660' title='bbox 1565 2836 1604 2861; x_wconf 80' lang='lat' dir='ltr'>Eo</span> <span class='ocrx_word' id='word_1_661' title='bbox 1617 2835 1699 2861; x_wconf 89' lang='lat' dir='ltr'>inodo</span> <span class='ocrx_word' id='word_1_662' title='bbox 1710 2840 1860 2858; x_wconf 69' lang='lat' dir='ltr'>extrem-lm</span> 
     </span>
     <span class='ocr_line' id='line_1_56' title="bbox 302 2867 1861 2913; baseline 0.004 -20"><span class='ocrx_word' id='word_1_663' title='bbox 302 2876 389 2894; x_wconf 80' lang='lat' dir='ltr'>ceram</span> <span class='ocrx_word' id='word_1_664' title='bbox 400 2867 468 2895; x_wconf 90' lang='lat' dir='ltr'>libro</span> <span class='ocrx_word' id='word_1_665' title='bbox 480 2871 561 2898; x_wconf 85' lang='lat' dir='ltr'>tertio</span> <span class='ocrx_word' id='word_1_666' title='bbox 574 2872 712 2901; x_wconf 85' lang='lat' dir='ltr'>Ciceronis</span> <span class='ocrx_word' id='word_1_667' title='bbox 722 2874 748 2901; x_wconf 87' lang='lat' dir='ltr'>in</span> <span class='ocrx_word' id='word_1_668' title='bbox 761 2875 870 2902; x_wconf 84' lang='lat' dir='ltr'>Verrem</span> <span class='ocrx_word' id='word_1_669' title='bbox 882 2874 1070 2913; x_wconf 82' lang='lat' dir='ltr'>interpretatus</span> <span class='ocrx_word' id='word_1_670' title='bbox 1083 2877 1118 2904; x_wconf 78' lang='lat' dir='ltr'>cst</span> <span class='ocrx_word' id='word_1_671' title='bbox 1129 2875 1257 2905; x_wconf 82' lang='lat' dir='ltr'>Asconius</span> <span class='ocrx_word' id='word_1_672' title='bbox 1272 2897 1277 2909; x_wconf 82' lang='lat'>.</span> <span class='ocrx_word' id='word_1_673' title='bbox 1297 2877 1322 2904; x_wconf 84' lang='lat' dir='ltr'>id</span> <span class='ocrx_word' id='word_1_674' title='bbox 1332 2879 1377 2910; x_wconf 81' lang='lat' dir='ltr'>est,</span> <span class='ocrx_word' id='word_1_675' title='bbox 1388 2877 1510 2904; x_wconf 76' lang='lat' dir='ltr'>ultimam</span> <span class='ocrx_word' id='word_1_676' title='bbox 1523 2875 1649 2909; x_wconf 77' lang='lat' dir='ltr'>tabulam,</span> <span class='ocrx_word' id='word_1_677' title='bbox 1661 2875 1785 2903; x_wconf 75' lang='lat' dir='ltr'>ultimam</span> <span class='ocrx_word' id='word_1_678' title='bbox 1799 2881 1861 2910; x_wconf 80' lang='lat' dir='ltr'>par·</span> 
     </span>
     <span class='ocr_line' id='line_1_57' title="bbox 302 2908 1354 2936; baseline 0.013 -2"><span class='ocrx_word' id='word_1_679' title='bbox 302 2915 358 2934; x_wconf 89' lang='lat' dir='ltr'>tem</span> <span class='ocrx_word' id='word_1_680' title='bbox 369 2908 474 2936; x_wconf 74' lang='lat' dir='ltr'>tabulae.</span> <span class='ocrx_word' id='word_1_681' title='bbox 1351 2927 1354 2931; x_wconf 86' lang='grc'><em>“</em></span> 
     </span>
    </p>

    <p class='ocr_par' dir='ltr' id='par_1_11' title="bbox 255 2946 1857 3040">
     <span class='ocr_line' id='line_1_58' title="bbox 255 2946 1857 2997; baseline 0.008 -24"><span class='ocrx_word' id='word_1_682' title='bbox 255 2946 287 2982; x_wconf 80' lang='lat' dir='ltr'>h]</span> <span class='ocrx_word' id='word_1_683' title='bbox 318 2948 399 2975; x_wconf 83' lang='lat' dir='ltr'>Idem.</span> <span class='ocrx_word' id='word_1_684' title='bbox 422 2949 596 2979; x_wconf 67' lang='lat' dir='ltr'>Scribe-ndum</span> <span class='ocrx_word' id='word_1_685' title='bbox 607 2961 664 2980; x_wconf 87' lang='lat' dir='ltr'>tum</span> <span class='ocrx_word' id='word_1_686' title='bbox 673 2963 703 2980; x_wconf 87' lang='lat' dir='ltr'>ex</span> <span class='ocrx_word' id='word_1_687' title='bbox 715 2953 891 2992; x_wconf 85' lang='lat' dir='ltr'>superioribus</span> <span class='ocrx_word' id='word_1_688' title='bbox 903 2976 909 2986; x_wconf 82' lang='lat'>.</span> <span class='ocrx_word' id='word_1_689' title='bbox 928 2964 986 2984; x_wconf 90' lang='lat' dir='ltr'>tum</span> <span class='ocrx_word' id='word_1_690' title='bbox 997 2967 1028 2984; x_wconf 81' lang='lat' dir='ltr'>ex</span> <span class='ocrx_word' id='word_1_691' title='bbox 1050 2955 1220 2987; x_wconf 73' lang='lat' dir='ltr'>inferioribus</span> <span class='ocrx_word' id='word_1_692' title='bbox 1233 2958 1346 2987; x_wconf 82' lang='lat' dir='ltr'>arbitror</span> <span class='ocrx_word' id='word_1_693' title='bbox 1357 2978 1363 2988; x_wconf 87' lang='lat'><em>,</em></span> <span class='ocrx_word' id='word_1_694' title='bbox 1384 2961 1455 2997; x_wconf 80' lang='lat' dir='ltr'>Qae</span> <span class='ocrx_word' id='word_1_695' title='bbox 1466 2956 1498 2985; x_wconf 89' lang='lat' dir='ltr'>de</span> <span class='ocrx_word' id='word_1_696' title='bbox 1510 2958 1628 2985; x_wconf 79' lang='lat' dir='ltr'>materia.</span> <span class='ocrx_word' id='word_1_697' title='bbox 1652 2967 1714 2985; x_wconf 89' lang='lat' dir='ltr'>nam</span> <span class='ocrx_word' id='word_1_698' title='bbox 1727 2953 1857 2982; x_wconf 60' lang='lat' dir='ltr'>mss-Cllfssae</span> 
     </span>
     <span class='ocr_line' id='line_1_59' title="bbox 295 2988 1857 3040; baseline 0.009 -24"><span class='ocrx_word' id='word_1_699' title='bbox 295 2998 352 3027; x_wconf 73' lang='lat' dir='ltr'>qua:</span> <span class='ocrx_word' id='word_1_700' title='bbox 363 2988 514 3028; x_wconf 84' lang='lat' dir='ltr'>sequuntur,</span> <span class='ocrx_word' id='word_1_701' title='bbox 527 3001 581 3020; x_wconf 88' lang='lat' dir='ltr'>non</span> <span class='ocrx_word' id='word_1_702' title='bbox 592 2992 667 3032; x_wconf 78' lang='lat' dir='ltr'>liguo</span> <span class='ocrx_word' id='word_1_703' title='bbox 677 2993 773 3029; x_wconf 83' lang='lat' dir='ltr'>solum,</span> <span class='ocrx_word' id='word_1_704' title='bbox 786 2995 826 3024; x_wconf 81' lang='lat' dir='ltr'>sed</span> <span class='ocrx_word' id='word_1_705' title='bbox 837 3006 886 3024; x_wconf 76' lang='lat' dir='ltr'>:ere</span> <span class='ocrx_word' id='word_1_706' title='bbox 899 2996 980 3025; x_wconf 84' lang='lat' dir='ltr'>etiam</span> <span class='ocrx_word' id='word_1_707' title='bbox 992 2998 1121 3025; x_wconf 81' lang='lat' dir='ltr'>constant.</span> <span class='ocrx_word' id='word_1_708' title='bbox 1743 3008 1765 3040; x_wconf 82' lang='grc' dir='ltr'>ι’]</span> <span class='ocrx_word' id='word_1_709' title='bbox 1775 3005 1857 3032; x_wconf 79' lang='lat' dir='ltr'>Ideni.</span> 
     </span>
    </p>
   </div>
  </div>
 </body>
</html>
