2023 3162
263 111 335 145 142
669 91 1095 131 M.V1·rituv11
1141 88 1482 126 Porrioms

259 163 424 202 efficitur,
437 170 478 199 ut
497 158 697 198 adveniant
709 156 868 193 colores.
900 156 1002 193 Cum
1015 167 1103 205 ergo
1115 154 1192 193 liaec
1203 155 1324 193 emiffa
1337 166 1555 200 erunt‚tunc
1575 158 1746 205 minium,
1759 172 1845 211 pto-

259 230 340 270 ptet
349 217 489 268 argenti
508 215 581 254 vivi
599 213 846 255 relictionem,
859 212 996 261 quasin
1008 210 1040 247 se
1051 211 1234 249 naturales
1245 211 1421 249 habuerat
1433 213 1585 250 virtutes
1597 214 1769 265 relinquit
1779 246 1788 260 ‚
1805 219 1844 254 δε

260 274 417 312 efficitur
434 283 560 310 tenera
577 278 704 306 natura
723 269 760 304 ὅ(
778 268 916 304 viribus
936 266 1135 304 imbecilla.
1170 269 1296 316 Itaque
1316 279 1406 305 cum
1427 267 1475 304 est
1494 269 1531 303 in
1552 271 1844 318 expolitionibus

261 331 500 368 conclavium
510 321 873 364 testoriisindustu'm
884 347 892 361 ‚
913 333 1105 373 permanet
1116 322 1190 360 sine
1202 324 1298 361 vitiis
1309 321 1373 360 suo
1393 325 1536 360 colore.
1568 324 1717 373 Apertis
1734 338 1838 367 vero,

260 387 298 424 id
316 385 364 422 css
384 383 588 435 peristyliis,
609 389 672 415 aut
681 379 821 414 exedris
835 407 844 423 ‚
865 389 927 415 aut
938 380 1072 416 caeteris
1085 378 1263 426 ejusmodi
1274 380 1367 416 locis
1377 408 1386 424 ‚
1399 391 1476 429 quo
1487 379 1552 415 Sol
1565 381 1601 416 S<
1616 381 1723 417 Luna
1734 382 1845 432 possit

263 441 472 493 splendores
497 440 533 474 &
554 434 675 472 radios
697 434 918 479 immittere,
938 446 1026 472 cum
1039 431 1085 472 ab
1102 436 1144 472 iis
1161 434 1257 472 locis
1275 437 1458 484 tangitur,
1473 436 1638 479 vitiatur,
1651 437 1706 475 ὃς,
1727 439 1845 476 amissa

262 500 395 534 virtute
406 494 562 531 coloris,
589 490 810 538 denigratur.
842 491 966 539 ltaque
977 502 1064 528 eum
1075 493 1112 528 ὃς
1125 490 1185 527 alii
1204 491 1329 529 multi,
1345 499 1431 528 'tum
1443 492 1556 528 etiam
1580 487 1655 537 [b]
1680 491 1846 530 faberius

261 552 394 590 scriba,
416 561 502 587 cum
514 549 553 583 in
567 546 763 584 Aventino
781 546 953 583 voluiss'cr
965 546 1097 583 habere
1106 547 1266 584 domum
1280 547 1460 596 eleganter
1471 548 1673 595 expolitam
1683 576 1692 591 ‚
1706 548 1848 596 peristy-

263 610 300 645 lii
315 608 469 657 parietes
481 613 615 640 omnes
633 601 778 639 induxit
790 603 909 639 minio
921 631 930 646 ‚
951 601 1107 654 quipost
1119 601 1192 639 dies
1203 603 1353 651 triginta
1364 601 1449 639 fasti
1468 602 1548 640 sunt
1568 603 1765 640 invenusto
1785 614 1848 640 va-

262 665 395 711 rioque
407 661 550 697 colore.
579 660 707 706 ltaque
718 658 838 709 primo
849 657 1233 695 locavirinducendos
1244 659 1335 695 alios
1348 658 1507 696 colores.
1549 658 1603 695 At
1615 657 1639 694 fi
1652 661 1732 707 quis
1742 658 1850 696 subti-

261 720 332 756 lior
349 717 476 760 fucrit,
496 717 533 752 δε
546 714 708 752 voluerit
719 714 991 762 expolitionem
1014 715 1231 751 miniaceam
1244 713 1347 752 suum
1368 714 1538 751 colorem
1556 715 1711 751 retinere
1724 741 1732 754 ‚
1760 726 1850 751 cum

260 775 375 825 paries
387 772 574 822 expolitus
585 772 620 807 ὅ(
632 769 750 806 aridus
760 768 886 808 fuerit.
900 780 991 806 tunc
1002 772 1059 816 [c]
1075 781 1198 807 ceram
1210 770 1392 808 Punicam
1401 771 1475 819 igni
1484 769 1719 819 liquefactam
1731 770 1849 820 paulo

263 831 354 867 oleo
375 835 620 877 temperatam
644 822 715 876 [d]
737 823 807 862 seta
826 826 992 863 inducat.
1023 825 1170 863 Deinde
1189 825 1315 875 postea
1327 825 1552 862 carbonibus
1571 827 1608 862 in
1630 826 1750 862 ferreo
1770 824 1852 864 vase

264 882 483 935 compositis
498 907 505 922 ‚
528 892 612 919 eam
624 892 746 918 ceram
755 882 921 931 apprime,
931 893 1017 918 cum
1029 882 1165 931 pariete
1176 882 1428 920 calefaciendo
1438 880 1562 918 sudare
1574 890 1699 931 cogat,
1710 881 1850 930 fiatque

265 951 308 979 ut
325 948 566 991 peraequetur.
598 936 727 974 Postea
746 947 832 973 cum
844 936 994 974 candela
1005 936 1194 986 linteisque
1205 939 1304 989 puris
1322 936 1463 987 subigat
1477 966 1487 982 ‚
1505 939 1559 974 uti
1577 937 1677 987 signa
1688 949 1853 974 marmo-

264 1009 326 1034 rea
338 995 433 1033 nuda
446 1004 622 1031 curantur.
639 993 730 1029 Haec
742 1001 867 1029 autem
881 994 940 1039 [e]
952 994 1067 1032 κωῦοτς
1077 993 1206 1030 Graece
1219 993 1436 1030 dicitu'r.1ta
1447 992 1590 1030 obstans
1604 1006 1692 1030 cerae
1702 993 1852 1030 Punicae

265 1049 483 1102 [f]>lorica
494 1062 572 1087 non
581 1049 717 1098 patitur
727 1076 737 1093 ‚
759 1059 828 1085 nec
838 1048 954 1086 Lunae
967 1047 1214 1098 splendorem,
1230 1061 1300 1086 nee
1312 1049 1406 1086 Solis
1424 1049 1559 1092 radios,
1570 1049 1770 1086 lambendo
1782 1050 1852 1085 eri-

265 1119 352 1159 pere
372 1119 417 1143 ex
431 1106 485 1142 his
496 1103 740 1155 politionibus
752 1105 931 1141 colorem.
968 1106 1061 1155 Quae
1074 1114 1197 1142 autem
1215 1106 1254 1141 in
1267 1103 1509 1155 Ephesiorum
1528 1106 1685 1141 metallis
1705 1104 1853 1141 fuerunt

267 1162 426 1200 officinae
440 1190 449 1206 ‚
467 1172 567 1197 nunc
580 1158 735 1205 trajecia:
745 1159 923 1198 suntideo
936 1161 1126 1199 Romam,
1149 1160 1253 1209 quod
1272 1162 1309 1197 id
1328 1172 1444 1210 genus
1463 1173 1563 1198 venae
1584 1159 1710 1211 postea
1728 1161 1777 1197 est
1797 1162 1853 1196 in-

267 1229 422 1256 ventum
437 1215 615 1266 Hispaniae
627 1215 838 1264 regionibus
848 1244 858 1260 ,
870 1228 912 1252 ex
924 1228 1078 1265 quarum
1092 1217 1248 1254 metallis
1261 1217 1376 1266 glebae
1387 1226 1598 1267 portantur,
1613 1217 1650 1253 ὅ(
1663 1229 1727 1266 pei·
1736 1216 1855 1266 publi-

268 1285 384 1311 canos
405 1273 542 1322 Romae
562 1281 760 1315 curantur„
777 1271 835 1309 Eae
855 1282 981 1310 autem
994 1271 1151 1310 officinae
1164 1272 1242 1310 sunt
1261 1275 1352 1310 inter
1370 1272 1486 1310 aedem
1507 1271 1623 1308 Florae
1642 1273 1677 1308 ὃ(
1692 1273 1855 1326 Qirini.

267 1330 429 1367 Vitiatur
438 1329 595 1364 minium
605 1326 770 1364 admixta
781 1326 894 1365 calce.
924 1329 1053 1377 Itaque
1071 1328 1094 1365 si
1107 1330 1187 1378 quis
1199 1329 1288 1366 velit
1299 1329 1453 1379 experiri
1472 1326 1508 1363 id
1527 1326 1599 1364 fine
1609 1327 1701 1364 vitio
1713 1326 1794 1373 elle,
1805 1327 1856 1364 [ic

267 1383 571 1421 critfaciundum.
602 1383 728 1419 Ferrea
751 1385 817 1435 [g]
834 1385 956 1421 lamna
975 1383 1199 1427 sumatur-‚in
1211 1396 1252 1421 ea
1262 1385 1659 1433 miniumimponatur‚
1673 1383 1717 1419 ad
1730 1386 1856 1433 ignem

270 1440 498 1478 collocetur,
524 1438 779 1476 doneclamna
800 1439 1010 1477 candescat:
1035 1453 1124 1478 cum
1138 1437 1157 1476 e
1179 1440 1340 1478 candore
1360 1441 1470 1477 color
1490 1441 1707 1476 immutatus
1725 1439 1857 1486 fuerit,

270 1496 414 1545 eritque
432 1504 522 1539 ater,
535 1495 689 1532 tollatur
707 1495 829 1532 lamna
846 1495 891 1532 ab
903 1497 1005 1545 igne:
1027 1499 1078 1536 ὃς,
1090 1496 1115 1533 fi
1126 1495 1376 1546 refrigeratum
1393 1493 1456 1542 [h]
1475 1494 1679 1533 restituatur
1696 1497 1733 1532 in
1744 1495 1858 1546 pristi-

1761 1563 1856 1590 nUm

269 1622 297 1658 b]
318 1624 398 1651 Idem.
421 1623 522 1652 Faberii
532 1625 628 1653 Scribae
640 1636 693 1653 non
704 1625 781 1654 semel
790 1626 911 1653 meminit
921 1627 1026 1654 Cicero.
1045 1627 1230 1655 Eniendandus
1237 1627 1272 1655 est
1283 1628 1312 1656 P.
1323 1626 1440 1655 Victoris
1449 1625 1525 1654 locus
1534 1646 1541 1658 ‚
1554 1624 1597 1654 seu
1607 1627 1678 1654 Sexti
1688 1624 1751 1654 Rufi
1760 1625 1792 1654 de
1802 1627 1856 1653 Vr-

303 1663 341 1692 bis
352 1664 516 1703 regionibus,
529 1666 573 1694 ubi
584 1677 631 1704 pro
641 1666 748 1694 Faberia
758 1668 873 1705 porticu,
886 1666 985 1705 legitur
996 1664 1117 1694 fabraria.

268 1705 294 1738 c]
323 1705 405 1732 Idem·
428 1705 456 1733 hl
466 1707 501 1734 est
509 1707 646 1734 candidam
656 1717 754 1735 ceram.
776 1709 842 1745 Qo
852 1716 940 1734 autem
950 1706 994 1734 fiat
1005 1707 1095 1739 modo,
1109 1707 1189 1735 tradit
1201 1707 1267 1734 Pliii.
1279 1707 1324 1734 lib.
1336 1718 1394 1736 xxi.
1403 1717 1459 1746 cap.
1473 1717 1511 1740 ¹4·
1533 1706 1686 1736 Ventilatum
1698 1705 1782 1744 inquit
1792 1703 1854 1740 ,sub

312 1744 352 1771 dio
359 1744 441 1780 fizpim
452 1755 508 1772 cera
511 1746 592 1782 fulva
601 1769 607 1779 ,
622 1748 710 1775 deinde
716 1747 804 1783 fervet
814 1750 840 1774 in
850 1756 920 1786 aqua
927 1753 1031 1775 marina
1039 1758 1069 1775 ex
1080 1746 1132 1774 alto
1139 1749 1222 1785 petita
1231 1768 1237 1779 ,
1249 1747 1337 1774 adalta
1347 1752 1413 1775 nitro
1425 1768 1432 1779 ,
1449 1748 1507 1775 inde
1515 1748 1596 1784 ligulis
1603 1745 1791 1783 clgumflarem
1802 1765 1809 1777 ‚
1827 1743 1856 1771 id

312 1785 358 1813 eff.
367 1784 541 1821 candidiffima
548 1797 655 1826 qiuque,
666 1788 903 1826 transfunduntque
909 1791 936 1815 in
944 1798 1001 1818 vas,
1009 1787 1077 1827 quod
1082 1790 1200 1825 exiguum
1209 1797 1309 1815 marma
1315 1787 1517 1824 habeatfivgida,
1529 1788 1561 1821 &¹
1569 1789 1704 1814 materiam
1714 1786 1855 1823 decoquunt

308 1826 446 1861 separatim
455 1845 462 1855 ,
480 1826 568 1854 dehinc
579 1837 626 1854 vas
636 1828 714 1864 ipfiim
724 1828 873 1864 refiigeram
883 1848 889 1858 ,
910 1828 943 1862 (y
954 1838 1010 1856 cum
1018 1829 1066 1856 hac
1076 1836 1115 1856 ter
1117 1828 1202 1865 fecbre
1213 1849 1218 1860 ,
1231 1830 1329 1866 juncea
1336 1837 1405 1856 crate
1408 1827 1460 1868 βψ
1471 1829 1529 1854 divo
1534 1826 1631 1864 ficcant
1642 1825 1693 1852 sole
1701 1828 1852 1863 Lunaque).

313 1868 370 1892 Hac
380 1868 444 1892 enim
456 1866 587 1894 candorem
592 1867 670 1904 facit.
684 1870 815 1898 siccantes,
826 1878 856 1896 ne
865 1868 988 1906 liquefiat,
995 1876 1129 1905 protegunt
1137 1871 1209 1895 tenui
1217 1868 1301 1895 lmteo.
1314 1866 1499 1903 Candidiffima
1509 1866 1612 1902 verofit.
1619 1868 1674 1904 pos?
1683 1865 1855 1903 insolationem

310 1906 455 1932 etiamnum
465 1908 566 1933 recoc'la.
587 1908 684 1935 Eadem
693 1917 732 1935 res
744 1906 759 1935 a
771 1907 926 1936 Dioscoride
936 1907 1014 1936 fuiius
1027 1908 1173 1947 explicatur
1183 1908 1228 1936 lib.
1238 1918 1275 1936 ii.
1284 1918 1340 1948 cap.
1351 1918 1394 1944 75.

270 1944 302 1979 d]
330 1944 415 1973 Idem.
436 1946 464 1973 Id
474 1947 509 1973 est
521 1945 669 1984 penicillo&
683 1947 741 1975 setis
753 1947 914 1986 compolito.

270 1987 296 2020 e]
310 1985 408 2013 ‘Idem
433 1986 593 2015 Hermolaus
603 1988 744 2016 Corollarii
756 1997 811 2026 cap.
825 1997 998 2016 nccccxtv.
1022 1999 1080 2017 earn
1097 1990 1283 2019 loricationern
1299 1990 1423 2019 coniafim
1439 2000 1471 2018 ex
1482 1988 1606 2017 Vitruvio
1617 1997 1711 2020 vocat,
1728 1998 1781 2029 ego
1793 1998 1858 2017 vero

311 2021 392 2059 ›ffld'm
402 2036 456 2054 non
469 2028 625 2056 mutaverim
636 2038 642 2055 z
662 2028 697 2056 ita
706 2029 776 2055 enim
786 2028 913 2066 appellata
922 2030 971 2061 cst,
993 2031 1064 2063 quod
1075 2040 1133 2058 cera
1145 2031 1302 2059 carbonibus
1314 2041 1375 2059 curn
1386 2032 1483 2069 pariete
1496 2029 1641 2057 calefieret:
1665 2039 1726 2057 nani
1737 2030 1797 2063 »μίν
1808 2040 1858 2058 uro

312 2064 452 2105 significat.
473 2068 565 2095 Claud.
576 2067 748 2106 Salmasi'usi‘n
760 2068 879 2096 Solinum
890 2079 950 2108 pag.
960 2079 1020 2103 232.
1041 2071 1108 2098 Haec
1126 2070 1241 2109 ἐΤκεωζις
1252 2075 1345 2100 Graece
1355 2072 1461 2099 dicitur.
1483 2073 1522 2098 lta
1531 2069 1697 2098 scribendum
1709 2082 1715 2101 ;
1733 2070 1858 2098 mendose

313 2107 384 2134 enim
393 2106 509 2146 legitur:
531 2113 680 2136 Haecautem
689 2104 771 2143 ιωιιῙῖι-ις
783 2112 864 2137 Gracc
874 2110 971 2137 dicltur.
999 2112 1039 2138 Sic
1050 2112 1142 2139 tertIus
1152 2111 1287 2143 ἐΓκαόσεΘι
1298 2112 1389 2140 modus
1401 2111 1550 2142 curabatur,
1561 2111 1626 2138 ceris
1637 2112 1699 2149 igne
1710 2107 1821 2138 remissis
1831 2114 1858 2139 Sc

311 2147 435 2186 penicillo
446 2147 567 2177 inductis.
580 2151 608 2176 In
621 2150 706 2187 priore
716 2159 795 2188 quem
808 2150 906 2177 Pausias
916 2154 940 2178 ὃς
950 2151 1039 2178 caeteri
1050 2153 1103 2186 ejus
1111 2153 1216 2192 generis
1225 2163 1253 2180 ac
1264 2154 1394 2191 temporis
1403 2153 1515 2190 pistores
1525 2151 1692 2179 celebrarunt
1702 2150 1789 2179 nullus
1799 2150 1859 2179 usus

313 2187 444 2225 peiiici'lli‚
463 2191 522 2227 quia
531 2187 678 2228 liquefaem
688 2200 754 2218 cera:
766 2199 818 2217 non
831 2190 1022 2219 inducebantur
1033 2212 1039 2223 ,
1060 2191 1101 2219 sed
1119 2193 1209 2230 posita:
1219 2194 1244 2220 in
1256 2193 1342 2221 tabula
1354 2194 1440 2231 postea
1455 2191 1636 2221 inurebantur.
1659 2191 1758 2219 Plinius
1767 2192 1799 2219 de
1809 2191 1858 2219 illo

313 2236 426 2266 genere:
449 2230 507 2256 ceris
515 2232 622 2267 pingere,
637 2239 666 2257 ac
679 2232 920 2267 pic‘luraaeiqit‘nurere,
933 2232 1090 2269 quisprimus
1101 2236 1287 2270 excogitaverit
1296 2244 1344 2261 mm
1355 2233 1470 2268 constat-2v
1495 2233 1570 2261 Ceris
1583 2232 1665 2272 igitur
1675 2233 1789 2270 primum
1800 2233 1859 2270 pin-

314 2266 524 2306 gebant,deiiide
536 2271 663 2307 picturam
672 2281 730 2299 eam
741 2270 889 2303 inurebant,
898 2270 948 2299 hoc
961 2273 1007 2305 est,
1017 2273 1078 2311 igue
1087 2283 1157 2301 ceras
1167 2274 1360 2312 peraequabarit.
1371 2274 1438 2301 Haec
1448 2275 1537 2302 omnia
1546 2272 1672 2312 pingendi
1681 2282 1779 2311 genera
1787 2281 1859 2301 nunc

318 2308 466 2341 exolevere‚
478 2313 500 2337 ἃ
513 2319 570 2337 tota
580 2312 725 2339 encaustice
735 2311 813 2339 hodie
823 2313 940 2344 evanuit,
949 2322 977 2339 ea
989 2313 1119 2352 prxcipue
1132 2324 1190 2352 quae
1200 2316 1266 2342 ceris
1277 2314 1440 2343 inurebatur.

268 2346 306 2386 f]
335 2347 482 2376 Philander.
503 2350 533 2376 Id
542 2351 575 2377 est
587 2352 740 2382 tectorium.
752 2352 843 2384 crusta,
856 2361 884 2380 ut
895 2351 968 2390 supra
977 2363 1033 2392 cap.
1048 2364 1068 2381 i.
1088 2355 1170 2382 Hunc
1182 2365 1246 2383 vero
1257 2355 1346 2383 iocum
1356 2365 1417 2383 cuni
1427 2354 1551 2393 superiori
1560 2350 1724 2392 itaexpreffit
1735 2353 1802 2381 Pli'n.
1813 2352 1863 2383 lib.

320 2398 430 2417 xxxru.
444 2399 500 2428 cap.
512 2401 539 2423 7.
550 2391 580 2417 de
591 2392 674 2419 minio
683 2392 809 2430 loquens:
835 2393 895 2420 solu
904 2400 982 2431 atque
993 2398 1065 2422 Luna
1073 2397 1199 2423 conradus
1207 2398 1335 2428 inimicus,
1354 2395 1493 2423 remedi-nm
1503 2403 1531 2422 ut
1538 2393 1728 2431 parietisi'ccatiz
1738 2404 1795 2422 cera
1805 2398 1862 2421 Pu-

322 2431 381 2457 nica
390 2439 446 2457 cum
457 2431 505 2458 oleo
515 2430 652 2469 liqtcefac'la
664 2433 832 2469 candemfietu
842 2432 989 2464 inducatur,
1000 2437 1143 2474 iterumque
1152 2436 1260 2464 admotis
1268 2437 1338 2473 galla
1349 2435 1506 2466 carbonibus,
1515 2435 1645 2463 aduratur
1654 2435 1690 2461 ad
1691 2435 1810 2471 ficdorem
1819 2436 1863 2472 us-

321 2480 378 2507 que,
387 2470 468 2507 pallea
481 2472 589 2499 candelu
602 2471 745 2508 subigatur,
760 2482 791 2499 ac
802 2472 888 2500 deinde
894 2472 975 2501 linteis
984 2476 1060 2512 puris,
1064 2474 1131 2513 ficut
1143 2473 1175 2507 Εἴ
1184 2486 1322 2506 marmora.
1333 2476 1488 2512 nitcfiunc).

274 2511 307 2547 g]
330 2510 414 2538 Idem.
437 2513 536 2540 Lan-ina
547 2512 707 2549 prolamina‚
719 2522 747 2539 ea
756 2512 849 2552 figura.
859 2523 909 2551 qna
920 2523 980 2542 mna
992 2518 1016 2542 δε
1027 2516 1097 2544 mina
1105 2517 1185 2544 videri
1197 2517 1282 2555 potest
1292 2516 1402 2547 dietum,
1414 2525 1443 2543 ut
1453 2516 1519 2554 apud
1530 2515 1628 2544 Horat.
1639 2515 1684 2543 lib.
1693 2525 1728 2544 11.
1739 2515 1860 2544 Carmin.

318 2551 379 2579 Ode
391 2561 422 2579 11.
444 2552 492 2580 Sed
505 2555 528 2580 δε
540 2562 629 2580 mnam
639 2554 763 2581 Graecum
775 2555 946 2598 &integrum
955 2555 1064 2583 verbum
1077 2577 1083 2587 ,
1106 2558 1205 2585 minam
1222 2567 1284 2585 vero
1293 2558 1417 2585 Latinum
1429 2556 1525 2584 censeri
1537 2556 1614 2584 debet
1623 2566 1653 2584 ex
1668 2556 1733 2584 Plin,
1745 2556 1791 2583 lib.
1801 2566 1862 2584 xxi.

311 2600 373 2633 cap.
386 2601 429 2620 io.
452 2595 517 2621 Sunt
528 2592 709 2632 quigradatim
720 2603 812 2632 putant
823 2594 875 2621 dici
886 2594 981 2622 lamani
993 2617 999 2626 .
1020 2596 1144 2624 laminam
1163 2601 1187 2625 ἃ
1198 2597 1337 2626 iamt-llam.
1362 2600 1443 2625 Certe
1454 2599 1525 2625 Sext.
1536 2598 1675 2635 Pompeius
1687 2597 1783 2624 lamam
1794 2597 1861 2624 dicit

316 2629 367 2675 elic
376 2632 506 2666 lacunam,
518 2634 544 2661 id
555 2634 589 2661 est
601 2655 608 2666 ,
619 2642 692 2672 aquae
701 2634 906 2667 collectionem‚
926 2646 1004 2673 quani
1016 2636 1058 2663 alii
1071 2637 1179 2665 lustrum
1190 2638 1330 2676 appellant.
1354 2638 1440 2675 Qod
1454 2646 1543 2665 autem
1552 2637 1646 2664 adrem
1658 2638 1753 2664 attinet
1763 2657 1770 2667 ,
1789 2637 1858 2664 Plin.

318 2670 391 2699 dicio
402 2673 515 2701 libxxxi
524 2674 622 2702 ii.loco
632 2674 697 2702 dicit
707 2675 762 2702 auri
775 2675 856 2702 modo
869 2676 979 2704 minium
992 2676 1107 2714 probari:
1117 2682 1191 2705 Auro
1202 2677 1450 2714 candentefucutum
1460 2676 1716 2714 nigrescit,fi71cerum
1724 2679 1815 2704 retinet
1825 2687 1864 2705 co-

319 2710 406 2738 lorem.
417 2714 518 2741 Deinde
528 2714 662 2754 subjungit
674 2725 680 2742 ι
693 2717 798 2743 Invenio
809 2715 842 2749 &a
851 2715 917 2742 calce
927 2716 1080 2748 adulterari,
1092 2727 1122 2744 ac
1130 2716 1264 2755 fimilifere
1275 2717 1554 2754 rationefhrrilamina‚
1560 2715 1585 2754 fi
1592 2727 1641 2744 non
1643 2715 1679 2754 fit
1688 2727 1791 2750 aurum,
1803 2717 1860 2745 ilico

320 2751 475 2795 deprehendi.
498 2755 570 2781 Fecit
582 2753 703 2793 frequens
713 2757 911 2794 aurirepetitio,
920 2756 994 2784 locus
1004 2756 1045 2785 hic
1057 2758 1133 2785 Plinii
1144 2758 1238 2786 menda
1249 2769 1280 2786 ne
1292 2766 1400 2786 careret.
1420 2760 1460 2785 Ita
1467 2757 1592 2796 scriptum
1603 2758 1691 2785 inveni
1700 2758 1726 2784 in
1737 2757 1863 2786 omnibus

319 2791 455 2836 codicibus
468 2794 665 2832 ixisstispariter
677 2799 699 2824 3:
711 2797 819 2824 exeniis.
842 2799 941 2824 Verum
953 2798 1091 2826 enimvero
1101 2799 1300 2831 maculabitur,
1310 2798 1326 2825 li
1337 2808 1384 2837 pro
1395 2807 1456 2824 auro
1466 2806 1572 2834 ,purum
1581 2797 1652 2836 legas
1663 2817 1669 2828 ,
1679 2797 1709 2825 ad
1720 2797 1789 2825 hunc
1800 2808 1864 2826 mo-

317 2830 398 2858 duni:
413 2834 479 2867 sarri
496 2833 601 2866 lamina,
613 2834 697 2872 finon
710 2835 746 2873 fit
758 2844 862 2873 piarum,
879 2837 1026 2872 deprehendi
1042 2839 1105 2866 ilico.
1125 2840 1192 2867 Haec
1204 2839 1255 2867 ille.
1273 2839 1322 2867 Sed
1344 2840 1438 2866 menda
1449 2840 1537 2875 potius
1549 2838 1646 2865 haerere
1666 2838 1805 2865 videturin
1818 2849 1862 2872 eo,

318 2873 391 2898 Auri
409 2872 478 2899 modo
492 2873 630 2910 probatur.
650 2876 694 2903 ubi
711 2876 872 2916 legendum:
893 2881 966 2904 Auro
985 2879 1055 2906 moda
1073 2879 1111 2915 (id
1122 2880 1157 2907 est
1167 2881 1286 2914 tantum)
1305 2879 1433 2915 probatur.
1453 2880 1522 2906 Nam
1538 2877 1673 2917 sequentia
1682 2877 1751 2907 liunc
1764 2878 1862 2908 habent

318 2910 435 2938 sensum:
457 2913 473 2939 li
483 2923 574 2941 autum
587 2925 639 2941 non
652 2916 680 2943 iit
692 2917 721 2943 ad
734 2927 850 2949 manum,
861 2918 940 2945 ctiam
953 2916 1014 2946 ferri
1025 2919 1121 2947 lamina
1133 2919 1238 2958 probati
1250 2917 1332 2958 posse.

275 2951 311 2996 h]⁴
340 2951 421 2996 Ideni.
447 2953 606 2998 uestituatur
616 2975 622 2984 ,
645 2966 696 2983 non
708 2958 838 2993 restituat,
856 2957 1024 2989 scribendum
1038 2960 1084 2995 est,
1096 2960 1308 3000 quandoquidem
1319 2960 1349 2989 ad
1358 2959 1485 2994 minium,
1497 2969 1550 2987 non
1559 2959 1588 2988 :id
1601 2958 1724 2990 laminam
1736 2957 1861 2995 refertur,

303 2991 331 3021 id
341 2992 385 3024 cst,
393 2994 557 3032 ispi-1stinuin
567 2994 686 3028 colorem
694 2998 811 3037 recipiat.
1740 3017 1764 3054 i]
1775 3019 1859 3049 ‘dem‘
