2023 3162
367 101 842 144 VocAssvronvM
899 101 1466 144 V1TRuv1ANonM.
1657 125 1703 150 21

125 183 302 222 aquarum
313 169 617 210 inventionibus:
635 170 684 207 ait
694 171 814 209 enim,
829 170 911 206 item
921 166 1088 222 fibulone
1097 169 1245 224 masculo
1255 185 1428 226 arenaque
1449 171 1493 217 dv
1511 173 1715 215 carbunculo

121 228 282 264 certiores
293 221 533 276 &stabiliores
542 222 634 276 ficut
641 226 748 277 copie,
759 238 867 278 exque
877 224 968 276 suut
976 223 1058 264 bono
1065 225 1198 280 fipore.
1231 229 1306 267 Cui
1318 229 1537 281 subscripsit,
1551 230 1574 268 si
1586 235 1710 272 modo

125 295 205 322 non
217 282 404 334 descripsit
415 309 422 322 ,
444 283 535 320 Plin.
549 283 572 319 l.
589 295 603 325 3
616 295 641 318 1.
665 293 697 318 c.
715 295 729 324 3
740 310 747 317 .
770 283 814 318 iis
825 283 963 320 verbis:
994 280 1159 320 sabulum
1176 283 1363 335 muſsulam
1383 284 1426 330 ά·
1443 299 1549 323 arena
1565 285 1710 325 carbun-

123 335 232 391 culoſst
251 349 360 377 certas
378 334 577 390 stabilesque
591 350 630 372 ac
639 333 809 386 salubres.
843 339 946 390 Quid
962 337 1004 375 fit
1015 342 1165 391 proprie
1182 353 1310 390 quove
1327 342 1519 380 vocabulo
1539 342 1559 379 a
1578 343 1709 381 nostris

124 406 280 433 notetur
291 394 550 433 Carbunculus
559 392 633 432 iste,
646 392 716 429 nes
709 395 782 432 cio,
797 392 835 429 δε
846 394 1048 432 docentem
1059 397 1224 447 expecto.
1247 397 1340 434 Haec
1351 399 1425 436 ille.
1449 398 1613 437 Cosmus
1625 400 1710 437 Bar-

124 451 196 489 toli
215 453 278 500 qui
299 450 596 489 Architectumm
617 448 759 485 Leonis
780 449 944 500 Baptistae
965 451 1116 489 Alberti
1135 454 1171 489 in
1182 454 1348 491 Italicam
1366 455 1532 505 linguam
1551 455 1706 493 transtu*

126 508 181 553 lit,
197 507 286 544 dicit
298 509 318 545 a
329 505 458 545 Tuscis
470 505 643 556 appellari
658 501 983 543 incarboucht'atam.

183 564 366 602 CARci-ffis
375 574 462 599 ΝΜ.
493 561 576 598 Lib.
590 574 622 597 x.
647 572 678 596 c.
698 573 730 604 5.
760 566 896 598 Harum
912 559 1213 600 machinationum
1229 566 1384 602 omnium
1397 591 1405 605 ‚
1430 580 1501 620 quae
1510 565 1619 619 supra
1628 563 1718 618 ficut

116 615 253 672 scripta
266 645 272 658 ,
293 619 441 655 rationes
451 646 460 661 ,
481 630 547 652 nou
555 614 651 652 modo
660 615 706 651 ad
712 613 774 652 has
786 629 841 653 res
856 646 866 661 ‚
873 615 943 667 fi'd
949 616 1193 656 adoneraudaes
1205 615 1249 658 ὠ
1261 622 1496 660 exonerandas
1507 635 1617 659 naves
1627 620 1718 672 ficut

119 684 260 727 paratae,
271 673 340 711 alix
348 672 474 712 erec'i‘ae,
486 670 684 722 altaeplanae,
696 672 733 708 iu
741 669 917 722 carchcfiu
927 671 1150 721 verfiztt'llbus
1159 674 1327 713 collocatae.
1340 678 1433 715 Item
1444 691 1478 717 c.
1491 693 1515 718 V
1524 692 1535 715 1
1551 691 1564 715 1
1574 708 1581 715 .
1594 684 1720 716 Exem-

121 730 290 783 plumque
303 727 448 783 protulit
467 729 562 764 murt
580 725 624 771 ὠ
631 725 742 778 fitpra
751 726 789 764 id
796 724 998 764 machinam
1007 730 1045 764 iu
1054 727 1220 780 carchefio
1229 730 1391 782 verfiztzlz'
1400 734 1585 785 coustituit.
1617 734 1720 770 Grae-

128 798 217 823 cum
229 786 278 822 cst
295 784 524 824 vocabulum
536 781 720 833 καμχήζιον
732 808 740 821 ,
762 782 868 832 quod
891 785 929 821 &
954 784 1077 822 Latini
1095 784 1332 836 usurparunt,
1357 788 1454 827 sensu
1466 804 1545 828 non
1558 800 1722 827 mutato.

129 842 319 880 Athena-o
330 843 367 878 in
380 839 533 890 Dipnos
545 841 672 890 poculi
683 851 800 889 genus
814 840 996 889 oblongi,
1017 841 1192 880 rotundi,
1218 844 1256 879 δ(
1276 854 1372 878 eirca
1396 847 1557 883 mediam
1578 857 1722 895 partem

128 897 342 948 compressi.
371 897 431 933 De
441 907 519 945 quo
531 896 684 932 Nonius
696 907 850 945 quoque
860 896 1080 936 Marcellus,
1095 899 1159 946 qui
1171 897 1304 947 Virgil.
1318 899 1443 937 laudat
1454 899 1603 939 AEneid.
1622 915 1633 937 1
1645 930 1653 937 .

401 956 465 988 Htc
473 950 538 987 duo
547 950 614 988 rite
623 964 715 988 mero
726 948 838 987 [dmm
852 948 1029 1002 Carchest'a
1041 949 1186 990 Baccho.

129 1011 319 1048 Caeterum
334 1007 437 1056 quod
454 1009 572 1056 magis
590 1007 635 1044 ad
653 1019 732 1045 tem
751 1006 916 1045 nostram
939 1008 1050 1053 facit,
1085 1008 1330 1048 Carchefium
1348 1009 1492 1048 summa
1509 1022 1593 1062 pars
1611 1014 1717 1050 mali.

127 1066 224 1103 unde
235 1066 333 1101 idem
348 1064 503 1100 Nonius
517 1078 524 1100 ς
536 1069 678 1099 Summa
684 1074 767 1115 pars
777 1063 875 1107 mvii,
888 1060 926 1098 ἐπ’
932 1062 1192 1113 efl.fhramlua‚
1206 1064 1415 1117 quaeficmmo
1425 1065 1620 1118 malificues
1631 1071 1719 1105 reci-

120 1122 235 1175 piunt.
254 1122 300 1158 Et
309 1118 405 1169 apud
419 1131 506 1155 eum
517 1119 687 1156 Lucilius
701 1133 707 1154 :
723 1124 856 1155 Tertm
869 1117 923 1155 hie
932 1117 1165 1172 maleficperat
1176 1119 1506 1173 Carchestafitmma.
1537 1124 1725 1162 Poculum

125 1179 237 1228 igitur
254 1176 345 1212 illud
364 1174 410 1212 ab
429 1175 591 1224 imagine
613 1175 720 1219 hujus
731 1176 867 1212 navalis
878 1174 1068 1212 Carchefii
1078 1188 1191 1225 quam
1206 1190 1278 1228 prae
1291 1178 1326 1215 se
1338 1178 1493 1223 ferebat,
1507 1191 1653 1217 nomen
1667 1192 1726 1217 ac-

126 1232 257 1283 cepiss'e
266 1232 358 1268 nulli
369 1231 531 1268 dubium
546 1255 553 1270 ‚
580 1231 716 1268 &inde
728 1243 882 1280 quoque
894 1230 1136 1269 denominata
1145 1232 1194 1269 est
1203 1234 1376 1271 tractoria
1388 1235 1449 1270 illa
1460 1235 1635 1272 machina
1647 1265 1656 1280 ‚
1677 1236 1724 1273 de

125 1290 245 1338 quain
257 1288 375 1325 citatis
384 1288 480 1323 locis
492 1288 694 1325 Vitruvius.
729 1287 789 1325 Est
809 1288 911 1324 enim
921 1287 1021 1325 trabs
1034 1289 1156 1326 etecta
1169 1316 1177 1329 ‚
1191 1289 1340 1327 robusta
1351 1290 1505 1340 quidem
1524 1293 1563 1329 &
1578 1292 1724 1328 annulis

125 1345 251 1382 ferreis
270 1343 430 1381 rev1n&a
447 1372 456 1387 ‚
485 1342 529 1379 ad
545 1342 653 1380 instar
672 1344 761 1381 mali
773 1372 783 1387 ‚
801 1344 839 1379 in
858 1346 963 1389 cujus
979 1344 1165 1394 superiore
1185 1356 1286 1395 parte
1309 1346 1436 1386 ferreae
1457 1346 1580 1384 fibulae
1591 1346 1722 1385 inserta

126 1398 322 1439 transversa
333 1399 401 1436 alia
412 1399 512 1436 trabs
520 1399 650 1437 librata
661 1401 881 1437 continetur
893 1400 929 1436 δε
942 1399 1050 1437 facile
1063 1402 1362 1440 circumvertitur
1375 1417 1382 1439 :
1405 1402 1452 1439 ab
1474 1403 1583 1440 altera
1604 1414 1721 1440 extre-

126 1459 258 1494 mirate
270 1455 375 1492 ferrei
387 1455 621 1505 harpagones
633 1455 844 1506 dependent
857 1485 866 1500 ‚
884 1457 1020 1505 quibus
1031 1468 1149 1493 onera
1160 1469 1303 1496 annexa
1310 1459 1546 1496 sublevantur
1557 1488 1567 1504 ‚
1591 1461 1628 1496 ὃς
1642 1470 1721 1496 ma-

127 1512 239 1550 china
247 1511 411 1549 vectibus
423 1511 665 1549 circumversa
676 1511 845 1548 curribus
863 1511 1042 1549 facillime
1053 1515 1311 1564 imponuntur.
1334 1517 1409 1559 eius
1421 1517 1625 1564 imaginem
1636 1513 1723 1552 affa-

127 1568 192 1605 bre
202 1566 405 1618 expressam
419 1566 644 1605 habemusin
654 1567 866 1613 majusculis
877 1568 991 1606 literis
1009 1577 1038 1604 T
1053 1577 1092 1604 Ψ.
1126 1570 1315 1608 Peretolas
1328 1570 1434 1608 hasce
1451 1572 1568 1619 vulgo
1581 1579 1722 1609 vocant

127 1626 279 1663 Veneti,
293 1623 383 1661 teste
395 1623 571 1661 Barbare.
594 1624 837 1662 Carchcfium
848 1636 964 1674 porro
973 1625 1159 1663 summam
1170 1636 1314 1676 partem
1328 1628 1429 1665 mali,
1442 1628 1585 1664 nautici
1595 1626 1723 1664 homi-

127 1692 193 1718 nes
205 1680 319 1718 hodie
329 1678 528 1724 Gabbiam,
539 1680 617 1718 hoc
628 1681 689 1719 est,
704 1693 859 1720 caveam
871 1682 1070 1731 appellant.
1086 1682 1328 1720 Trastorium
1337 1693 1523 1732 organum
1536 1683 1626 1719 illud
1639 1695 1722 1731 gra-

126 1736 241 1786 phice
257 1735 443 1786 sculptum
459 1736 583 1773 videre
599 1737 650 1774 est
669 1739 764 1774 inter
783 1737 973 1776 machinas
983 1739 1065 1775 illas
1074 1739 1211 1775 multas
1225 1737 1263 1775 δε
1274 1740 1390 1776 varias
1404 1767 1414 1784 ‚
1433 1750 1513 1788 quae
1524 1737 1722 1776 Urbinatis

127 1793 217 1829 aulae
228 1792 273 1829 ad
284 1802 426 1842 partem
436 1791 509 1829 fori
521 1792 642 1831 sedilia
653 1792 716 1831 seu
728 1793 842 1845 podia
852 1793 1071 1832 mirabiliter
1081 1804 1276 1832 exornant.

184 1848 351 1885 CARYAT
362 1859 375 1883 1
383 1859 462 1884 Des.
482 1848 566 1886 Lib.
585 1861 615 1885 1.
629 1861 660 1886 c.
679 1863 710 1886 1.
743 1847 1310 1903 Qemadmodumstquisstatuas
1318 1861 1530 1887 marmoreus
1538 1845 1723 1887 muliebres

115 1901 283 1953 stolatus,
307 1900 351 1946 ὠ·
367 1915 439 1954 quae
462 1902 660 1956 caryatides
677 1903 844 1941 dicuntur
855 1930 863 1944 ‚
887 1898 965 1943 &a
999 1906 1180 1943 Nominis
1192 1907 1377 1944 rationem
1388 1907 1549 1955 explicat
1562 1905 1720 1942 Auctor.

131 1959 352 2010 Qomodo
363 1969 486 1996 autem
498 1970 677 1998 matrona:
687 1961 755 1997 illa:
766 1990 777 2005 ‚
797 1972 878 2009 quae
891 1961 1108 2009 Caryatides
1120 1963 1298 1999 dicuntur
1308 1990 1319 2006 ‚
1338 1961 1401 1998 sub
1412 1962 1590 1999 oneribus
1601 1961 1724 1998 collo-

129 2024 315 2060 carentur,
326 2015 649 2064 inquit'Barbarus‚
659 2028 739 2053 non
751 2016 916 2053 declarat
925 2018 1131 2055 Vitruvius.
1160 2016 1367 2055 Athenaeus
1380 2017 1478 2054 vIoco
1487 2017 1659 2066 quodam
1670 2017 1724 2052 vi-

131 2070 237 2107 detur
246 2072 400 2108 innuere
412 2097 420 2111 ‚
443 2083 504 2108 eas
516 2071 650 2109 sinistra
659 2084 775 2110 manu
785 2071 925 2109 sublata
934 2072 979 2109 ad
991 2072 1141 2123 pondus
1150 2099 1158 2112 ,
1184 2074 1296 2111 altera
1305 2073 1446 2120 deice-ta
1456 2071 1594 2110 stetiss'e.
1627 2073 1726 2108 Puto

132 2137 206 2174 ego
219 2126 322 2174 plura
333 2126 577 2173 Caryatidum
587 2140 721 2177 genera
729 2128 886 2174 fuifl‘e,&
898 2129 1098 2166 muliebres
1111 2128 1245 2166 statuas
1255 2128 1276 2165 ἐι
1286 2130 1414 2180 primis
1428 2129 1499 2165 illis
1510 2127 1724 2175 Caryatidas

133 2180 236 2219 fuiffe
248 2181 460 2231 appellatas.

191 2237 354 2273 CASTEL
364 2248 452 2272 LVM.
483 2235 568 2271 Lib.
581 2250 627 2273 Vl
640 2250 653 2273 1
669 2250 681 2273 1
692 2266 700 2273 .
719 2248 752 2273 c.
764 2250 799 2280 7.
834 2242 991 2288 Cumque
1000 2239 1142 2274 venerit
1151 2235 1326 2274 admoenia
1348 2237 1643 2287 (aquavidelicct
1651 2238 1721 2273 rite

134 2293 279 2332 librata)
301 2288 473 2340 efficiatur
482 2289 661 2338 czsteffum,
680 2289 723 2334 ὠ·
731 2289 857 2338 castello
877 2293 1116 2340 conjund't'um,
1132 2291 1181 2328 ad
1189 2291 1418 2344 recipiendam
1428 2306 1552 2345 aquam
1563 2319 1571 2332 ‚
1595 2291 1727 2344 triplex

133 2344 360 2397 emzffizrium.
391 2346 527 2383 Baldus
539 2360 547 2383 :
561 2346 682 2394 Aquae
694 2347 1016 2395 conceptaculum
1028 2347 1092 2392 est,
1101 2347 1202 2384 unde
1213 2359 1258 2384 ex
1269 2360 1372 2397 aquae
1385 2348 1497 2386 duCtu
1507 2348 1724 2386 distribuen-

135 2405 182 2442 da
192 2403 241 2440 est
250 2403 452 2452 publicitus
465 2415 529 2452 per
539 2402 668 2439 urbem
678 2413 787 2451 aqua.
808 2402 899 2438 Hoc
910 2401 988 2440 fere
997 2415 1042 2441 ex
1051 2402 1223 2455 Ulpiano
1234 2404 1402 2442 Pandest.
1416 2406 1479 2443 lib.
1491 2419 1556 2451 43.
1573 2404 1618 2441 de
1628 2415 1722 2452 aqua

136 2459 307 2497 cotid.L.
326 2471 356 2495 1.
388 2458 540 2496 Budaeus
560 2469 650 2495 veto
670 2460 794 2508 paucis
812 2458 931 2496 verbis
947 2471 1025 2497 rem
1038 2462 1230 2497 terminat:
1259 2458 1498 2513 Castellafimt
1516 2457 1724 2497 derivacula

134 2514 288 2569 quaedam
297 2514 431 2552 laxiora
443 2544 453 2559 ‚
464 2518 564 2551 certis
569 2514 692 2565 spatzu
701 2512 905 2560 emodulata,
917 2527 962 2551 ex
973 2512 1093 2568 quibus
1105 2526 1170 2568 per
1176 2514 1317 2567 fis‘lulus
1326 2530 1416 2569 aqua
1426 2518 1465 2553 iu
1476 2517 1579 2553 varia
1588 2514 1658 2550 loca
1669 2512 1724 2550 di-

123 2571 165 2622 st
168 2568 324 2609 rzhuitar
336 2600 346 2615 ,
363 2567 400 2606 id
405 2572 455 2606 eft
466 2600 476 2614 ‚
495 2572 533 2606 iu
543 2570 647 2607 vlllas
656 2568 699 2614 (jv
706 2571 869 2622 pretoria
879 2568 1059 2612 nobilium,
1071 2569 1211 2608 indultu
1220 2573 1397 2626 Principis.
1427 2573 1527 2609 Hinc
1538 2569 1725 2607 castellani

138 2628 355 2666 dicebantur
375 2625 610 2664 castellorum
628 2627 810 2672 ejusmodi
832 2638 1017 2664 curatores
1037 2628 1262 2666 custodcsve.
1297 2629 1430 2666 Extant
1448 2626 1561 2664 hodie
1582 2627 1723 2664 Roma:

139 2683 376 2721 castellorum
388 2682 433 2720 de
444 2683 578 2732 quibus
587 2684 729 2732 agimus
738 2683 885 2732 vestigia
896 2683 1114 2722 semidiruta.
1148 2684 1273 2721 Nostri
1291 2684 1442 2721 aedificia
1463 2682 1540 2720 haec
1560 2681 1722 2719 Piscinas

137 2751 251 2790 atque
264 2739 469 2777 Conservas
478 2739 678 2790 appellant.
697 2739 795 2779 Vide
805 2740 1034 2779 Marlianum
1047 2741 1093 2778 de
1104 2740 1234 2789 Antiq.
1247 2741 1365 2777 Rom.
1377 2739 1478 2785 lib.4.
1490 2751 1520 2776 c.
1531 2754 1550 2776 2
1561 2750 1576 2775 1
1586 2767 1592 2774 .
1602 2737 1641 2774 &
1653 2750 1723 2775 ca'-

139 2805 243 2834 teros
256 2796 513 2845 Antiquarios.

197 2852 557 2890 CATAeECAVMENE.
579 2850 663 2888 Lib.
672 2865 684 2888 1
693 2865 718 2889 1.
731 2863 764 2888 c.
777 2857 815 2889 6.
843 2847 885 2888 Id
892 2851 1266 2905 autemgeuusspougiae
1277 2851 1339 2897 (de
1349 2849 1406 2888 his
1417 2851 1596 2900 loquitur,
1608 2851 1646 2887 ὃ(
1659 2860 1725 2900 pu-

141 2907 318 2949 micibus)
331 2907 420 2960 quod
425 2906 506 2945 inde
515 2908 696 2947 eximitur,
707 2921 775 2944 nou
783 2908 821 2944 iu
830 2903 982 2944 omnibus
991 2905 1066 2945 locis
1076 2904 1237 2959 nascitur,
1251 2906 1321 2957 72ss
1326 2908 1414 2944 circa
1424 2910 1591 2946 QAEtnam
1601 2899 1644 2944 ἀ·
1656 2903 1724 2941 col-

141 2959 227 2999 lzbus
237 2962 363 3015 asystag
373 2977 443 3017 quae
454 2961 478 3002 ἰι
489 2968 610 3002 Graecc's
619 2957 896 3015 καζικεκοωμῦῴη
906 2966 1118 3003 nominatur.
1137 2963 1273 3003 Baldus
1287 2977 1294 3002 :
1315 2962 1353 3002 A
1362 2964 1479 3004 verbo
1488 2959 1723 3012 ‚taumatia

1145 3026 1176 3058 C
1204 3030 1220 3060 3
1617 3027 1725 3054 com-
