2023 3162
243 63 318 90 aoo
626 49 1468 90 M.V1Tiruv11Poti.ioNis

242 120 436 160 naturales,
451 116 779 170 pneumaticasque
791 130 845 154 res
856 120 1007 156 invenit.
1037 118 1108 155 Sed
1120 121 1171 155 uti
1183 118 1331 157 fuerunt
1344 131 1386 156 ea
1398 118 1584 169 exquisita,
1595 121 1749 171 dignum
1764 121 1831 159 stu-

243 175 354 214 diosis
368 175 416 213 est
429 175 642 226 agnoscere.
674 172 860 211 Ctesibius
872 175 971 211 enim
983 174 1002 210 s
1001 185 1102 212 uerat
1115 174 1344 213 Alexandriae
1357 185 1481 215 natus,
1498 186 1596 227 patre
1607 178 1775 214 tonsore:
1799 180 1830 215 is

245 233 401 282 ingenio
412 231 447 267 δε
460 230 633 268 industria
644 240 776 278 magna
787 240 916 278 praeter
926 231 1090 279 reliquos
1101 231 1302 271 excellens,
1324 231 1440 267 dietus
1451 230 1501 268 est
1512 231 1711 270 artificiosis
1723 234 1831 270 rebus

243 287 278 324 se
290 288 481 325 delectare.
513 288 690 334 Namque
704 296 794 321 cum
817 284 982 322 voluisset
992 287 1030 322 in
1042 286 1193 323 taberna
1214 285 1385 336 suipatris
1399 286 1586 337 speculum
1599 288 1647 325 ita
1656 289 1828 338 pendere.

244 354 284 380 ut
297 355 385 380 cum
398 343 615 380 educeretur
628 368 637 384 ‚
657 339 1133 388 sursumque-reduceretur,
1155 343 1249 378 linea
1260 343 1376 380 latens
1386 341 1534 392 pondus
1545 342 1742 381 deduceret
1753 370 1761 383 ,
1781 345 1833 381 ita

245 399 448 436 collocavit
468 396 803 434 machinationem.
834 395 1012 434 Canalem
1023 398 1189 446 ligneum
1200 396 1262 435 sub
1281 399 1388 447 tigno
1405 396 1497 442 fixit,
1515 397 1639 445 ibique
1650 399 1832 437 trochleas

245 455 447 491 collocavit
459 481 467 496 ‚
487 464 550 502 per
563 451 731 488 canalem
746 452 804 497 [e]
818 452 953 490 lineam
966 455 1004 489 in
1015 454 1190 502 angulum
1203 452 1353 490 deduxit
1366 483 1375 498 ‚
1393 453 1518 502 ibique
1528 453 1682 490 tubulos
1694 453 1829 500 struxit,

245 511 284 546 iri
296 521 360 547 eos
372 508 485 558 pilam
497 507 714 558 plumbeam
724 518 787 558 per
798 507 935 545 lineam
946 508 1216 546 demittendam
1229 510 1378 547 curavit:
1391 510 1439 546 ita
1450 507 1596 559 pondus
1607 520 1694 545 cum
1705 509 1831 547 decur-

246 565 413 601 rendoin
431 562 613 613 angustias
625 562 844 601 tubulorum
863 575 1048 614 premerer
1065 565 1156 602 coeli
1170 564 1403 602 crebritatem
1417 590 1425 604 ‚
1448 564 1660 603 vehementi
1680 563 1832 603 decursu

246 631 311 669 per
323 619 449 656 fauces
469 619 716 668 frequentiam
736 619 829 656 coeli
848 618 1121 670 compressione
1140 619 1331 657 solidatam
1354 621 1551 658 extrudens
1573 621 1611 656 in
1630 620 1756 657 aerem
1767 631 1832 669 pa-

247 685 406 720 tentem,
419 673 630 712 offensione
641 676 677 711 &
689 673 787 712 tastu
805 674 943 713 sonitus
955 675 1167 727 expresserat
1187 676 1404 714 claritatem.
1435 677 1535 726 Ergo
1549 674 1732 713 Ctesibius
1744 687 1833 714 cum

249 730 558 768 animadvertiss'et
570 760 579 775 ‚
591 743 633 768 ex
648 727 725 781 [f]
736 729 835 767 tactu
848 732 987 769 coeli&
1000 730 1288 783 expressionibus
1305 731 1444 782 spiritus
1456 732 1640 780 vocesque
1650 731 1762 770 nasci,
1780 730 1835 769 his

244 787 434 837 principiis
449 786 527 824 usus
538 816 549 832 ‚
567 788 640 838 [g]
653 785 882 833 hydraulicas
901 787 1094 826 machinas
1113 790 1256 838 primus
1268 787 1430 825 instituit.
1460 789 1557 825 Item
1577 798 1760 836 aquarum
1772 798 1836 825 ex-

245 840 447 892 pressiones
466 839 532 888 [h]
553 838 749 891 αύπμαίτες
760 843 920 891 porreffi
938 843 1287 892 rotundationisque
1307 843 1514 883 machinas,
1537 843 1727 892 multaque
1746 842 1836 879 deli-

246 899 387 935 ciarum
398 910 531 947 genera
543 923 551 937 ‚
576 899 612 934 in
625 898 679 934 his
700 898 813 934 etiam
833 897 1124 948 horologiorum
1142 911 1185 937 ex
1204 911 1297 949 aqua
1314 901 1632 950 comparationes,
1644 898 1832 948 explicuit.

247 954 447 1002 Primumq3
461 952 655 991 constituit
666 963 796 990 cavum
808 963 851 988 ex
863 965 953 991 auro
963 953 1183 1005 perfestum,
1194 966 1255 993 aut
1266 967 1309 992 ex
1320 967 1467 1005 gemma
1480 955 1672 992 terebrata:
1682 965 1724 990 ea
1734 956 1835 990 enim

246 1021 319 1046 nec
340 1018 510 1047 teruntur
526 1007 695 1059 percuss'u
713 1018 814 1056 aquae
831 1037 841 1053 ,
860 1020 933 1046 nee
953 1010 1075 1048 sordes
1096 1012 1279 1062 recipiunt
1291 1040 1302 1056 ‚
1331 1023 1372 1049 ut
1390 1011 1623 1048 obturentur.
1657 1010 1837 1058 Namque

247 1065 436 1114 aequaliter
446 1077 510 1114 per
519 1065 555 1101 id
568 1075 701 1101 cavum
712 1064 867 1101 influens
878 1076 973 1114 aqua
989 1066 1153 1105 sublevat
1165 1065 1338 1118 scapham
1348 1067 1473 1104 invers
1467 1079 1544 1105 um.
1558 1065 1681 1114 (qnod
1692 1065 1738 1103 ab
1751 1066 1838 1102 arti-

248 1119 379 1157 ficibus
390 1121 537 1170 phellos
549 1118 619 1158 sive
633 1129 858 1171 tympanum
872 1121 1006 1161 dieitur
1021 1123 1047 1170 z)
1061 1124 1098 1160 in
1111 1134 1190 1172 quo
1208 1123 1398 1161 collocata
1408 1123 1544 1172 regula,
1557 1121 1732 1160 versatilia
1742 1131 1838 1169 tym-

249 1187 343 1226 pana
354 1175 552 1214 denticulis
570 1177 768 1225 aequalibus
785 1174 865 1213 sunt
885 1177 1063 1228 perfecta:
1084 1180 1148 1228 qui
1159 1177 1335 1216 denticuli
1353 1179 1441 1216 alius
1452 1180 1564 1215 aliurn
1585 1177 1836 1227 impellentes,

249 1232 470 1269 versationes
479 1233 647 1269 modicas
658 1231 800 1269 faciunt
821 1234 859 1269 &
880 1236 1081 1272 motiones.
1112 1236 1209 1272 Item
1220 1236 1296 1272 aliae
1308 1234 1439 1284 regulae
1452 1235 1599 1282 aliaque
1609 1242 1781 1282 tympana
1792 1231 1838 1269 ad

250 1287 413 1325 eundem
425 1289 585 1326 modum
597 1287 756 1331 dentata,
770 1284 818 1339 [z]
832 1300 911 1338 quae
923 1301 993 1328 una
1005 1292 1179 1328 motione
1192 1291 1335 1335 cousin,
1346 1289 1525 1329 versando
1536 1288 1674 1325 faciunt
1685 1285 1839 1325 effectus

249 1343 511 1393 varietatesque
523 1345 741 1382 motionum
753 1373 763 1388 ‚
782 1347 818 1380 in
830 1344 963 1393 quibus
977 1357 1175 1384 moventur
1193 1346 1306 1397 sigilla
1318 1372 1326 1386 ‚
1348 1355 1541 1383 vertuntur
1553 1354 1680 1385 mette,
1704 1342 1838 1382 calculi

250 1408 316 1435 aut
327 1410 415 1436 tona
426 1401 675 1451 projiciuntur
686 1426 694 1439 ,
709 1399 877 1438 buccinae
890 1413 1036 1440 canunt,
1051 1404 1262 1452 reliquaque
1273 1413 1434 1452 paterga.
1466 1403 1506 1438 ln
1520 1399 1574 1437 his
1586 1400 1710 1444 etiam,
1724 1399 1838 1436 autin

250 1455 444 1500 columna,
456 1466 516 1494 aut
527 1456 860 1506 parastatica,horae
874 1457 1138 1504 describuntur,
1148 1471 1236 1508 quas
1249 1457 1403 1508 sigillum
1416 1455 1605 1507 egrediens
1617 1454 1663 1492 ab
1674 1457 1755 1492 imo
1765 1456 1838 1492 vir-

249 1510 347 1558 gulae
357 1509 538 1560 significat
549 1514 587 1549 in
599 1512 698 1549 diem
711 1522 836 1549 totum
847 1541 857 1556 ‚
877 1526 1035 1563 quarum
1047 1514 1238 1552 brevitates
1250 1524 1312 1552 aut
1323 1513 1538 1551 crescentias
1552 1522 1760 1550 cuneorum
1774 1509 1836 1548 ad-

248 1565 365 1612 jectus
375 1577 438 1604 aut
449 1569 698 1618 exemptus,in
709 1567 856 1616 singulis
868 1569 995 1607 diebus
1007 1572 1043 1608 ὃς
1056 1569 1251 1610 mensibus,
1265 1569 1439 1620 perficere
1451 1568 1567 1618 cogit.
1579 1565 1838 1605 Praeclusiones

253 1622 497 1670 aquarum,ad
511 1625 860 1673 temperanduni‚ita
876 1624 957 1663 sunt
965 1626 1182 1664 constitutae.
1194 1626 1305 1664 Metae
1315 1624 1408 1662 fiunt
1420 1625 1590 1670 duae‚una
1600 1622 1842 1663 solida,altera

253 1688 343 1714 cava
354 1690 396 1715 ex
408 1689 524 1715 torno
535 1707 544 1723 ‚
564 1681 611 1716 ita
621 1678 789 1730 perfcffle
803 1708 813 1725 ‚
822 1691 862 1718 ut
873 1682 940 1718 alia
952 1683 987 1718 in
1001 1682 1110 1720 aliam
1122 1684 1213 1718 inire
1226 1682 1505 1730 convenireque
1515 1677 1645 1730 possit:
1660 1679 1695 1716 ἃ
1709 1677 1836 1715 eadem

250 1733 375 1780 regula
385 1735 524 1771 laxatio
537 1747 663 1772 carum
683 1747 745 1773 aut
764 1739 947 1774 coartatio
968 1736 1104 1775 efficiat
1117 1766 1126 1781 ,
1148 1747 1208 1775 aut
1227 1736 1491 1776 vehementem
1505 1762 1511 1774 .
1535 1745 1600 1772 aut
1611 1737 1732 1772 lenem
1743 1733 1781 1769 in
1793 1742 1838 1769 ea

249 1786 333 1825 vasa
342 1799 442 1836 aquae
454 1789 673 1828 influentem
685 1791 841 1829 cursum.
857 1793 912 1830 Ita
921 1792 975 1830 his
988 1792 1204 1833 rationibus,
1214 1792 1250 1828 &
1264 1792 1542 1830 machinatione
1553 1802 1597 1828 ex
1607 1801 1710 1837 aqua,
1728 1798 1839 1824 com-

250 1844 739 1894 ponunturhorologiorum
751 1848 796 1885 ad
813 1847 1018 1896 hybernum
1036 1848 1139 1886 usum
1159 1849 1445 1885 collocationes.
1476 1847 1541 1883 Sin
1551 1854 1677 1881 autem
1696 1854 1839 1881 cuneo-

251 1910 333 1935 rum
353 1899 620 1945 adjectionibus
644 1901 680 1937 δι
700 1901 988 1940 detractionibus
1008 1905 1262 1953 correptiones
1281 1902 1423 1940 dierum
1443 1911 1505 1939 aut
1533 1897 1740 1937 crescentiae
1759 1909 1837 1934 r-ion

249 1953 505 2003 probabuntur
516 1980 524 1993 ,
547 1955 651 2004 quod
665 1958 776 1993 cunei
788 1955 977 2006 saepissime
989 1959 1075 1995 vitia
1087 1957 1227 1995 faciunt
1239 1983 1247 1996 ,
1267 1956 1316 1994 fic
1329 1960 1396 1995 erit
1407 1954 1684 2007 explicandum.
1714 1955 1757 1990 ln
1772 1965 1837 1991 co-

248 2010 402 2046 lumella
414 2008 512 2047 horae
524 2022 567 2047 ex
579 2011 831 2048 analemmatis
842 2011 1035 2049 transverse
1046 2011 1295 2050 describantur
1308 2041 1318 2057 ,
1331 2011 1597 2060 menstruaeque
1608 2012 1711 2047 lineae
1723 2010 1758 2046 in
1772 2021 1840 2046 co-

248 2064 400 2102 lumella
409 2064 594 2114 signentur
606 2095 616 2110 ‚
635 2077 756 2116 eaque
774 2068 976 2105 columella
989 2067 1161 2106 versatilis
1181 2067 1386 2118 perficiatur
1399 2093 1407 2107 ‚
1430 2069 1483 2106 uti
1493 2066 1537 2103 ad
1551 2066 1707 2115 sigillum
1718 2067 1840 2115 virgu-

251 2120 402 2169 lamque
428 2122 554 2169 (quus
572 2122 722 2170 vii-gula:
741 2123 931 2171 egrediens
951 2123 1108 2173 sigillum
1127 2122 1284 2161 ostendit
1302 2124 1436 2171 horas)
1459 2124 1641 2160 columna
1658 2120 1840 2160 versando

254 2178 510 2216 continenter,
536 2175 604 2213 suis
613 2176 818 2226 quibusque
830 2177 1012 2216 mensibus
1024 2179 1221 2217 brevitates
1244 2179 1281 2216 δε
1301 2178 1517 2218 crescentias
1527 2176 1637 2216 faciat
1648 2176 1836 2214 horarum.

253 2231 365 2268 Fiunt
374 2233 569 2271 etiamalio
581 2244 713 2282 genere
725 2234 925 2283 horologia
937 2234 1112 2284 hyberna,
1128 2247 1209 2285 qua:
1222 2236 1421 2287 anaporica
1431 2235 1602 2272 dicuntur
1612 2260 1620 2274 ‚
1640 2231 1841 2286 perficiun-

1702 2298 1839 2337 turque

278 2403 386 2441 fiendis)
396 2405 448 2433 Sole
456 2405 531 2432 horas
539 2426 546 2436 ,
564 2406 688 2434 Solarium
699 2415 799 2443 captum
807 2407 933 2444 appellari.
960 2409 1049 2445 Atque
1059 2406 1114 2434 haec
1123 2405 1268 2445 horologia
1278 2407 1384 2446 aquaria
1393 2406 1461 2435 haud
1472 2406 1559 2434 minus
1570 2416 1649 2444 quarn
1659 2405 1756 2434 Solaria
1766 2426 1773 2439 ,
1781 2405 1842 2433 die-

280 2455 341 2473 tum
351 2445 427 2473 horas
439 2455 517 2484 prout
527 2446 660 2474 breviores
669 2445 751 2475 essent
761 2457 805 2475 aut
816 2447 967 2487 longiores,
989 2446 1181 2475 contrahebant
1201 2457 1245 2475 aut
1267 2447 1449 2486 producebant
1462 2468 1468 2480 ‚
1487 2447 1613 2485 diemque
1632 2447 1658 2474 in
1677 2446 1753 2474 horas
1771 2445 1841 2473 duo-

278 2485 367 2514 decim
384 2486 519 2525 aequaliter
530 2487 682 2515 dividebant
695 2508 701 2520 ‚
720 2497 793 2526 aeque
803 2498 832 2516 ac
842 2488 939 2515 Solaria
950 2507 957 2520 ‚
977 2488 1018 2516 sed
1029 2491 1053 2516 Sc
1066 2488 1174 2516 nostem
1181 2497 1287 2526 quoque
1298 2489 1324 2516 in
1334 2488 1448 2516 totidem
1459 2508 1466 2521 ,
1485 2487 1557 2526 quod
1568 2497 1594 2515 in
1607 2487 1712 2515 Solariis
1722 2481 1773 2515 effe
1782 2495 1840 2514 non

285 2535 400 2565 poterat.

252 2569 278 2601 e]
306 2566 453 2596 l’hilander.
477 2567 507 2595 Id
516 2568 551 2596 est
563 2589 570 2601 ‚
588 2566 738 2597 funiculum
749 2589 755 2600 ‚
775 2578 803 2597 ur
813 2568 874 2596 alibi
884 2568 1051 2606 interpretati
1063 2568 1158 2597 sumus.
1179 2569 1268 2596 Vrirui·
1279 2572 1302 2598 3<
1313 2568 1358 2596 lib.
1371 2579 1409 2597 iv.
1422 2578 1479 2607 cap.
1491 2578 1519 2601 4.
1541 2568 1583 2596 Sic
1596 2567 1722 2596 Palladius
1731 2566 1778 2595 lib.
1789 2575 1841 2595 ιιι.

287 2617 343 2646 cap.
357 2619 382 2639 9.
406 2610 520 2638 Limam,
532 2610 617 2648 inquit
630 2630 636 2641 ,
650 2610 762 2645 servatis
779 2611 807 2636 tis
821 2609 908 2645 spatiis
924 2618 974 2647 qua
991 2609 1118 2646 placuerit
1127 2609 1256 2644 custodire»
1267 2610 1379 2638 camlidbs
1388 2608 1468 2648 fignis
1480 2629 1488 2640 ·
1509 2609 1552 2636 vel
1561 2608 1757 2647 quibuftumqu‘
1766 2615 1841 2634 ΝΜ*

286 2648 369 2675 bimus
379 2669 385 2678 ,
405 2657 467 2676 tunc
477 2650 546 2685 tenfiz
559 2658 604 2687 per
614 2649 732 2676 tabulam
743 2649 816 2680 linea,
829 2647 861 2680 ὅ
863 2659 882 2677 c.

242 2687 280 2724 f]
303 2688 386 2716 Idem.
409 2689 492 2717 Nullo
501 2691 613 2729 negotio
624 2690 736 2717 vidimus
748 2689 916 2718 scribendum
926 2687 976 2718 effe
988 2700 1020 2718 cx
1030 2691 1111 2719 radin.
1129 2691 1202 2728 (ante
1209 2691 1276 2718 enim
1286 2689 1418 2727 legebatur
1427 2689 1539 2726 tractu.)
1552 2689 1723 2718 nihilominus
1733 2688 1842 2727 putavi-

284 2737 340 2755 mus
352 2729 541 2762 adnotandum.
554 2740 585 2757 ne
596 2729 754 2758 oscitantem
765 2728 878 2768 fugeret.

244 2768 276 2805 g]
306 2768 474 2836 Ῑάεῐηὶζίοε
490 2770 589 2799 Plinius
599 2768 680 2799 refert
690 2771 764 2799 dicto
775 2781 873 2800 xxxvxx
881 2792 886 2798 .
895 2781 950 2810 cap.
962 2776 986 2801 Sc
1005 2771 1147 2801 Athenaeus
1162 2770 1208 2800 lib.
1217 2781 1256 2799 iv.
1267 2770 1424 2811 diphosoph.
1435 2770 1468 2800 de
1476 2769 1633 2810 hydraulicis
1643 2769 1697 2798 dixi
1706 2769 1801 2803 mode,
1811 2773 1838 2798 Sc

285 2816 342 2846 cap·
354 2818 375 2835 Ι.
397 2820 402 2835 l
426 2830 430 2835 .
444 2820 464 2836 1·

249 2847 280 2883 h]
298 2848 386 2875 ⁴ldem.
407 2849 478 2878 idest
489 2871 495 2882 .
515 2851 647 2879 ultroneas
658 2873 664 2884 ,
685 2852 849 2891 spontaneas.
872 2853 951 2882 Fiunt
961 2862 1051 2882 autem
1067 2852 1194 2882 machinis
1204 2851 1246 2880 sua
1263 2850 1355 2890 sponte
1366 2850 1560 2880 versatilibus&
1571 2861 1616 2890 per
1633 2850 1657 2881 sc
1668 2851 1758 2881 motis.
1784 2849 1839 2881 ὁὶ)

281 2889 540 2922 αόπμςιππωηῇκῆς
552 2892 669 2919 Heroiiis
681 2893 747 2920 liber
767 2892 893 2933 legendus
904 2894 948 2923 cst.
969 2894 1097 2925 Meminit
1108 2895 1189 2925 etiam
1200 2892 1344 2923 Politianus
1355 2890 1496 2925 miscell-³¹¹·
1507 2901 1625 2932 ⁶³1³·97r

252 2930 275 2964 i]
305 2929 388 2959 Idem.
409 2933 477 2959 Ante
487 2930 625 2971 legebatur
636 2933 796 2962 monitione.
1124 2934 1133 2935 ’

1720 2975 1750 3010 k]
1759 2973 1841 3003 Idem.
