2023 3162
578 80 994 121 COMMENTARIVS
1039 91 1097 119 DE
1137 79 1381 123 PICTVRA.
1725 96 1771 130 59

170 149 292 186 lorem
305 148 425 188 enim,
448 158 491 186 ac
503 148 728 186 tricolorem
747 160 828 186 non
846 148 1004 200 possunt.
1037 149 1143 186 Puris
1162 151 1276 186 etiam
1293 147 1486 187 coloribus
1496 149 1655 200 pingunt
1665 156 1772 192 ocei-

171 204 334 241 dentales
345 203 448 244 Indi,
476 204 688 250 cujusmodi
707 203 799 242 liber
810 216 904 242 unus
924 206 1070 242 extatin
1082 204 1310 243 bibliotheca
1330 206 1523 244 Vaticana.
1554 206 1702 246 PicTtura
1713 211 1768 248 bi-

169 262 279 298 color
289 257 413 298 effecit
424 262 639 298 umbrarum
651 261 857 307 adjeffione
872 290 881 305 ,
894 271 932 299 ut
942 271 1104 312 corpora
1117 259 1365 299 intumescere
1376 262 1597 303 viderentur,
1613 263 1650 301 δε
1660 265 1764 313 quasi

164 316 391 354 solidescere.
426 316 546 363 Hujus
555 315 736 365 nusquam
746 317 900 354 memini
920 317 1085 354 Plinium
1095 319 1332 355 mentionem
1343 317 1477 366 facere.
1493 317 1512 354 a
1524 320 1764 359 monochro—

163 382 267 410 mate
278 374 378 409 enim
388 371 510 410 transit
529 373 575 409 ad
585 373 764 422 picturam
784 373 950 410 numeris
967 372 1148 409 omnibus
1166 372 1390 411 absolutam.
1422 374 1529 412 Cum
1548 384 1675 412 tamen
1686 388 1760 414 no-

163 426 240 464 stris
259 429 494 478 temporibus
516 428 634 465 multa
655 427 724 465 siut
744 427 852 475 hujus
864 429 987 479 operis
1007 429 1194 478 exempla,
1216 430 1255 465 in
1274 430 1407 478 quibus
1417 430 1523 467 nullo
1535 430 1682 477 adjecto
1704 434 1759 470 lu,

163 485 266 520 mine
277 513 286 528 ‚
306 483 395 520 nihil
406 483 451 520 ad
463 483 662 534 grapliiccn
674 495 801 533 praeter
811 484 982 521 umbram
993 484 1149 525 accedit.
1175 486 1212 522 δε
1222 484 1334 522 habet
1344 496 1469 523 tamen
1486 486 1631 523 Pinara
1641 499 1758 526 venu-

163 538 306 576 statem.
329 539 416 584 Hoc
425 538 501 576 fere
510 551 643 589 genere
652 540 812 590 pictores
823 541 950 577 vultus
962 541 1125 591 primum
1134 541 1174 577 in
1186 541 1310 578 charta
1320 543 1520 582 imitantur,
1533 554 1611 592 quo
1622 543 1756 581 deinde

161 595 337 645 exemplo
347 595 428 644 plus
439 606 615 633 accurate
627 594 832 646 perficiunt.
862 596 1081 633 Bicolorem
1093 595 1188 634 hanc
1206 597 1386 649 pisturam
1400 609 1448 635 co
1458 597 1546 636 dico
1560 627 1572 643 ‚
1593 599 1699 648 quod
1709 599 1756 637 ad

159 650 485 688 monochromata
502 650 627 688 referri
645 662 724 688 non
735 649 867 700 possit,
888 663 977 688 cum
989 650 1078 689 huic
1097 663 1227 702 praeter
1246 654 1417 691 colorem
1436 654 1626 692 extensum
1648 656 1684 692 in
1697 666 1753 693 ta-

159 706 244 744 bula
255 735 265 751 ‚
283 707 435 744 accedat
446 707 587 747 umbra,
601 707 712 744 color
721 707 812 743 alius
822 708 842 743 a
852 707 1024 752 subjecto.
1059 708 1130 744 Sed
1140 720 1211 747 nec
1223 708 1267 746 ad
1278 711 1501 747 tricolorem
1512 710 1692 760 pic'turam
1701 724 1754 748 re-

157 761 242 798 ferri
253 762 374 812 potest
386 762 539 811 ‚quiain
552 762 637 801 hac,
664 771 705 799 ut
725 761 911 801 dicemus,
926 762 1054 799 lumen
1065 763 1112 800 ab
1130 764 1261 802 umbra
1280 775 1377 803 tono
1390 764 1612 803 discernitur.
1691 780 1756 805 uo-

157 820 257 854 cirea
268 820 415 855 tertiam
427 816 448 853 s
441 819 587 868 peciem
600 816 739 854 necesse
748 816 819 854 fuit
829 816 1050 854 constituere
1061 820 1224 856 mediam
1237 821 1332 858 inter
1344 821 1668 860 monochromata
1680 848 1688 861 ,
1713 825 1753 860 ὃς

154 874 333 923 ΡΞᾶω-επη
353 874 584 910 tricolorem.
614 873 808 917 Tandem,
827 874 948 922 inquit
967 873 1122 919 Plinius,
1140 873 1174 912 se
1196 887 1250 912 ars
1270 876 1342 925 ipsa
1353 876 1531 916 distinxit,
1553 877 1591 915 δε
1611 880 1753 917 invenit

153 930 283 967 lumen
294 939 406 978 atque
416 928 582 969 umbras,
606 927 812 966 differentia
823 930 1000 966 colorum
1013 929 1150 968 alterna
1160 932 1243 967 vice
1258 927 1327 968 sese
1338 934 1536 970 excitante.
1569 935 1752 971 Trieolo-

153 996 232 1022 rem
244 987 304 1022 hic
315 985 493 1035 picturam
503 984 676 1022 ostendit.
708 984 765 1022 Est
778 986 876 1021 enim
888 984 948 1022 hic
965 985 1076 1022 color
1087 984 1255 1023 extensus
1266 988 1305 1024 in
1317 987 1445 1025 tabula
1462 987 1572 1024 instar
1581 988 1746 1035 subjecti,

152 1041 298 1078 medius
310 1043 405 1077 inter
415 1040 642 1078 umbram&
665 1040 794 1077 lumen
806 1069 815 1084 ,
833 1039 962 1078 sensim
973 1040 1017 1076 ad
1029 1050 1232 1091 utrumque
1243 1043 1448 1091 porrectus.
1481 1043 1571 1081 Haec
1584 1046 1651 1082 tria
1664 1057 1752 1082 cor-

151 1108 222 1146 pus
243 1096 401 1147 plenum
422 1096 458 1132 &
480 1095 640 1133 solidum
662 1095 820 1133 faciunt.
851 1097 970 1134 Scdin
983 1095 1166 1134 sociandis
1177 1098 1372 1136 coloribus
1383 1097 1589 1137 adhibenda
1600 1101 1648 1137 est
1661 1112 1750 1138 cura

151 1153 249 1189 circa
262 1151 430 1190 transitus
442 1152 620 1189 colorum
634 1178 642 1191 ,
665 1162 704 1188 ut
715 1153 878 1189 molliter
890 1153 1029 1189 coeant
1049 1153 1248 1190 indiscretis
1271 1153 1536 1191 commiffuris.
1569 1155 1652 1193 Huc
1664 1168 1748 1205 per-

149 1208 242 1245 tinet
253 1207 344 1245 illud
357 1207 485 1245 nobile
498 1217 684 1244 certamen
696 1204 978 1258 inter'Apellem
990 1207 1026 1245 ἃ
1037 1208 1289 1258 Protogenem
1301 1209 1405 1246 valde
1418 1209 1657 1248 celebratum.
1671 1213 1746 1249 Ta-

148 1263 256 1301 metsi
268 1265 378 1314 pauci
397 1263 608 1301 admodum
629 1263 834 1313 intelligant
853 1264 899 1301 de
918 1276 996 1314 quo
1015 1265 1110 1302 inter
1121 1265 1270 1302 nobiles
1287 1266 1372 1302 illos
1382 1265 1538 1303 artifices
1562 1276 1745 1305 certatum

150 1318 273 1356 fuerit.
305 1318 422 1370 Qod
443 1328 628 1356 certamen
639 1318 689 1356 sic
709 1317 869 1374 a-Plinio
890 1319 1126 1366 describitur,
1153 1331 1193 1359 ut
1204 1322 1273 1358 illis
1294 1321 1525 1371 temporibus
1546 1321 1746 1372 vulgatiffi-

150 1386 271 1411 mum.
287 1374 430 1412 Scitum
442 1374 506 1418 est,
517 1376 638 1424 inquit
651 1405 661 1419 ‚
672 1377 766 1413 inter
777 1375 1032 1426 Protogenem
1046 1406 1055 1421 ,
1065 1376 1101 1413 ἃ
1114 1389 1212 1421 eum,
1228 1376 1288 1423 (de
1302 1377 1436 1427 Apelle
1447 1377 1627 1428 loquitur)
1639 1377 1746 1427 quod

148 1430 295 1468 accidit.
326 1431 393 1468 llle
414 1430 715 1468 Rliodivivebat.
748 1433 842 1484 Qo
855 1443 946 1469 cum
967 1431 1120 1483 Apelles
1141 1432 1407 1481 adnavigasset,
1428 1435 1559 1472 avidus
1578 1434 1740 1483 eognos-

148 1486 259 1523 cendi
270 1497 384 1537 opera
394 1489 468 1534 ejus
489 1486 587 1524 fama
599 1496 744 1524 tanturn
765 1487 829 1525 fibi
841 1488 1007 1537 cogniti,
1030 1490 1216 1525 continuo
1238 1488 1434 1526 officinam
1445 1490 1558 1540 petiit.
1592 1490 1741 1529 Aberat

143 1541 218 1592 ipse
229 1571 238 1587 ,
256 1541 313 1578 sed
326 1542 494 1580 tabulam
507 1543 777 1592 magnitudinis
789 1544 825 1580 in
838 1543 1009 1582 machina
1027 1554 1189 1594 aptatam
1199 1545 1346 1596 pielurae
1357 1557 1447 1583 anus
1458 1556 1532 1582 una
1555 1545 1741 1583 custodie-

145 1597 219 1634 bat.
254 1597 345 1635 Haec
356 1598 608 1648 Protogenem
619 1598 708 1635 foris
721 1598 789 1635 esse
800 1597 1009 1649 respondit,
1031 1601 1350 1650 interrogavitque
1362 1600 1382 1636 a
1394 1612 1472 1650 quo
1482 1600 1677 1650 quaesitum
1688 1601 1743 1639 di-

145 1663 257 1691 ceret.
287 1653 349 1690 Ab
359 1654 453 1693 hoc,
474 1656 594 1704 inquit
614 1654 786 1705 Apelles,
814 1654 1045 1705 abreptoque
1064 1656 1242 1706 penicillo
1263 1657 1400 1694 lineam
1424 1668 1467 1693 ex
1480 1657 1611 1694 colore
1633 1658 1743 1695 duxit

142 1708 295 1747 summae
313 1711 501 1747 tenuitatis
520 1721 584 1761 per
602 1711 780 1748 rabulam.
810 1711 978 1749 Reverso
989 1712 1197 1761 Protogeni
1217 1724 1298 1762 quae
1311 1711 1406 1762 gesta
1424 1722 1527 1750 erant
1547 1713 1735 1750 indicavit.

143 1765 278 1802 Ferunt
289 1765 469 1803 artificem
487 1768 657 1816 protinus
675 1767 979 1817 contemplatum
989 1767 1238 1806 subtilitatem,
1254 1767 1389 1812 dixiss'e,
1403 1768 1579 1818 Apellem
1591 1768 1738 1817 veniffe5

141 1831 223 1856 non
242 1823 342 1857 enim
363 1822 493 1858 cadere
511 1824 549 1858 in
569 1823 683 1859 alium
706 1832 783 1859 tam
802 1822 1013 1860 absolutum
1035 1835 1144 1874 opuS.
1178 1822 1302 1873 Ipsum
1324 1834 1413 1862 tunc
1431 1826 1506 1861 alio
1526 1826 1659 1862 colore
1682 1835 1737 1862 te-

142 1877 465 1914 nuiorenilineam
485 1878 522 1914 in
543 1877 616 1927 ipsa
635 1879 694 1915 illa
712 1877 847 1915 duxisse
861 1908 870 1923 ‚
889 1878 1169 1931 praecepiss'eque
1189 1879 1391 1917 abeuntem
1404 1906 1412 1920 ‚
1437 1879 1462 1917 si
1484 1880 1640 1918 rediiss'et
1659 1881 1736 1925 ille,

142 1931 366 1977 ostenderet,
377 1933 638 1982 adjiceretquc‚
654 1934 752 1971 hunc
763 1933 831 1971 effe
844 1947 957 1984 quem
968 1944 1157 1984 quaereret.
1175 1934 1305 1984 Atque
1316 1937 1363 1972 ita
1376 1936 1510 1973 evenit.
1522 1937 1738 1973 Revertitur

142 1989 244 2024 enim
256 1988 425 2038 Apelles,
447 1988 507 2026 sed
516 1990 617 2026 vinci
635 1990 874 2035 erubescens,
894 1993 1005 2027 tertio
1027 1991 1157 2027 colore
1176 1991 1289 2027 lineas
1310 1989 1444 2030 secuit,
1469 1992 1616 2028 nullum
1626 1992 1737 2028 relin-

139 2055 259 2090 quens
277 2043 463 2081 subtilitati
473 2045 617 2082 locum.
649 2045 703 2081 At
720 2047 951 2095 Protogenes
969 2047 1109 2084 victum
1127 2045 1160 2082 se
1172 2045 1353 2083 confessus
1366 2075 1376 2090 ‚
1396 2048 1433 2082 in
1444 2056 1600 2095 portum
1618 2046 1737 2085 devo-

140 2097 250 2141 lavit,
277 2097 460 2147 hospitem
470 2112 646 2147 quaerens.
678 2101 898 2150 Placuitque
919 2100 966 2137 sic
977 2113 1058 2139 eam
1070 2102 1235 2139 tabulam
1255 2101 1406 2150 posteris
1426 2101 1539 2146 tradi,
1560 2102 1737 2139 omnium

140 2153 294 2202 quidem
309 2182 318 2197 ,
342 2152 400 2188 scd
419 2153 599 2190 artificum
616 2158 803 2206 praecipuo
822 2154 1016 2192 miraculo.
1047 2155 1167 2192 Addit
1188 2156 1342 2192 Plinius:
1367 2156 1639 2206 Consumptam
1650 2169 1735 2194 eam

139 2208 286 2246 constat
305 2209 614 2258 prioreincendio
626 2209 764 2247 domus
784 2209 949 2249 crescitis,
970 2212 1007 2245 in
1019 2211 1158 2256 Palatio
1169 2211 1276 2249 avide
1298 2212 1503 2248 antenobis
1520 2210 1728 2261 spectatam,

136 2263 348 2315 spatiosiore
360 2265 604 2314 amplitudine
615 2265 704 2301 nihil
715 2265 812 2302 aliud
825 2266 1106 2305 continentem,
1131 2277 1243 2314 quam
1254 2267 1366 2303 lineas
1377 2266 1491 2304 visum
1503 2265 1730 2316 effugientes.

138 2322 234 2357 inter
253 2321 397 2369 egregia
409 2321 612 2357 multorum
629 2332 743 2369 opera
762 2321 863 2357 inani
884 2319 1061 2360 similem,
1076 2321 1112 2357 8(
1125 2333 1174 2358 eo
1186 2321 1264 2371 ipso
1276 2322 1499 2359 allicientem
1512 2352 1521 2367 ,
1544 2325 1730 2372 omnique

137 2387 252 2426 opere
265 2375 500 2413 nobiliorem.
514 2376 634 2413 Recte
645 2376 792 2418 Plinius,
806 2375 831 2412 si
841 2375 962 2413 audita
972 2386 1117 2413 tantum
1130 2377 1312 2414 retulisset.
1342 2377 1413 2415 Sed
1426 2390 1510 2416 cum
1521 2379 1633 2416 addat
1644 2408 1654 2423 ‚
1666 2391 1731 2417 an-

137 2441 290 2481 tequam
302 2431 479 2468 incendio
493 2431 713 2481 consumpta
725 2431 808 2468 ess'et
821 2431 952 2470 tabula,
966 2443 1048 2469 cam
1057 2432 1090 2469 se
1100 2432 1205 2470 avide
1216 2433 1480 2483 contemplass'c
1494 2461 1501 2475 ,
1515 2434 1728 2485 spatiosiore

136 2486 381 2537 amplitudine
391 2487 483 2524 niliil
503 2486 601 2523 aliud
615 2489 875 2525 continentem
893 2484 1007 2535 quam
1018 2489 1132 2526 lineas
1146 2489 1263 2527 visum
1275 2486 1489 2538 effugientes
1503 2519 1513 2535 ,
1533 2502 1623 2540 pace
1634 2493 1728 2527 tanti

135 2544 203 2581 viri
214 2543 370 2580 dixerim
385 2572 394 2586 ‚
415 2541 439 2578 si
450 2552 550 2580 totus
563 2543 688 2592 Argus
701 2541 817 2579 fuiii'et
830 2571 840 2585 ‚
859 2542 883 2579 si
894 2552 997 2580 totus
1007 2544 1196 2592 Lynceus,
1209 2546 1320 2582 lineas
1330 2545 1453 2583 videre
1465 2557 1542 2583 non
1553 2547 1728 2596 potuisset

136 2612 217 2648 quae
229 2597 405 2647 nusquam
416 2608 526 2636 erant.
562 2598 629 2635 Vir
639 2600 677 2634 in
690 2599 827 2635 caeteris
838 2598 1151 2647 diligentissimus,
1174 2597 1418 2638 hallucinatus
1429 2601 1478 2638 cst
1489 2603 1589 2651 vulgi
1599 2603 1727 2652 praeiu-

137 2656 248 2692 dicio.
282 2654 382 2691 Cum
404 2655 505 2690 enim
517 2653 732 2697 famaeffet,
754 2655 798 2691 de
810 2655 914 2691 lineis
931 2654 1129 2693 institutam
1153 2656 1443 2707 disputationem
1466 2659 1560 2694 inter
1579 2658 1728 2695 nobiles

134 2712 220 2748 illos
231 2709 387 2748 artifices
400 2738 409 2754 ,
432 2712 468 2747 &
480 2721 576 2759 opus
587 2709 707 2747 adhuc
721 2709 871 2747 exstaret
883 2712 920 2746 in
931 2721 971 2747 ea
982 2711 1114 2749 tabula.
1130 2723 1191 2748 eas
1202 2712 1325 2749 videre
1337 2711 1430 2749 visus
1443 2712 1492 2750 est
1507 2727 1513 2749 :
1538 2714 1679 2763 alioqui
1691 2712 1726 2752 se

136 2778 265 2816 parum
277 2764 522 2817 perspicacem
545 2765 759 2802 crediturus.
789 2765 862 2802 Sed
873 2767 936 2814 qui
956 2766 1001 2803 de
1019 2767 1122 2803 lineis
1141 2767 1276 2804 initum
1287 2766 1387 2804 fuisse
1404 2778 1594 2806 certamen
1616 2769 1635 2805 a
1655 2770 1730 2807 cla-

136 2823 183 2859 ris
202 2823 270 2859 illis
291 2820 494 2866 artificibus
512 2821 694 2860 dixerant,
728 2821 765 2857 id
783 2820 955 2859 aliorsum
974 2823 1229 2871 intelligebant
1250 2852 1259 2867 ,
1290 2833 1404 2872 atque
1425 2825 1478 2862 isti
1499 2827 1724 2875 acceperint.

139 2879 297 2915 Certum
318 2877 367 2914 est
388 2878 509 2916 enim,
531 2878 568 2913 in
590 2877 728 2914 Pictura
740 2877 906 2914 colorata
917 2878 1061 2914 nullum
1074 2877 1139 2914 ess'e
1151 2878 1293 2928 prorsus
1304 2880 1482 2918 linearum
1493 2879 1607 2918 usum.
1639 2882 1723 2918 Imo

138 2934 229 2973 vitio
241 2934 337 2974 dari,
361 2932 387 2971 si
405 2935 509 2971 lineae
529 2943 738 2986 appareant.
768 2934 949 2972 EXtremae
969 2935 1070 2972 enim
1090 2934 1193 2971 lineae
1205 2964 1215 2980 ‚
1233 2946 1305 2985 qua
1317 2945 1420 2986 parte
1431 2937 1563 2975 umbra
1574 2935 1725 2979 desinit,

1096 2987 1120 3027 h
1151 3004 1172 3029 2
1687 2991 1723 3035 ej
