2023 3162
287 71 360 104 152
678 51 1102 94 M.V1·1·Ruv11
1151 50 1503 88 Potttours

276 136 348 163 teat
366 121 477 164 visus,
498 133 584 160 cum
595 121 661 160 erit
671 123 882 159 immotum
895 126 1084 155 mentum:
1104 114 1164 154 sed
1183 117 1229 153 ad
1241 116 1413 155 libratam
1431 117 1664 158 altitudinem
1686 120 1723 157 in
1741 119 1863 170 regio-

276 181 385 217 nibus
397 190 493 217 certa
511 178 682 215 finitione
694 173 906 224 designabit.
938 173 1049 209 Tunc
1061 173 1098 208 in
1111 171 1246 220 quibus
1257 173 1352 210 locis
1362 171 1586 211 videbuntur
1610 177 1668 221 [c]
1682 175 1864 213 humores

274 234 311 273 se
331 235 603 285 concrispantes
615 262 625 277 ‚
644 232 729 269 &in
740 231 826 267 a'era
836 228 1020 277 surgentes
1033 256 1043 272 ‚
1062 228 1113 264 ibi
1123 227 1284 265 fodiatur
1297 242 1304 265 :
1326 239 1403 265 non
1414 230 1560 265 enimin
1572 228 1670 267 sicco
1683 232 1772 268 loco
1787 231 1864 268 hoc

275 290 422 341 lignum
434 289 551 340 potest
573 289 660 325 fieri.
691 287 783 323 Item
803 283 1174 322 animadvertendum
1186 282 1235 319 est
1259 284 1507 332 quaerentibus
1529 297 1663 333 aquam
1676 313 1685 329 ,
1705 298 1784 334 quo
1796 284 1866 332 [d]

277 358 412 396 genere
434 346 498 382 lint
511 348 606 381 loca.
640 342 753 379 Certa
772 341 873 376 enim
886 337 983 378 sunt,
1003 340 1041 375 in
1051 339 1182 387 quibus
1195 339 1362 376 nascitur.
1392 341 1435 377 In
1450 341 1699 384 creta‚tenuis
1712 343 1863 378 &exilis

279 405 314 440 ὅ(
338 414 414 438 non
436 403 506 438 alta
519 400 568 437 est
581 399 710 447 copia3
733 409 776 434 ea
787 397 855 432 erit
865 405 942 431 non
954 396 1106 444 optimo
1127 393 1264 445 sapore.
1283 396 1375 432 Item
1387 394 1564 432 sabulone
1575 395 1707 434 soluto,
1724 398 1861 434 tenuis:

278 457 338 494 sed
359 457 383 493 si
394 455 626 493 inferioribus
639 455 733 490 locis
744 453 970 490 invenietur,
997 462 1039 487 ea
1059 452 1125 487 erit
1136 450 1263 487 limosa
1275 449 1310 487 St
1321 450 1489 489 insuavis.
1516 452 1554 487 In
1567 461 1662 488 terra
1674 461 1797 488 autem
1808 454 1864 489 ni-

281 524 343 562 gra
361 512 506 549 sudores
519 510 554 546 &
567 508 663 545 stillae
675 508 785 544 exiles
796 507 1048 543 inveniuntur:
1072 518 1157 554 quae
1169 517 1212 542 ex
1223 505 1392 552 hybernis
1403 506 1680 557 tempestatibus
1698 506 1862 544 collectae

279 570 319 605 in
337 565 446 618 spissis
465 567 501 603 ὅ(
522 565 646 602 solidis
667 564 761 601 locis
780 561 980 610 subsidunt3
1003 573 1054 598 eae
1074 560 1210 599 habent
1230 563 1419 612 optimum
1436 562 1615 613 saporem.
1655 564 1714 607 [e]
1736 562 1865 601 Glarea

140 639 186 664 Ar.
206 636 246 663 in·
279 635 370 661 vero
384 621 591 658 mediocres
610 619 646 656 &
658 631 735 656 non
749 627 854 656 certa:
873 629 977 656 venae
995 618 1243 667 reperiuntur3
1266 629 1317 654 eae
1329 630 1484 666 quoque
1497 619 1641 667 egregia
1663 616 1742 654 sunt
1755 617 1869 654 suavi-

139 685 215 704 mu-
281 689 365 716 tate.
396 678 496 714 Item
519 673 596 726 [f]
617 675 790 713 sabulone
803 672 965 711 masculo
978 701 987 716 ‚
1009 674 1091 725 [g]
1114 684 1296 723 arenaque
1315 672 1614 713 &carbunculo‚
1638 674 1814 710 cci-tiores
1829 674 1867 710 ὃ(

280 733 482 772 stabiliores
495 731 575 769 sunt
585 733 702 781 copiae
714 757 722 771 ,
743 741 868 778 eaeque
885 728 965 765 sunt
975 728 1081 765 bono
1090 727 1227 779 sapore.
1258 729 1394 766 Rubro
1409 728 1495 767 saxo
1507 731 1543 767 ὅ(
1555 729 1711 779 copiosa:
1723 757 1733 773 ‚
1747 730 1783 767 ὅ(
1799 728 1867 764 bo-

279 801 355 827 um,
377 788 402 826 si
421 800 499 826 non
518 787 791 838 perintervenia
803 784 1051 822 dilabantur&
1064 783 1277 832 liquescant.
1312 785 1390 822 Sub
1410 785 1592 822 radicibus
1611 795 1738 821 autem
1759 776 1867 822 mon-

279 847 375 883 tium
389 871 397 884 ‚
421 846 455 881 ὅ(
470 845 505 879 in
524 843 611 880 saxis
624 841 802 890 silicibus,
827 840 1014 877 uberiores
1027 841 1063 876 ὃ(
1075 839 1325 878 affluentiores
1339 869 1348 884 ,
1370 852 1496 890 eaeque
1518 840 1725 890 frigidiores
1737 840 1816 877 sunt
1827 841 1866 877 &

276 900 504 938 salubriores.
545 897 822 948 Campestribus
835 906 959 932 autem
970 894 1136 932 fontibus
1147 895 1238 932 salsae
1251 925 1259 939 ‚
1286 909 1412 945 graves
1427 926 1436 942 ,
1456 896 1586 946 tepidae
1598 925 1608 941 ,
1631 908 1707 933 non
1719 894 1861 933 suaves:

277 955 344 994 nifi
355 968 435 1004 quae
447 967 490 991 ex
512 952 702 992 montibus
722 952 888 989 subterra
906 949 1165 988 submanantes
1185 963 1384 1001 erumpunt
1403 954 1441 989 in
1463 952 1607 989 medios
1629 962 1805 1002 campos,
1828 950 1866 987 δε

279 1012 343 1049 ubi
359 1010 437 1048 sunt
456 1010 633 1048 arborum
645 1008 782 1045 umbris
796 1006 986 1045 contecta
1000 1005 1165 1056 praestant
1178 1018 1449 1045 montanorum
1462 1007 1626 1045 fontium
1638 1007 1864 1044 suavitatem.

281 1063 339 1118 [h]
360 1068 472 1115 Signa
491 1077 614 1104 autem
625 1065 758 1114 quibus
779 1073 955 1100 terrarum
967 1062 1164 1111 generibus
1176 1062 1350 1101 suberunt
1360 1076 1462 1113 aquae
1474 1093 1484 1108 ‚
1505 1073 1634 1113 praeter
1649 1063 1752 1112 quod
1765 1061 1868 1112 snpra

278 1120 530 1173 scriptumest,
556 1121 631 1158 haec
642 1129 767 1158 erunt:
793 1118 1062 1156 fiinvenientur
1073 1115 1273 1157 nascentia,
1297 1121 1413 1156 tenuis
1431 1121 1582 1170 juncus,
1604 1119 1687 1155 salix
1701 1120 1869 1163 erratica,

279 1179 409 1223 alnus,
431 1178 529 1215 vitex
543 1206 553 1221 ‚
572 1176 714 1214 arundo
728 1204 738 1219 ,
758 1174 889 1211 hedera
902 1203 912 1219 ‚
934 1174 1078 1223 aliaque
1098 1186 1179 1223 quae
1201 1173 1378 1221 ejusmodi
1396 1173 1497 1219 sunt,
1522 1185 1699 1223 quae-non
1720 1171 1868 1225 poss'unt

279 1232 395 1272 nasci,
417 1245 487 1270 nec
497 1234 541 1269 ali
559 1244 623 1282 per
641 1231 673 1268 se
686 1260 696 1276 ‚
721 1230 792 1267 sine
803 1230 974 1268 humore.
1005 1229 1139 1266 Solent
1158 1239 1281 1267 autem
1303 1229 1433 1268 eadem
1451 1231 1488 1267 in
1509 1231 1650 1268 lacunis
1667 1239 1754 1266 nata
1773 1228 1866 1275 esse,

280 1301 361 1338 quae
374 1287 528 1325 sidentes
540 1298 665 1338 praetcr
684 1288 865 1335 reliquum
877 1297 1004 1335 agrurn
1016 1285 1204 1335 excipiunt
1222 1296 1356 1335 aquarn
1369 1297 1411 1324 ex
1423 1285 1604 1323 imbribus
1615 1314 1625 1329 ,
1645 1286 1682 1322 ὅ(
1695 1285 1791 1334 agris
1801 1297 1868 1335 per

279 1345 469 1392 hyemem,
479 1342 688 1392 diutiusque
697 1352 846 1393 propter
855 1342 1096 1391 capacitatem
1109 1339 1324 1380 conservant
1335 1340 1533 1380 humorem
1545 1354 1555 1384 ·,
1576 1340 1712 1390 quibus
1724 1351 1801 1377 non
1815 1340 1866 1377 est

283 1400 524 1437 credendum.
557 1399 628 1436 Sed
646 1400 778 1447 quibus
789 1397 1054 1446 regionibus&
1066 1398 1169 1433 terris
1181 1425 1192 1442 ,
1212 1409 1291 1434 non
1303 1397 1461 1436 lacunis,
1487 1408 1529 1434 ea
1548 1394 1649 1447 ligna
1666 1395 1867 1434 nascuntur

140 1463 243 1495 amna.
281 1467 363 1493 non
380 1453 451 1492 sata
464 1484 472 1498 ‚
489 1454 548 1491 sed
565 1455 772 1492 naturaliter
790 1465 854 1503 per
866 1453 1047 1496 secreara,
1062 1451 1112 1489 ibi
1132 1451 1181 1488 est
1191 1453 1394 1502 quaerenda.
1430 1449 1445 1504 [
1456 1453 1470 1488 i
1481 1455 1492 1500 ]
1514 1454 1554 1489 In
1564 1451 1695 1501 quibus
1707 1452 1804 1489 locis
1817 1463 1868 1492 eae

141 1512 220 1535 ‘'m'-
283 1523 362 1550 non
380 1509 680 1561 significabuntur
690 1510 947 1554 inventiones,
967 1506 1015 1545 fic
1031 1517 1137 1546 erunt
1156 1508 1394 1561 experiundae.
1424 1508 1498 1555 [k]
1512 1507 1684 1546 Fodiatur
1700 1519 1867 1557 quoquo

1745 1563 1866 1601 versus

277 1679 304 1711 c]
333 1676 416 1704 Idem.
433 1680 550 1715 Vapores
558 1675 701 1705 undatim&
714 1687 783 1706 terra
794 1677 938 1717 surgentes,
951 1678 1071 1706 undatim
1081 1677 1187 1716 crispos.
1228 1684 1234 1689 '

277 1717 308 1751 d]
332 1717 414 1744 Idem.
435 1719 467 1745 Et
479 1726 609 1746 terrarum
620 1728 703 1758 genus
712 1718 943 1750 considerandum,
953 1727 980 1746 ut
991 1715 1070 1757 poffit
1080 1718 1122 1746 vel
1131 1719 1163 1746 de
1175 1718 1304 1746 tenuitate
1313 1738 1321 1751 ,
1343 1716 1384 1745 vel
1394 1715 1425 1744 de
1435 1715 1597 1744 abundantia
1608 1720 1631 1745 ὅ(
1645 1714 1864 1756 saporejudicari.

323 1759 394 1794 Qae
404 1767 467 1784 vero
475 1757 516 1785 hic
528 1758 668 1791 docentur,
683 1762 706 1786 δε
719 1758 815 1787 Plinius
826 1762 849 1787 ὃς
860 1759 985 1786 Palladius
995 1759 1071 1786 dictis
1081 1759 1147 1786 locis
1158 1766 1288 1797 repetunt.

282 1798 308 1832 e]
338 1797 422 1824 Idem.
444 1797 473 1825 ld
485 1798 529 1828 est,
539 1806 607 1826 terra
616 1809 673 1837 quae
684 1798 799 1826 sabulosa
810 1800 859 1826 erit
869 1803 891 1827 ὅ(
903 1799 979 1837 plena
988 1799 1098 1827 minutis
1109 1799 1247 1837 lapidibus,
1259 1797 1405 1834 cujusmodi
1416 1798 1460 1836 qui
1470 1797 1501 1825 ad
1513 1798 1578 1836 ripas
1588 1797 1727 1826 fluviorum
1737 1795 1805 1829 sunt,
1818 1794 1868 1835 qui

323 1836 412 1877 glarea
421 1837 500 1864 eriam
510 1838 593 1877 vulgo
604 1839 731 1866 Italorum
742 1839 874 1867 dicuntur.
898 1841 970 1867 Sicut
980 1839 1047 1878 apud
1060 1839 1239 1867 Columellam
1249 1849 1304 1866 non
1316 1839 1393 1867 semel
1402 1839 1447 1865 lib.
1463 1848 1498 1865 ιι.
1509 1848 1566 1875 cap.
1581 1848 1604 1864 2.

278 1876 317 1914 f]
340 1877 422 1904 Idem.
446 1879 474 1904 ld
483 1878 528 1909 est,
537 1879 743 1916 utinterpretor,
752 1879 850 1917 aspero,
861 1878 951 1907 scabro
961 1900 968 1911 ,
978 1881 1065 1907 minus
1077 1880 1144 1906 flavo
1156 1900 1162 1911 ,
1174 1878 1304 1907 subfusco.
1325 1881 1488 1916 Qanquam
1498 1878 1530 1905 de
1542 1877 1593 1905 hoc
1604 1876 1682 1905 video
1693 1877 1773 1905 etiarn
1784 1878 1868 1915 pluri-

324 1926 400 1945 mum
412 1917 525 1945 dubitati
537 1938 544 1949 ,
561 1918 632 1956 quod
643 1918 689 1946 lib.
701 1928 749 1946 111.
763 1929 819 1957 cap.
831 1929 855 1953 2.v
872 1919 1024 1946 sabulonem
1040 1918 1182 1946 masculum
1193 1920 1262 1946 inter
1270 1929 1300 1946 ea
1309 1928 1405 1958 genera
1417 1927 1492 1945 terrae
1501 1916 1633 1945 recenseat
1643 1938 1650 1949 ,
1672 1918 1739 1945 unde
1751 1918 1866 1946 ducendi

322 1956 381 1986 sunt
394 1958 496 1990 lateres,
508 1966 586 1996 atque
597 1959 621 1985 id
633 1968 738 1997 propter
749 1959 902 1990 laevitatem.
913 1967 941 1986 ut
951 1956 1030 1997 possit
1040 1956 1091 1986 effe
1100 1958 1190 1986 sabulo
1201 1958 1328 1987 masculus
1339 1967 1414 1986 terrae
1443 1967 1505 1985 enus
1518 1961 1541 1985 3<
1552 1967 1647 1989 arenae.
1656 1958 1681 1985 id
1692 1959 1737 1991 est,
1748 1960 1865 1986 materiae

328 1997 456 2026 solidioris
469 2007 548 2037 quarn
561 1999 589 2026 lit
601 2007 678 2026 terra.
698 2001 780 2026 Certe
795 1999 872 2035 paulo
882 2007 941 2026 ante
952 1999 1017 2037 dixit
1028 1998 1178 2026 sabulonem
1189 1998 1305 2026 solutum
1316 2019 1322 2031 ,
1334 1999 1365 2026 ad
1372 1998 1396 2025 di
1422 1998 1560 2032 eremum,
1572 2007 1600 2026 ut
1610 2007 1715 2037 apparet
1728 2019 1735 2031 ,
1748 1998 1864 2028 masculi.

323 2039 372 2066 Sed
381 2041 406 2066 ὃ(
416 2039 541 2067 metallici
551 2038 702 2067 sabulonem
712 2039 815 2070 durum,
827 2048 927 2066 marem
938 2039 1079 2078 appellant;
1092 2039 1212 2069 mollem,
1225 2037 1373 2067 foeminam.

280 2079 313 2116 g]
333 2079 415 2107 ldem.
433 2080 484 2106 Pro
493 2078 532 2106 his
544 2079 638 2107 Plinius
650 2079 714 2107 dicit
725 2088 829 2108 arenam
840 2078 1065 2112 carbunculosam,
1079 2080 1130 2107 live
1142 2089 1246 2107 arenam
1258 2079 1488 2111 earbunculum,ut
1500 2079 1525 2107 in
1536 2078 1663 2117 aliquibus
1672 2079 1744 2108 libris
1756 2079 1868 2119 legitur.>

322 2120 366 2148 Est
376 2120 447 2147 enim
458 2118 632 2148 carbunculus
643 2130 727 2148 arenae
737 2130 830 2159 genus,
844 2129 871 2147 ut
883 2119 929 2147 lib.
940 2129 975 2147 ιι.
984 2130 1040 2159 cap.
1053 2126 1078 2146 6.
1095 2119 1164 2147 Alias
1177 2120 1211 2148 est
1223 2128 1298 2148 terrae
1309 2130 1401 2160 genus,
1411 2129 1529 2160 gemma,
1542 2121 1650 2148 morbus
1659 2141 1665 2151 .
1677 2130 1755 2158 atque
1769 2122 1866 2149 vitium

323 2169 404 2198 arque
418 2159 543 2187 arborum
554 2161 723 2192 vitium,cum
734 2169 762 2188 ut
774 2160 889 2199 quodam
899 2160 1013 2188 uredinis
1024 2160 1139 2188 carbone
1149 2161 1244 2188 exustae
1255 2160 1411 2191 sunt,Plinio
1424 2164 1446 2188 δι’
1457 2161 1667 2188 exteris-Evenit
1679 2164 1702 2189 St
1714 2161 1766 2188 toti
1777 2161 1866 2189 oculo:

324 2199 452 2239 palpebrae
461 2210 567 2239 quoque
578 2201 694 2240 maligna
703 2200 875 2234 exulceratio,
885 2210 943 2240 quae
953 2201 1086 2229 interdum
1096 2200 1270 2239 perambulat,
1279 2211 1357 2241 quam
1369 2200 1458 2229 Celsus
1468 2201 1668 2235 carbunculum,
1681 2203 1815 2241 Aegineta
1823 2203 1867 2229 a'r-

322 2241 442 2277 θρρέκωο-ιν
453 2250 541 2268 vocat.

281 2278 314 2314 h]
345 2282 423 2320 Signa
433 2280 475 2308 sex
488 2289 581 2319 praeter
591 2279 703 2320 superius
712 2281 852 2320 seprimum
864 2281 1009 2320 quaerendae
1018 2292 1090 2321 aquae
1101 2280 1189 2312 refert,
1200 2282 1216 2310 fi
1228 2282 1320 2317 juncus
1330 2281 1415 2310 tenuis
1427 2281 1553 2311 nascatur,
1565 2280 1625 2310 salix
1635 2281 1771 2320 sylvatica,
1782 2281 1870 2316 alnus.‘

314 2321 398 2352 vitex.
407 2320 536 2353 harundo,
547 2320 650 2348 hedera.
665 2322 772 2360 Qibus
784 2331 842 2351 tum
852 2323 1022 2355 credendum,
1033 2324 1118 2361 inquit
1130 2323 1256 2351 Palladius
1266 2323 1329 2351 dist.
1341 2333 1395 2361 cap.
1408 2322 1424 2350 li
1434 2332 1517 2360 neque
1528 2322 1621 2350 lacuna
1631 2324 1764 2354 est.nedue
1773 2323 1867 2361 aliquis

314 2361 351 2389 ibi
360 2371 392 2389 ex
403 2360 592 2389 consuetudine
603 2361 698 2389 humor
707 2363 809 2391 infidet.
830 2363 896 2390 Plin.
909 2363 980 2391 addit
989 2361 1168 2403 tuffilaginem
1179 2362 1329 2402 sylvestrem
1338 2384 1344 2395 ,
1354 2373 1433 2402 quam
1445 2360 1559 2391 officina
1572 2363 1698 2403 ungulam
1709 2357 1867 2392 caballinam

314 2402 445 2440 appellant
455 2423 461 2433 ,
484 2401 530 2428 lib.
542 2412 618 2428 xxvi.
631 2411 687 2440 cap.
700 2408 728 2429 6.
738 2406 762 2430 &
774 2413 865 2431 tanam
873 2404 986 2431 multum
995 2404 1072 2432 alicui
1083 2405 1146 2432 loco
1156 2405 1262 2442 pec‘tore
1272 2404 1443 2431 incubantem
1455 2424 1461 2433 .
1474 2403 1519 2430 lib.
1534 2413 1675 2442 xxx1.cap.
1687 2413 1709 2437 3.
1731 2405 1764 2431 Et
1777 2403 1868 2432 batra-

314 2443 404 2470 chium
416 2442 466 2470 five
477 2440 699 2480 chrysanthemon
708 2443 914 2483 abaquilegibus
925 2445 990 2472 mire
1001 2444 1161 2472 celebratam
1171 2442 1230 2474 esse.
1239 2454 1271 2472 eo
1279 2446 1351 2483 quod
1359 2454 1452 2483 aquam
1461 2441 1559 2471 subesse
1570 2453 1673 2471 certum
1684 2445 1713 2471 lit
1724 2465 1730 2475 ,
1741 2444 1785 2472 ubi
1799 2445 1868 2472 emi-

315 2493 374 2511 care
385 2481 458 2515 soler,
469 2490 545 2510 autor
556 2483 591 2510 est
600 2483 670 2510 exiis
682 2484 726 2521 qui
737 2483 769 2511 de
779 2494 806 2511 re
817 2485 891 2512 Rust.
901 2487 993 2512 Graece
1003 2484 1157 2523 scripserunt
1179 2485 1351 2513 Democritus
1361 2485 1386 2511 in
1397 2483 1590 2522 hydroscopico
1601 2505 1607 2517 ‚
1618 2485 1642 2511 id
1654 2485 1688 2512 est
1696 2485 1728 2512 de
1736 2494 1863 2523 aquarum

314 2524 529 2562 investigatione.
550 2522 579 2550 Id
589 2532 652 2550 vero
660 2524 776 2551 invenies
786 2525 940 2559 γωπυνικῶἵι,
950 2525 974 2552 id
985 2525 1021 2553 est
1031 2525 1170 2557 libroruin,
1181 2526 1226 2564 qui
1237 2525 1269 2553 de
1280 2525 1441 2565 agricultura
1453 2523 1628 2552 inscribuntur
1637 2525 1804 2552 Constantini
1814 2535 1868 2553 no-

315 2565 387 2591 mine
397 2585 403 2596 ,
426 2563 470 2591 lib.
481 2572 515 2591 ιι.
533 2562 613 2592 ubi&
623 2574 653 2591 ex
664 2565 780 2592 Paxamo
789 2585 796 2596 ,
819 2564 902 2592 multa
918 2564 949 2592 ad
959 2575 1015 2593 eam
1025 2575 1080 2593 rem
1090 2563 1213 2594 facientia
1223 2565 1370 2594 traduntur.
1391 2565 1456 2594 Vide
1467 2568 1490 2592 &-
1505 2564 1668 2593 Theoderici
1677 2566 1756 2604 primi
1767 2566 1866 2594 Ostro-

315 2603 394 2643 goth.
405 2605 474 2643 regis
488 2605 565 2642 Epist.
579 2604 611 2631 ad
624 2606 816 2642 Apronianum;
829 2605 897 2643 apud
911 2601 1060 2634 Caffiodor.
1071 2607 1171 2634 Variar.
1182 2605 1227 2633 lib.
1240 2616 1289 2633 111.

281 2644 305 2678 i]
327 2644 409 2671 Idem.
430 2645 574 2672 Sideerunt
583 2655 612 2672 ea
621 2645 692 2684 figna
701 2644 759 2675 sex.
776 2644 870 2684 quibus
889 2643 995 2673 asseruit
1012 2644 1261 2686 significarisubeffe
1271 2656 1365 2685 aquam
1376 2666 1383 2679 ,
1405 2645 1461 2673 aliis
1470 2646 1587 2685 quinque
1603 2644 1750 2673 rationibus
1766 2645 1866 2674 indicat

324 2684 490 2712 tentandum.
513 2687 583 2723 Qae
593 2688 732 2713 traduntur
743 2685 757 2713 a
769 2686 835 2713 Plin.
847 2689 870 2714 δέ
884 2686 999 2714 Palladio
1008 2686 1073 2714 locis
1082 2687 1214 2714 indicatis.

279 2724 309 2758 k]
340 2724 423 2751 Idem.
443 2726 481 2751 Ex
494 2726 579 2752 verbis
593 2725 707 2758 Palladii,
719 2736 797 2764 quem
807 2726 860 2753 dixi
871 2724 917 2754 hac
930 2735 1017 2764 parte.
1031 2736 1059 2754 ut
1069 2726 1195 2766 plerisque
1203 2726 1267 2757 aliis.
1278 2723 1330 2754 effe
1340 2725 1455 2753 Vitruvii
1466 2725 1600 2754 imitatum
1611 2725 1705 2763 scripta
1712 2734 1790 2764 atque
1800 2736 1870 2764 prae=

314 2772 398 2801 (epu,
411 2762 559 2792 subodorari
567 2765 732 2797 licet,locum
743 2766 812 2794 hunc
824 2767 917 2794 menda
925 2777 977 2794 non
988 2777 1083 2798 carcre.
1095 2766 1247 2806 (legebatur
1257 2768 1328 2794 enim
1337 2766 1478 2797 ante.latus
1488 2775 1518 2793 ne
1525 2769 1609 2793 minus
1617 2766 1689 2803 pedes
1698 2770 1816 2805 quinque.
1826 2777 1868 2795 at-

316 2814 366 2842 que
377 2805 411 2830 ita
421 2804 528 2831 excusus
540 2805 554 2832 a
569 2806 712 2841 locundo.)
725 2816 753 2834 ut
766 2805 845 2835 fuerit
854 2805 1038 2836 scribendum:
1062 2808 1185 2835 Fodiatur
1196 2817 1293 2846 quoquo
1302 2807 1388 2843 versm
1396 2806 1461 2833 locus
1471 2805 1541 2833 latm
1550 2807 1620 2842 pedes
1628 2814 1686 2838 tres,
1698 2807 1767 2834 altus
1777 2817 1807 2834 ne
1816 2811 1867 2835 mi-

315 2854 364 2871 nus
370 2844 441 2879 pedes
449 2847 585 2882 quinquo.
606 2847 669 2880 Ejus
680 2845 735 2874 haec
745 2846 802 2875 sunt
814 2847 892 2875 verba
902 2857 936 2875 ex
944 2857 1000 2886 cap.
1010 2857 1074 2876 νιιι.
1085 2848 1132 2875 lib.
1143 2859 1170 2879 9.
1184 2851 1264 2874 Locm
1273 2858 1340 2884 crgo,
1350 2846 1393 2874 ubi
1401 2845 1626 2884 supradrfiafigna
1634 2848 1750 2883 repererit
1762 2846 1866 2883 ‚fodin-

315 2891 359 2910 την
366 2883 610 2921 [αιιιιιιϋηερειίώιις
618 2886 705 2917 tribus,
716 2887 851 2915 altitudine
857 2888 960 2925 pedrhus
969 2891 1106 2928 quinque-2.
1131 2888 1231 2916 Plinius
1246 2889 1320 2916 dicto
1331 2897 1386 2925 cap.
1399 2897 1449 2914 ιιι.
1460 2887 1482 2913 ai
1487 2895 1496 2913 t
1510 2897 1515 2913 :
1536 2887 1583 2914 leco
1596 2889 1621 2913 in
1642 2887 1806 2915 alatum-‘mm
1823 2897 1866 2926 pe-

311 2925 374 2953 dum
388 2927 498 2963 quinque
512 2924 605 2963 defhffi.
624 2928 797 2957 Democritus
815 2931 839 2957 ὃ(
857 2930 984 2958 Paxamus
1003 2930 1151 2966 μοπτιικῶ
1164 2928 1226 2957 loco
1237 2926 1252 2956 a
1264 2928 1342 2957 nobis
1353 2929 1438 2957 citato
1448 2928 1551 2959 dicunt,
1562 2927 1701 2957 altitudine
1711 2928 1867 2959 cubitorum

1771 2978 1865 3003 trium.
