2023 3162
5 2345 11 2385 ›.-—-
4 2268 8 2335 --—-«
0 2043 9 2254 ⁴*·——-.-—-——-.

7 2500 15 2785 ...ww-mmm
6 2478 12 2494 ψ
6 2435 9 2470 »υ-
6 2398 9 2414 -v
6 2387 8 2391 <

568 83 1300 122 DEP1CTVR,AL113.I.
1716 101 1730 132 5

140 155 226 192 dam
237 152 380 203 prorsus
392 150 604 190 tenuissima
619 182 629 197 ,
648 165 729 190 uno
740 155 875 204 capite,
896 151 995 201 quasi
1007 153 1045 187 in
1067 153 1311 202 manipulum,
1333 150 1527 192 restiffime
1546 155 1735 205 colligata,

135 221 214 251 ,una
225 208 333 246 simul
353 221 417 259 per
426 209 585 246 oculum
595 210 745 247 interius
757 239 766 253 ‚
790 208 852 245 ubi
863 206 980 245 sensus
999 207 1091 244 visus
1106 207 1295 245 consideat
1307 237 1318 252 ,
1337 210 1469 259 recipi:
1488 212 1619 259 quoin
1640 212 1732 248 loco

140 276 222 303 non
232 263 336 302 secus
349 275 460 314 atque
483 274 637 302 truncus
656 264 845 302 radiorum
865 263 1022 300 adstent:
1049 263 1068 299 a
1081 275 1157 313 quo
1167 264 1321 313 quidem
1332 276 1509 302 exeuntes
1527 267 1564 302 in
1576 268 1733 315 longum

140 320 250 359 laffati
261 321 350 358 radii
364 351 373 366 ‚
384 322 501 357 veluti
512 319 703 357 rectissima
715 321 911 369 virgulata,
936 320 983 356 ad
994 318 1206 371 oppositam
1222 320 1453 370 superficiem
1466 320 1632 359 effluant.
1662 322 1734 357 Sed

141 376 211 414 hos
226 379 318 413 inter
329 377 450 415 radios
460 377 641 414 nonnulla
651 374 856 413 differentia
867 375 916 412 cst
927 402 935 415 ,
958 387 1072 424 quam
1084 374 1232 412 tenuiss'e
1253 376 1556 425 pernecessarium
1567 379 1731 415 arbitror.
1744 393 1840 421 Radia-

142 432 330 470 Differunt
341 432 494 482 quidem
503 433 641 469 viribus
652 434 688 469 ὅ(
699 431 842 469 officio.
875 432 978 467 Nam
990 432 1048 468 alii
1059 430 1220 468 fimbrias
1229 431 1501 482 superficierum
1514 434 1734 483 contingen·
1746 444 1803 460 mm
1816 432 1868 479 dff-

141 499 195 526 tes
212 518 222 533 ,
241 498 342 525 totas
363 489 587 537 quantitates
607 487 808 538 superficiei
826 488 1041 524 metiuntur.
1054 487 1134 524 Hos
1151 497 1288 527 autem,
1303 488 1408 537 quod
1426 489 1581 538 quidem
1591 474 1865 526 ultimasferemm.

141 556 263 595 partes
274 544 443 581 librando
453 545 824 588 volitent,extremos
835 544 956 579 radios
968 543 1205 593 appellemus.
1218 543 1297 580 Alii
1308 546 1463 593 quidem
1474 546 1563 582 radii
1574 545 1619 582 ab
1630 546 1735 582 omni
1750 544 1874 591 Radziyex-

142 599 253 637 dorso
265 599 490 649 superficiei,
508 599 567 636 seu
578 602 717 649 recepti
730 628 738 643 ,
757 599 990 636 (effluentes,
1011 601 1104 636 intra
1115 611 1198 636 eam
1219 600 1464 650 pyramidem,
1476 601 1522 638 de
1535 613 1607 650 qua
1625 603 1735 651 paulo
1748 594 1834 613 ‘'⁶⁷⁷²'‘

142 655 224 706 post
246 654 314 692 suo
335 656 426 692 loco
444 654 611 704 dicemus
625 684 634 698 ‚
655 655 760 691 suum
779 665 935 702 quoque
954 653 1131 691 officium
1150 666 1340 705 peragunt.
1372 657 1474 693 Nam
1495 657 1686 694 coloribus
1698 659 1735 694 ὃ(

144 711 581 748 lnminibusimbuuntur
591 709 718 746 iisdem
732 739 741 753 ‚
761 710 897 758 quibus
916 709 989 758 ipsa
1007 709 1211 759 superficies
1231 711 1417 761 refulgeat.
1450 713 1534 749 Hos
1553 725 1643 762 ergo
1657 724 1733 750 me-
1749 707 1826 775 RaZief

142 769 226 804 dios
236 767 359 804 radios
379 777 658 816 nuncupemus.
689 765 748 802 Est
765 776 920 814 quoque
930 776 975 800 ex
988 766 1093 801 radiis
1106 765 1349 815 quidam,qui
1364 794 1371 807 ‚
1390 768 1627 807 similitudine
1646 781 1737 818 qua·
1749 759 1787 776 ’Μ
1808 758 1834 774 ”’

142 825 230 861 dam
244 824 417 859 centrica:
430 851 440 867 ,
462 822 507 857 de
517 832 592 869 qua
605 821 780 858 diximus,
795 821 898 857 lineae
911 849 920 865 ,
944 819 1085 858 dicatur
1096 823 1283 858 centricus
1295 850 1304 865 ,
1324 823 1428 870 quod
1440 825 1475 859 in
1487 824 1675 873 superficie
1686 823 1736 862 ita

143 878 278 929 perstet
292 907 301 921 ,
321 888 360 915 ut
371 880 468 914 circa
480 877 512 913 se
524 877 678 926 :equales
700 878 871 925 utrinque
884 877 1039 926 angulos
1063 875 1202 913 reddat.
1233 878 1366 925 ltaque
1376 889 1447 915 tres
1461 880 1647 918 radiorum
1658 880 1736 930 spe·
1751 872 1844 937 {3⁶22}

142 937 218 971 cies
231 944 380 984 repertae
391 934 472 971 sunt
485 948 492 969 :
507 943 777 975 extremorum,
790 933 1060 977 mediorum‚&
1074 931 1519 971 centrici.Persci-utemur
1529 937 1638 983 igitur
1647 935 1737 984 quid
1751 922 1859 979 Ᾰνᾏζμῃζ

143 993 282 1040 quique
298 990 385 1026 radii
404 990 450 1026 ad
473 988 664 1026 visendum
686 988 900 1025 conferant:
925 1000 968 1025 ac
993 989 1116 1039 primo
1136 988 1180 1024 de
1198 990 1372 1025 extremis
1391 990 1517 1040 postea
1537 992 1582 1027 de
1595 992 1739 1032 mediis,

142 1058 223 1083 tum
243 1046 288 1082 de
307 1047 476 1082 centrico
499 1044 700 1081 dicendum
713 1047 792 1082 erit.
823 1043 953 1080 Radiis
973 1044 1125 1092 quidem
1144 1046 1316 1080 extremis
1336 1048 1564 1093 quantitates
1580 1049 1739 1093 metiun-

142 1113 212 1139 tur.
244 1100 302 1137 Est
313 1102 413 1137 enim
425 1102 610 1150 quantitas
622 1101 782 1151 spacium
793 1102 886 1137 inter
897 1100 975 1136 duo
986 1101 1163 1147 disjuncta
1175 1100 1308 1150 puncta
1318 1100 1664 1146 fimbriae‚tranfiens
1674 1115 1740 1153 per
1753 1119 1865 1154 Qami-

142 1156 386 1208 superficiem,
399 1156 508 1206 quod
520 1157 653 1194 oculus
669 1186 678 1200 ,
697 1156 799 1205 quasi
812 1157 967 1199 circino,
978 1157 1142 1205 quodam
1154 1156 1398 1194 instrumento
1412 1186 1421 1200 ,
1435 1158 1487 1194 bis
1500 1160 1673 1196 extremis
1684 1171 1739 1195 ra·
1752 1165 1793 1185 ²1³³*
1802 1157 1871 1196 ΨΜ·

142 1214 210 1249 diis
225 1215 388 1249 metitur.
416 1213 584 1261 Suntque
595 1223 653 1249 tot
665 1213 700 1248 in
712 1211 900 1264 superficie
912 1213 1149 1261 quantitates,
1160 1222 1258 1261 quot
1268 1213 1347 1250 sunt
1356 1213 1532 1259 disjunCta
1543 1215 1582 1251 in
1595 1213 1739 1252 fimbria

139 1268 211 1305 sese
224 1267 533 1318 conrespicientia
544 1268 795 1318 punctaNam
810 1270 1075 1320 proceritatem
1085 1281 1164 1318 qua:
1177 1271 1269 1305 inter
1278 1268 1491 1319 supremum
1502 1272 1539 1307 ἃ
1550 1270 1740 1314 infimum,

142 1323 203 1361 seu
214 1323 451 1360 latitudinem
464 1337 543 1373 quae
554 1325 648 1361 inter
660 1324 830 1362 dextrum
842 1327 879 1362 <St
892 1323 1069 1361 sinistrum
1082 1354 1091 1368 ,
1104 1323 1163 1360 seu
1174 1322 1444 1362 crassitudinem
1457 1338 1539 1374 quae
1551 1327 1645 1363 inter
1654 1338 1741 1376 pro-

143 1382 317 1430 pinquius
330 1378 366 1415 ἃ
379 1382 582 1419 remotius,
605 1379 665 1416 seu
677 1392 824 1418 caeteras
836 1378 977 1430 quasvis
992 1380 1241 1417 dimensiones
1257 1378 1400 1430 aspectu
1419 1381 1738 1431 recognoscimus,

144 1436 199 1473 his
220 1446 366 1472 tantum
388 1435 495 1473 radiis
517 1438 688 1473 extremis
708 1440 856 1474 utimur.
886 1438 939 1473 Ex
957 1449 1039 1485 quo
1060 1436 1152 1474 illud
1172 1436 1246 1473 dici
1266 1436 1418 1474 solitum
1437 1437 1486 1473 est
1507 1450 1514 1473 :
1538 1437 1654 1475 visum
1677 1449 1741 1488 per

143 1493 366 1540 triangulum
377 1490 468 1536 fieti,
480 1494 581 1536 cuius
592 1491 695 1536 basis,
705 1491 776 1529 visa
787 1495 984 1542 quantitaS,
995 1491 1145 1539 cujusve
1157 1493 1268 1529 latera
1279 1492 1361 1529 sunt
1372 1492 1485 1530 iidem
1496 1493 1558 1543 ipsi
1569 1493 1740 1543 radii,qui

146 1546 166 1583 a
177 1547 320 1597 punitis
333 1550 547 1596 quantitatis
558 1547 604 1583 ad
615 1550 773 1585 oculum
784 1548 1065 1599 protenduntur.
1086 1548 1138 1584 At
1150 1548 1240 1585 illud
1251 1547 1402 1597 quidem
1413 1547 1664 1587 certissimum
1676 1549 1739 1595 est,

145 1602 210 1640 nili
222 1615 286 1653 per
297 1603 525 1655 huneipsum
533 1605 755 1653 triangulum
769 1634 778 1649 ‚
799 1605 1049 1654 quantitatem
1068 1605 1210 1641 nullam
1222 1603 1347 1641 videri.
1377 1604 1510 1642 Latera
1520 1616 1610 1654 ergo
1629 1606 1740 1643 trian-

146 1661 222 1708 guli
231 1657 343 1698 vifivi‚
359 1671 492 1710 patent.
523 1661 667 1708 Anguli
678 1661 829 1710 quidem
841 1662 878 1697 in
896 1660 972 1697 hoc
984 1660 1060 1710 ipso
1071 1660 1257 1709 triangulo
1279 1660 1357 1697 duo
1373 1659 1454 1698 sunt
1465 1690 1475 1705 ‚
1497 1661 1670 1698 alterutra
1680 1662 1739 1699 illa

146 1717 358 1763 quantitatis
372 1718 503 1766 capita.
535 1716 688 1752 Tertius
697 1728 788 1753 vcro
799 1727 908 1765 atque
919 1717 1110 1768 primarius
1125 1717 1279 1765 angulus
1289 1715 1339 1752 cst
1355 1742 1363 1755 ‚
1377 1718 1413 1754 -is
1425 1717 1491 1765 qui
1503 1716 1573 1754 basi
1587 1716 1740 1768 opposi-

146 1780 218 1809 tus,
235 1772 326 1807 intra
338 1773 493 1809 oculum
508 1771 680 1808 consistit.
711 1773 851 1822 Neque
862 1772 1038 1809 hocloco
1048 1771 1306 1822 disputandum
1317 1771 1380 1816 cst,
1392 1782 1517 1809 utrum
1529 1774 1565 1808 in
1576 1773 1648 1824 ipsa
1659 1774 1742 1818 jun-

147 1826 250 1863 Ctura
262 1828 443 1864 interioris
456 1828 558 1865 nervi
569 1828 676 1871 visus,
688 1839 727 1864 ut
739 1831 843 1872 ajunt
857 1857 866 1872 ,
887 1829 1047 1878 quiescat
1060 1857 1070 1872 ,
1091 1839 1136 1864 an
1148 1829 1184 1864 in
1198 1839 1239 1864 ea
1248 1827 1437 1878 superficie
1448 1829 1570 1868 oculi,
1595 1828 1695 1878 quasi
1704 1830 1743 1865 in

145 1880 296 1931 speculo
307 1883 674 1933 animato‚imagines
684 1883 899 1933 figurentur.
908 1884 979 1922 Sed
990 1896 1035 1920 ne
1047 1885 1177 1920 omnia
1188 1885 1341 1932 quidem
1353 1884 1557 1921 oculorum
1568 1885 1612 1922 ad
1622 1883 1740 1921 visen-

147 1940 252 1981 dum,
267 1937 458 1983 hocloco,
472 1950 625 1976 munera
634 1940 823 1977 referenda
833 1940 915 1977 sunt
928 1940 1025 1976 :satis
1037 1940 1136 1976 enim
1148 1942 1225 1978 erit,
1240 1939 1294 1976 his
1307 1939 1741 1976 commentariissuccin-

150 1993 206 2029 &ze
219 2022 227 2036 ,
250 2006 331 2041 quae
341 1995 384 2031 ad
396 2007 473 2031 rem
488 1994 749 2045 pernecessaria
760 1995 839 2039 sint,
848 1994 1118 2032 demonstrasse.
1136 1996 1239 2032 Cum
1252 1997 1408 2045 igiturin
1419 1997 1536 2032 oculo
1546 1997 1740 2044 primarius

150 2047 319 2085 consistat
338 2052 493 2098 angulus
511 2050 642 2087 visivus
657 2080 666 2094 ,
687 2052 809 2100 regula
827 2051 982 2088 deducta
999 2050 1049 2087 est
1068 2050 1167 2088 haec:
1189 2063 1272 2100 quo
1293 2050 1465 2088 videlicet
1482 2052 1626 2087 acutior
1643 2049 1684 2086 fit
1702 2052 1739 2086 in

149 2103 268 2140 oculo
279 2106 501 2152 angulus,eo
511 2107 753 2153 quantitatem
765 2107 975 2143 breviorem
989 2118 1222 2155 apparere.ex
1234 2118 1311 2155 quo
1323 2107 1429 2156 plane
1440 2106 1599 2149 discitur,
1608 2116 1672 2142 cur
1684 2105 1739 2143 sit,

150 2159 258 2207 quod
273 2159 394 2195 multo
406 2161 599 2197 intervallo
615 2162 801 2209 quantitas
820 2161 863 2197 ad
875 2161 1055 2209 punCtum
1067 2160 1181 2208 usque
1192 2171 1384 2198 extenuata
1396 2160 1464 2196 effe
1474 2161 1649 2198 videatur.
1666 2161 1742 2198 Ve-

151 2226 234 2251 rum
246 2214 326 2250 hacc
338 2226 427 2251 cum
437 2217 485 2252 ita
498 2214 621 2258 finum
631 2226 758 2252 tamen
771 2217 959 2252 nonnullis
970 2216 1007 2251 in
1020 2214 1335 2264 superficiebus,ut
1346 2228 1424 2265 quo
1436 2217 1486 2252 illi
1498 2218 1743 2267 propinquior

153 2269 194 2307 lit
204 2268 348 2306 visentis
359 2273 506 2313 oculus,
518 2282 565 2306 eo
577 2273 763 2308 minorem
775 2291 785 2318 3
808 2283 886 2319 quo
899 2272 1083 2307 remotior
1094 2299 1103 2314 ,
1127 2284 1176 2308 eo
1189 2271 1302 2320 longe
1312 2273 1508 2322 plurimam
1519 2273 1613 2309 illius
1624 2272 1745 2322 super-v

153 2325 250 2362 ficiei
262 2336 403 2375 partem
416 2327 553 2363 videat.
579 2326 683 2374 quod
696 2326 811 2375 ipsum
823 2328 859 2362 in
871 2326 1039 2376 sphaerica
1049 2325 1236 2375 superficie
1247 2330 1296 2365 ita
1309 2327 1377 2365 esse
1388 2328 1546 2365 discitur.
1582 2330 1743 2381 Qanti-

153 2392 246 2419 tates
258 2393 348 2429 ergo
360 2394 429 2431 pro
439 2383 636 2419 intervallo
649 2383 823 2425 maiores,
837 2394 880 2419 ac
894 2384 1071 2427 minores,
1085 2383 1313 2420 intuentibus
1333 2395 1607 2433 nonnunquam
1620 2384 1745 2421 viden-

153 2448 231 2474 tur.
255 2438 374 2474 Cuius
389 2439 439 2474 rei
450 2439 513 2486 qui
525 2438 641 2487 probe
653 2440 835 2475 rationem
847 2438 1018 2482 tenuerit,
1033 2439 1192 2476 minime
1203 2438 1383 2476 dubitabit
1395 2441 1541 2477 medios
1552 2439 1674 2475 radios
1684 2440 1746 2476 ali-

155 2493 307 2542 quando
320 2493 397 2530 fieri
409 2504 611 2537 extremos,
625 2494 886 2541 extremosque
897 2495 1091 2531 intervallo
1103 2504 1250 2532 mutato
1261 2496 1348 2532 item
1359 2495 1436 2532 fieri
1446 2496 1601 2533 medios.
1615 2495 1744 2544 Atque

155 2549 297 2586 idcirco
311 2550 502 2598 intelliget,
516 2549 578 2585 ubi
592 2550 703 2586 medii
715 2549 804 2585 radii
816 2548 883 2586 sint
893 2549 976 2586 faffi
987 2552 1155 2594 extremi,
1173 2552 1260 2588 ilico
1272 2553 1517 2600 quantitatem
1530 2551 1743 2588 breviorem

156 2617 339 2655 appatere.
371 2606 590 2654 Contraque
602 2617 693 2642 cum
712 2606 867 2642 extremi
879 2606 969 2642 radii
979 2607 1073 2643 intra
1090 2605 1276 2644 fimbriam
1288 2608 1520 2656 recipiantur,
1536 2619 1615 2656 quo
1626 2608 1744 2656 magis

154 2662 206 2698 illi
217 2661 373 2712 quidem
384 2660 403 2696 a
415 2660 561 2697 fimbria
573 2661 703 2698 distent
714 2687 722 2700 ‚
747 2673 795 2698 eo
808 2662 994 2707 maiorem
1006 2663 1248 2711 quantitatem
1258 2663 1382 2699 videri.
1414 2663 1488 2699 Hic
1500 2664 1609 2711 igitur
1617 2661 1743 2699 solitus

156 2715 236 2755 sum
246 2717 343 2767 apud
355 2717 550 2754 familiares
562 2718 731 2766 regulam
743 2728 948 2766 exponere,
962 2729 1040 2766 quo
1050 2719 1172 2767 plures
1182 2717 1370 2755 radiorum
1383 2718 1546 2755 videndo
1556 2729 1743 2768 occupen-

156 2783 217 2810 tur
228 2799 236 2812 ‚
259 2785 306 2811 eo
320 2774 562 2822 quantitatem
573 2773 803 2823 prospectam
815 2772 1052 2820 grandiorem
1064 2772 1277 2810 existimari:
1303 2786 1382 2823 quo
1395 2785 1517 2811 autem
1538 2776 1744 2823 pauciores,

159 2841 208 2866 eo
221 2831 419 2867 minorem.
451 2829 640 2866 Caeterum
658 2828 693 2864 hi
706 2828 794 2865 radii
814 2830 967 2866 extremi
985 2829 1167 2865 dentatim
1179 2829 1381 2867 universam
1402 2829 1588 2868 fimbriam
1601 2828 1746 2879 superfi-

161 2886 230 2921 ciei
243 2885 627 2936 comprehendentes,
648 2884 761 2933 ipsam
774 2895 895 2922 totam
907 2883 1159 2933 superficiem,
1178 2885 1278 2933 quali
1290 2898 1419 2925 cavea,
1443 2885 1741 2923 circumducunt.

161 2939 272 2979 Vnde
283 2942 388 2987 illud,
401 2943 516 2990 ajunt,
526 2940 658 2986 visum,
671 2953 737 2991 per
748 2940 975 2992 pyramidem
987 2938 1169 2978 radiosam
1180 2940 1267 2979 fieti.
1301 2941 1515 2980 Dicendum
1526 2942 1575 2979 est
1587 2939 1744 2982 idcirco,

1071 3009 1092 3032 a
1124 3010 1145 3039 3
1590 3006 1745 3045 pyramis
