2023 3162
472 99 1100 139 DEARCHITECTVRA
1156 97 1360 138 Lrn.V.
1681 110 1724 146 83

127 171 329 212 crescentes
340 166 362 206 ὲ
372 178 506 207 centro
521 195 527 208 ‚
551 171 588 208 ὅ(
599 180 712 218 quam
726 167 898 206 latissime
908 169 1052 218 poss'unt
1064 177 1241 218 vagantes
1254 182 1262 205 :
1283 167 1349 205 nisi
1359 167 1521 218 angustia
1531 169 1608 207 loci
1617 170 1730 208 inter-

125 227 314 280 pellaverit
326 250 335 265 ‚
355 235 419 262 aut
438 226 562 275 aliqua
581 223 759 269 offensio,
780 236 863 273 quae
881 235 961 261 non
970 223 1390 274 patitutdesignationes
1403 236 1530 262 carum
1543 225 1726 264 undarum

127 285 174 322 ad
184 284 304 323 exitus
315 283 516 332 pervenire.
548 282 682 328 Itaque
693 292 782 317 curn
792 280 1072 330 interpellentur
1082 278 1350 318 offensionibus
1363 308 1373 325 ,
1384 282 1510 331 primae
1520 281 1726 318 redundan-

124 349 180 377 tes
191 341 227 376 in
239 337 470 387 sequentium
482 335 679 373 disturbant
689 335 1119 385 designationesAEadem
1130 337 1275 373 ratione
1285 348 1360 373 vox
1370 336 1419 372 ita
1428 335 1474 373 ad
1485 337 1667 374 circinum
1678 336 1729 373 ef-

125 394 205 433 ficit
217 394 418 432 motiones.
431 392 502 429 Sed
512 393 548 428 in
562 402 659 440 aqua
670 392 798 428 circuli
811 403 915 440 aequa
925 392 1083 442 planicie
1093 394 1129 429 in
1139 391 1371 430 latitudinem
1383 402 1592 429 moventur:
1603 403 1678 429 vox
1689 394 1729 430 δ(

126 453 164 490 in
177 449 407 488 latitudinem
420 447 670 497 progreditur,
683 446 719 483 δε
730 448 964 484 altitudinem
975 448 1157 497 gradatim
1170 447 1438 497 scanditlgitur
1451 458 1492 485 ut
1502 449 1540 485 in
1552 458 1647 497 aqua
1659 459 1725 485 un-

127 507 259 544 darum
271 503 581 552 defignationibus
595 531 605 546 ‚
616 504 664 540 ita
675 504 712 540 in
724 514 820 541 voce
832 532 842 547 ‚
864 514 953 540 cum
965 501 1123 540 offensio
1133 504 1231 540 nulla
1241 505 1406 553 priorem
1416 504 1716 554 interpellaverit,

127 575 207 600 non
229 560 399 598 disturbat
417 558 438 594 s
432 558 614 595 ecundam
628 588 637 603 ‚
656 570 727 596 nec
747 559 978 608 insequentes
989 584 998 598 ‚
1019 559 1079 595 sed
1101 570 1236 596 omnes
1257 558 1333 596 fine
1350 558 1554 597 resonantia
1564 586 1573 600 ‚
1595 570 1726 610 perve-

128 620 235 657 niunt
245 615 290 653 ad
302 617 469 652 imorum
495 613 777 651 &summorum
794 625 910 651 aures.
942 615 1041 664 Ergo
1059 625 1200 652 veteres
1223 613 1430 652 Architeffi
1445 641 1453 655 ‚
1478 625 1612 653 naturae
1623 615 1725 652 vesti-

129 676 188 724 gia
198 671 394 724 persecuti,
415 669 714 718 indagationibus
726 672 830 707 vocis
845 668 1064 707 scandentes
1086 670 1318 707 theatrorum
1338 669 1575 720 perfecerunt
1596 670 1724 720 grada-

128 732 269 767 tiones:
286 728 323 763 &
336 724 578 775 quaefiverunt
585 737 649 775 per
659 727 885 763 canonicam
896 724 1257 763 Mathematicorum
1269 727 1306 762 ὅ(
1318 725 1502 763 Musicam
1512 728 1699 764 rationem
1711 755 1724 770 ,

129 796 169 823 ut
186 792 414 833 quaecunque
432 792 507 818 vox
525 781 611 818 ess'et
628 783 666 818 in
684 780 791 817 scena
803 809 813 825 ‚
837 778 1179 818 clarior&suavior
1190 781 1235 817 ad
1255 779 1504 830 spestatorum
1515 784 1724 831 perveniret

128 851 241 878 aures.
264 837 334 878 Uti
347 839 445 873 enirn
458 848 596 885 organa
606 837 643 873 in
654 838 760 874 aeneis
777 837 938 875 laminis,
951 846 1012 874 aut
1022 838 1180 875 corneis,
1203 838 1277 888 [g]
1299 834 1385 873 diesi
1399 864 1408 879 ‚
1429 837 1475 873 ad
1496 837 1724 875 chordarum

128 897 314 933 sonituum
326 893 528 930 claritatem
547 892 807 943 perficiuntur:
832 891 882 929 fic
900 892 1127 930 theatrorum
1139 922 1148 937 ‚
1167 903 1231 941 per
1248 890 1496 930 harmonicen
1516 892 1562 930 ad
1582 904 1719 944 augen-

130 952 215 990 dam
227 960 381 990 vocem,
405 949 711 987 ratiocinationes
723 949 770 986 ab
786 949 945 999 antiquis
956 947 1039 986 sunt
1052 948 1274 986 constitutae.

771 1063 806 1102 C
838 1074 866 1102 A
898 1076 929 1102 ι’.
991 1062 1064 1103 IV.

268 1160 354 1212 De
367 1159 652 1211 Harmonia
666 1157 936 1233 ftmndum
947 1157 1004 1210 A
1007 1156 1231 1227 ristoxeni
1238 1155 1574 1210 traditionem.

221 1281 418 1321 AnMomA
437 1294 562 1321 autem
585 1282 636 1320 est
654 1282 798 1320 musica
816 1283 1016 1319 litteratura
1035 1280 1189 1319 obscura
1210 1280 1247 1317 δε
1266 1279 1425 1317 difficilis
1436 1308 1446 1324 ,
1468 1279 1631 1316 maxime
1643 1278 1724 1326 qui-

225 1338 324 1382 dem,
336 1339 469 1388 quibus
482 1340 611 1377 Graece
622 1340 753 1376 littcrae
764 1350 843 1375 non
854 1338 936 1375 sunt
948 1347 1068 1374 notae:
1092 1349 1210 1386 quam
1223 1335 1250 1372 fi
1261 1337 1436 1375 volumus
1446 1336 1627 1385 explicare
1638 1362 1649 1378 ‚
1659 1345 1724 1369 ne-

131 1393 224 1430 cesse
234 1393 284 1431 est
294 1396 404 1432 ctiam
415 1395 552 1433 Graecis
563 1396 684 1434 verbis
698 1396 753 1431 uti
766 1423 775 1439 ‚
796 1393 900 1443 quod
919 1393 1101 1430 nonnulla
1112 1404 1246 1430 eorum
1257 1392 1412 1429 Latinas
1422 1402 1501 1427 non
1514 1389 1649 1427 habent
1659 1399 1720 1436 ap-

129 1449 361 1499 pellationes,
394 1451 529 1499 Itaque
542 1451 600 1497 (ut
609 1450 762 1500 potero)
774 1462 889 1498 quam
899 1448 1122 1500 apertissime
1132 1461 1176 1486 ex
1189 1447 1402 1485 Aristoxeni
1411 1446 1594 1497 scripturis
1606 1445 1724 1480 inter-

127 1503 312 1555 pretabor,
328 1507 365 1543 ὅ(
377 1507 451 1551 ejus
466 1508 524 1551 [a]
536 1508 765 1555 diagramma
775 1505 994 1542 subscribam
1008 1534 1018 1549 ‚
1031 1502 1290 1553 finitionesque
1301 1503 1493 1540 sonituum
1507 1499 1724 1548 defignabo,

131 1561 188 1597 uti
197 1562 259 1609 qui
269 1561 484 1611 diligentius
497 1562 710 1600 attenderit.
724 1561 870 1599 facilius
881 1563 1072 1612 percipere
1082 1558 1206 1611 possit.
1238 1560 1327 1599 Vox
1339 1559 1441 1595 enim
1452 1553 1723 1593 mutationibus

131 1627 220 1652 cum
232 1615 396 1657 flestirur,
415 1619 499 1654 alias
511 1617 550 1654 fit
562 1616 621 1663 [b]
635 1629 757 1656 acum,
771 1619 857 1655 alias
868 1619 1003 1667 gravis:
1024 1614 1242 1665 duobusque
1259 1614 1382 1652 modis
1400 1621 1593 1650 movetur:
1618 1612 1683 1655 [ὃ]
1698 1606 1725 1645 ὲ

130 1672 264 1719 quibus
276 1684 373 1709 unus
384 1673 492 1711 habet
501 1671 651 1710 effectus
663 1676 904 1711 continuatos
915 1703 925 1718 ‚
943 1673 1032 1709 alter
1053 1671 1234 1709 distantes.
1265 1669 1455 1707 Continua
1466 1678 1539 1705 vox
1550 1677 1670 1714 neque
1682 1665 1724 1702 in

128 1725 360 1765 finitionibus
372 1727 548 1773 consistit,
563 1741 686 1778 neque
697 1729 734 1765 in
745 1729 837 1766 loco
848 1729 941 1771 ullo,
955 1727 1146 1776 efficitque
1159 1726 1446 1764 terminationes
1457 1733 1538 1765 nQn
1549 1731 1726 1771 apparen-

129 1791 183 1818 tes
197 1796 204 1818 :
227 1784 417 1821 intervalla
427 1795 554 1821 autem
566 1785 687 1821 media
697 1786 858 1836 patentia
872 1803 882 1831 3
907 1781 1152 1820 utisermone,
1165 1793 1255 1819 cum
1265 1781 1436 1817 dicimus,
1452 1777 1519 1822 sol,
1541 1778 1602 1814 lux
1613 1804 1624 1822 ,
1635 1775 1720 1815 flos,

126 1848 216 1873 nox.
242 1838 357 1874 Nunc
368 1842 470 1876 enim
481 1840 657 1877 necunde
668 1840 814 1889 incipit,
825 1850 894 1876 nec
904 1838 968 1876 ubi
980 1836 1121 1876 definit,
1135 1837 1362 1885 intelligitur,
1375 1832 1434 1870 sed
1444 1843 1564 1881 neque
1576 1843 1620 1868 ex
1633 1842 1723 1868 acu-

127 1903 166 1930 ta
176 1891 269 1930 faeta
279 1892 328 1929 est
341 1896 481 1943 gravis,
502 1907 573 1932 nee
591 1906 636 1932 ex
653 1896 752 1944 gravi
769 1890 878 1931 acuta
895 1903 1045 1944 apparet
1066 1893 1223 1930 auribus.
1253 1891 1324 1928 Per
1342 1888 1547 1927 distantiam
1560 1896 1686 1924 autem
1698 1883 1723 1922 ὲ

131 1950 332 1986 contrario.
357 1951 536 1999 Namque
548 1962 635 1987 cum
646 1950 852 1986 flestiturin
864 1950 1074 1986 mutatione
1085 1960 1171 1987 vox,
1185 1947 1306 1984 statuit
1315 1944 1347 1981 se
1359 1946 1396 1982 in
1407 1945 1565 1989 alicuius
1577 1942 1723 1980 sonitus

132 2002 362 2042 finitionem:
385 2006 517 2043 deinde
528 2008 565 2043 in
577 2007 724 2042 alterius
739 2034 748 2049 ‚
770 2008 808 2043 ὅ(
826 2005 863 2042 id
874 2006 973 2042 ultro
985 2006 1156 2054 citroque
1168 2004 1300 2041 crebro
1318 2000 1495 2038 faciendo
1510 1997 1725 2035 inconstans

132 2060 570 2110 apparetsenfibus,utiin
582 2057 818 2099 cantionibus
830 2091 840 2107 ‚
861 2072 950 2098 cum
968 2060 1156 2098 flestentes
1173 2069 1307 2098 voces,
1331 2057 1546 2100 varietatem
1562 2053 1720 2090 facimus

131 2114 415 2155 modulationis.
429 2118 560 2167 Itaque
573 2115 640 2165 [d]
653 2118 850 2156 intervallis
861 2127 904 2153 ea
913 2128 1000 2154 cum
1010 2116 1179 2160 versatur,
1193 2117 1230 2154 &
1242 2112 1340 2151 unde
1351 2113 1500 2149 initium
1511 2107 1722 2201 fecith&sibi

1089 2173 1122 2209 L
1163 2186 1182 2208 2
1627 2175 1645 2199 c
1663 2173 1718 2204 nt.

146 2236 1415 2246 Ἣ

129 2262 161 2297 g]
184 2261 333 2289 Philander·
353 2262 436 2290 Diefis
448 2263 606 2303 intelligitur
615 2263 700 2291 statim
710 2274 789 2301 quam
807 2264 883 2291 sonus
894 2263 964 2291 sensu
975 2263 1073 2301 percipi
1083 2262 1177 2300 potest.
1201 2261 1264 2287 Hoc
1276 2259 1338 2286 loco
1349 2257 1432 2285 utitur
1448 2265 1496 2293 pro
1506 2254 1640 2282 sonituum
1651 2263 1723 2292 quo-

163 2302 224 2329 dam
237 2301 386 2330 discrimine
396 2322 402 2332 .
420 2302 484 2330 licut
495 2312 551 2341 cap.
563 2304 677 2339 proxim.
689 2305 716 2330 in
728 2304 886 2331 harmonico
896 2313 944 2342 pro
953 2312 1046 2341 quarta
1064 2303 1121 2329 toni
1134 2309 1216 2339 parte.
1237 2301 1270 2327 Er
1280 2298 1371 2326 diesim
1383 2296 1490 2335 quidem
1509 2294 1642 2323 Philolaus
1652 2293 1722 2332 apud

165 2342 308 2370 Boethium
321 2343 414 2370 Mulie.
423 2342 469 2369 lib.
482 2353 506 2369 v.
519 2353 574 2381 cap.
588 2352 634 2369 111.
655 2339 705 2370 effe
713 2344 749 2370 ait
760 2343 871 2382 spatium
882 2353 936 2381 quo
947 2344 1050 2370 duobus
1062 2343 1132 2369 tonis
1143 2341 1230 2376 major
1241 2340 1276 2368 est
1287 2338 1450 2376 sesquialtera
1469 2336 1619 2374 proportio.
1646 2335 1671 2362 id
1684 2334 1720 2362 est

164 2382 344 2411 hemitonium
354 2384 439 2410 minus
453 2404 459 2415 ,
479 2383 552 2418 eujus
563 2383 702 2410 dimidium
712 2393 822 2411 vocatur
829 2384 979 2421 diachysma
990 2393 996 2409 ε
1018 2391 1169 2421 quanquam
1180 2382 1206 2408 in
1217 2390 1303 2419 aequas
1313 2380 1375 2407 duas
1387 2386 1472 2416 partes
1480 2376 1561 2404 dividi
1572 2386 1624 2403 non
1634 2374 1720 2413 potest

165 2423 246 2461 reipsa
258 2444 264 2455 ,
284 2434 344 2451 cum
358 2425 495 2451 contineat
506 2424 578 2451 dietis
588 2422 661 2462 supra
672 2424 721 2451 tria
729 2433 865 2453 commata
874 2421 926 2451 fere
936 2423 1086 2451 dimidium.
1110 2422 1302 2450 Hemitonium
1310 2428 1401 2448 autem
1411 2417 1511 2453 majus,
1524 2426 1582 2455 qua:
1592 2424 1721 2454 apotome

163 2465 271 2496 dicitur,
284 2465 317 2491 est
327 2464 504 2492 hemitonium
517 2474 578 2492 cum
588 2473 721 2492 commate
733 2465 759 2491 in
771 2464 975 2503 superpartiente
984 2464 1160 2502 proportione
1169 2461 1346 2490 observatum.

129 2507 159 2540 a]
182 2504 331 2532 Philauder.
351 2506 540 2544 Diagramma.
557 2504 768 2544 designationem
781 2526 787 2537 ,
806 2503 1030 2532 deformationem
1039 2525 1045 2536 ‚
1056 2502 1314 2542 descriptionemque
1324 2499 1464 2541 significat.
1476 2500 1549 2527 Istius
1561 2506 1650 2526 autem
1661 2496 1723 2524 dia-

163 2545 331 2585 grammatis‚
342 2554 371 2574 ut
380 2546 489 2573 aliarum
501 2546 622 2572 omnium
633 2544 787 2586 figurarum,
798 2555 861 2583 quas
872 2546 976 2572 Vitruv.
989 2545 1140 2583 pollicetur,
1153 2544 1280 2579 jacturam
1292 2540 1414 2570 fecimus-

131 2586 160 2621 h]
184 2586 268 2614 Idem.
292 2587 355 2613 Soni
373 2587 534 2625 gravitatem
552 2586 659 2625 quidem
670 2585 725 2614 lieri
737 2607 743 2618 ,
761 2595 823 2614 cum
834 2596 864 2614 ex
876 2586 975 2613 intimo
992 2584 1094 2624 spiritus
1105 2584 1217 2612 trahitur
1227 2605 1233 2617 ,
1255 2592 1367 2611 acumen
1389 2591 1452 2609 vero
1474 2590 1505 2608 ex
1515 2578 1649 2618 superficie
1669 2578 1722 2606 oris

165 2627 266 2659 emitti,
277 2627 375 2654 author
385 2628 419 2654 est
432 2628 512 2654 Mart.
524 2626 632 2665 Capella
641 2626 686 2653 lib.
698 2637 741 2655 ix.

132 2669 158 2702 ε]
179 2667 261 2695 Idem.
283 2668 356 2694 Idem
368 2667 514 2695 Martianus
526 2666 571 2694 lib.
586 2667 681 2695 codem
694 2688 700 2699 ,
718 2667 850 2705 triplicem
862 2663 913 2695 effe
930 2666 1003 2694 vocis
1020 2666 1152 2694 rationem
1163 2664 1251 2693 scribit
1265 2685 1270 2696 ‚
1292 2663 1446 2691 continuam
1459 2662 1530 2689 velut
1541 2658 1719 2698 colloquium,

164 2708 272 2736 divisam
284 2708 335 2735 five
344 2708 559 2739 diastematicam,
572 2718 651 2745 quam
660 2709 685 2735 in
698 2708 879 2735 modulatione
891 2707 1034 2738 servamus.
1057 2711 1082 2735 δε
1096 2708 1210 2734 mixtam
1225 2716 1275 2744 qua
1284 2705 1400 2732 carmina
1411 2704 1564 2730 recitantur.
1576 2700 1642 2728 Vide
1652 2702 1721 2727 Boe·-

166 2747 254 2775 thium
266 2748 381 2776 Muiices
391 2748 436 2776 lib.
450 2758 469 2776 1.
482 2758 538 2786 cap.
549 2758 602 2775 κιι.
615 2751 686 2776 Nam
702 2748 747 2776 lib.
759 2758 784 2775 v.
797 2758 893 2786 cap.1v.
905 2752 928 2776 8:
941 2758 963 2775 v.
980 2747 1059 2775 tradit
1069 2747 1100 2775 de
1112 2746 1222 2775 vocibus
1234 2744 1347 2773 unisonis
1357 2748 1380 2771 S<
1391 2753 1443 2770 non
1455 2743 1579 2771 unisonis.

133 2787 163 2823 d]
185 2789 330 2817 Philander.
354 2789 496 2816 Intervalla
504 2790 629 2816 dicuntur
638 2789 791 2817 diastemata
801 2789 826 2816 id
837 2789 872 2816 est
884 2790 958 2816 vocis
969 2787 1047 2826 spatia
1059 2810 1066 2822 ,
1077 2788 1171 2826 quibus
1181 2795 1257 2814 acuta
1267 2789 1291 2813 S<
1308 2784 1395 2824 gravis
1406 2784 1557 2811 includitur.
1580 2780 1721 2819 Qemad*

176 2830 285 2857 modum
297 2839 386 2858 autem
397 2840 427 2857 ex
439 2831 468 2857 iis
480 2829 546 2857 fiunt
555 2829 692 2867 systemata
705 2851 711 2861 ,
732 2838 768 2857 ita
778 2828 834 2856 haec
846 2839 878 2857 ex
888 2828 1035 2867 phthongis
1046 2850 1053 2861 ,
1073 2829 1117 2866 qui
1128 2828 1325 2855 elementorum
1337 2825 1393 2852 vice
1403 2824 1429 2851 in
1450 2824 1552 2852 Mulica
1562 2821 1722 2862 funguntur,

176 2868 285 2897 authore
297 2871 409 2898 Adrasto
420 2871 604 2909 peripatttico
626 2870 711 2908 Qiod
722 2879 785 2898 vero
797 2870 878 2897 trium
890 2878 996 2897 tantum
1015 2869 1230 2896 modulationum
1241 2875 1370 2904 generum
1388 2865 1509 2892 meminit
1519 2866 1656 2892 Vitruvius
1669 2884 1674 2894 ‚
1695 2862 1722 2889 id

178 2905 239 2935 fecit
250 2910 426 2947 plurimorum
447 2910 606 2938 senteutiam
617 2910 729 2939 secutus.
750 2912 820 2938 Nam
832 2911 932 2948 Pappus
944 2913 968 2937 &
979 2908 1122 2936 Cleonides
1132 2909 1158 2935 in
1171 2907 1328 2935 harmonico
1341 2905 1539 2934 introductorio
1550 2906 1667 2932 mixtum
1678 2902 1724 2930 adp

179 2947 299 2977 diderunt
309 2971 316 2983 ‚
331 2951 372 2981 vel
382 2961 544 2980 commune:
569 2950 621 2981 hoc
641 2952 749 2991 quidem
759 2961 791 2980 ex
810 2950 985 2979 infistentibus
1004 2949 1168 2989 phthongis:
1187 2948 1253 2977 illud
1268 2947 1366 2976 veroin
1377 2956 1432 2984 quo
1450 2946 1504 2975 duo
1514 2954 1557 2975 aut
1569 2946 1618 2972 tria
1625 2951 1724 2984 genera

179 2985 299 3018 ineffent.
1720 3019 1723 3022 Α

1594 3027 1621 3060 ε]
1638 3023 1721 3052 Idem.
