2023 3162
457 89 1092 129 υεΑῐὶεΗῐτι-ῖετνιὶΑ
1147 84 1352 127 L113.V.
1670 102 1715 132 31

115 164 312 205 schematis
326 191 336 208 ‚
355 162 502 200 minore
523 169 718 197 curvatura
735 155 962 194 formatum.
997 155 1086 203 Ejus
1104 166 1231 194 autem
1249 154 1450 205 hemicycli
1469 157 1506 194 in
1525 157 1648 204 fronte
1667 160 1719 199 est

116 220 371 261 intervallum,
395 217 537 269 pedum
555 228 577 253 x
591 227 698 257 LVI,
716 210 893 250 introrsus
917 208 1001 257 [h]
1021 217 1214 250 curvatura
1232 211 1373 262 pedum
1393 225 1472 257 xv,
1494 216 1547 250 uti
1565 227 1630 253 eos
1650 219 1719 265 qui

118 277 217 331 apud
228 274 453 325 magistratus
463 271 596 309 starent
607 295 615 308 ,
631 269 865 318 negotiantes
875 269 913 304 in
926 266 1072 305 basilica
1087 279 1133 305 ne
1143 267 1380 318 impedirent.
1391 269 1508 319 Supra
1518 271 1717 309 columnas

119 348 164 372 ex
176 333 290 370 tribus
305 330 416 380 tignis
425 326 652 378 bipedalibus
673 323 880 374 compaCtis
891 323 1011 361 trabes
1021 322 1101 361 sunt
1112 324 1210 360 circa
1220 324 1429 364 collocatae,
1442 337 1568 375 eatque
1587 325 1633 363 ab
1643 337 1717 363 ter-

118 392 178 428 tiis
192 387 379 425 columnis
392 414 403 430 ‚
423 396 503 434 quae
514 382 637 419 suntin
650 381 817 418 interiori
828 390 929 429 parte
942 405 950 419 ‚
971 388 1202 417 revertuntur
1219 379 1264 416 ad
1282 390 1405 419 antas,
1428 393 1509 431 quae
1529 380 1549 418 a
1567 393 1715 432 pronao

119 453 363 499 procurrunt,
387 440 589 487 dextraque
611 439 649 474 &
667 435 799 473 sinistra
821 436 1074 483 hemicyclum
1096 445 1276 485 tangunt.
1305 436 1420 487 Supra
1440 437 1561 474 trabes
1583 449 1716 476 contra

121 501 282 552 capitula
298 509 342 535 cx
362 495 548 533 fulmentis
565 490 741 543 disposita:
759 492 842 542 pilae
860 489 944 528 sunt
965 491 1160 529 collocatae
1173 520 1183 535 ‚
1203 491 1283 529 altae
1303 493 1457 543 pedibus
1476 493 1614 539 tribus,
1631 496 1716 532 lata:

121 550 400 608 quoquoversus
412 550 608 599 quaternis.
626 549 742 598 Supra
752 559 812 585 eas
824 559 867 583 ex
879 545 1026 583 duobus
1036 547 1146 595 tignis
1163 546 1390 596 bipedalibus
1402 548 1522 587 trabes
1544 551 1599 596 [ι’]
1612 562 1718 588 euer-

121 624 246 651 oaneae
259 611 356 647 circa
367 605 449 644 sunt
468 605 685 646 collocatae3
709 602 842 652 quibus
853 600 996 653 insuper
1009 601 1157 639 transtra
1177 613 1265 639 cum
1284 606 1466 654 capreolis
1487 616 1620 643 contra
1640 607 1717 643 Zo-
1731 608 1760 631 V·
1781 615 1832 631 ‘0⁷-

121 648 264 722 {horos
283 667 320 703 &
333 663 483 700 antas&
493 662 651 712 parietes
664 661 794 711 pronai
813 658 1003 696 collocata
1014 686 1025 702 ‚
1043 656 1215 695 sustinent
1232 670 1350 696 unum
1364 661 1515 698 eulmen
1534 672 1718 712 perpetuae
1729 653 1800 683 ΡΜ·

123 724 275 764 basilieae
288 747 296 761 ,
318 719 473 757 alterum
495 717 516 753 a
536 716 664 754 medio
682 715 785 765 supra
805 725 991 765 pronaum
1012 713 1097 750 aedis
1110 742 1118 750 .
1158 715 1210 751 Ita
1230 712 1459 763 fastigiorum
1478 716 1615 767 duplex
1633 729 1721 757 nata

124 777 311 831 dispositio
323 805 334 821 ‚
353 773 574 811 extrinsecus
587 772 692 815 testi,
719 773 757 808 δε
776 771 961 807 interioris
973 769 1053 805 altae
1063 768 1251 806 testudinis
1264 799 1273 813 ‚
1295 770 1463 819 praestant
1480 772 1638 821 speciem
1657 786 1721 813 ve-

124 836 290 875 nustam.
330 832 422 869 Item
441 827 578 867 sublata
595 826 847 877 epistyliorum
863 834 1106 869 ornamenta,
1129 825 1168 862 δε
1190 823 1269 870 [k]
1288 827 1503 874 pluteorum
1523 830 1719 866 columna-

125 901 282 941 rumque
294 885 518 938 superiorum
530 882 736 922 distributio
749 911 760 927 ,
781 881 981 932 operosam
991 880 1147 918 detrahit
1158 880 1383 920 molestiam.
1401 881 1636 933 sumptusque
1646 887 1718 923 im-

127 948 261 988 minuit
271 956 313 981 cx
323 953 457 990 magna
466 950 569 991 parte
579 939 774 978 summam.
805 938 891 989 Ipsae
902 948 993 974 vero
1008 937 1194 974 columnae
1206 938 1244 973 in
1256 936 1451 975 altitudine
1463 949 1637 989 perpetua
1654 941 1718 979 sub

127 1004 230 1043 trabe
248 997 437 1038 testudinis
454 994 637 1047 perductae
651 1021 659 1036 ‚
692 994 731 1032 &
753 992 1077 1045 magnificentiam
1095 992 1265 1044 impensae
1286 991 1595 1034 &aridioritatem
1613 998 1720 1047 operi

128 1060 304 1109 adaugere
324 1052 506 1094 videntur.

796 1131 831 1170 C
860 1144 884 1168 Α
912 1142 943 1170 P.
1001 1132 1063 1171 II-

403 1238 679 1297 Deaerarzb,
698 1254 896 1290 carcere»
922 1234 985 1294 Εἴ
998 1235 1136 1289 curia
1148 1234 1447 1291 ordinandis.

128 1365 459 1448 [aJAERarium
474 1395 485 1411 ,
503 1377 648 1405 carcer,
672 1367 772 1404 curia
783 1364 868 1404 foro
881 1364 963 1404 sunt
975 1362 1264 1416 conjungenda,
1282 1361 1406 1402 sedita
1427 1364 1479 1401 uti
1499 1363 1722 1413 magnitudo

299 1421 513 1471 symmetriae
523 1434 660 1461 eorum
670 1420 757 1459 foro
767 1421 1005 1475 respondeat:
1027 1422 1191 1459 maxime
1202 1420 1357 1470 quidem
1367 1421 1470 1458 curia
1479 1421 1658 1469 imprimis
1670 1419 1722 1457 cst

128 1477 299 1517 facienda
318 1477 364 1514 ad
381 1478 601 1528 dignitatem
619 1479 811 1529 municipii
829 1478 900 1517 five
920 1479 1088 1517 civitatis.
1124 1477 1170 1514 Et
1188 1475 1215 1513 fi
1233 1477 1410 1527 quadrata
1430 1478 1519 1520 erit,
1538 1486 1725 1525 quantum

127 1533 295 1573 habuerit
311 1534 536 1579 latitudinis,
559 1534 710 1571 dimidia
729 1535 850 1573 addita
861 1535 1106 1581 constituatur
1116 1533 1295 1571 altitudo:
1327 1535 1391 1571 Sin
1412 1542 1538 1570 autem
1558 1532 1725 1581 oblonga

128 1591 238 1628 fuerit
250 1619 260 1634 ‚
278 1590 482 1639 longitudo
494 1593 532 1628 ὃς
545 1590 702 1628 latitudo
715 1601 992 1642 componantur
1002 1616 1010 1630 ‚
1032 1591 1069 1628 &
1078 1588 1224 1627 summa
1235 1589 1444 1639 composita
1455 1615 1463 1629 ‚
1481 1590 1556 1634 ejus
1569 1587 1724 1624 dimidia

129 1658 212 1698 pars
229 1644 295 1684 sub
307 1648 501 1684 lacunariis
512 1647 696 1684 altitudini
715 1647 833 1684 detur.
862 1648 1037 1685 Praeterea
1055 1644 1304 1696 praecingend'i
1321 1643 1404 1682 sunt
1421 1645 1576 1694 parietes
1593 1643 1723 1683 medii,

132 1699 213 1748 [b]
236 1704 386 1739 coronis
405 1714 450 1738 ex
470 1702 646 1740 intestino
666 1715 800 1752 opere,
824 1712 887 1740 aut
901 1702 1060 1741 albario,
1081 1701 1126 1738 ad
1137 1699 1328 1737 dimidiam
1346 1710 1489 1750 partem
1510 1699 1724 1737 altitudinis.

132 1760 228 1810 Qae
248 1756 273 1794 fi
292 1770 374 1795 non
394 1766 522 1796 erunt,
544 1769 619 1795 vox
638 1757 689 1794 ibi
700 1756 959 1808 disputantium
980 1758 1075 1795 elata
1090 1757 1128 1792 in
1146 1756 1379 1792 altitudinem
1392 1785 1403 1800 ,
1422 1754 1626 1792 intellestui
1643 1765 1725 1791 non

129 1815 269 1865 poterit
288 1811 355 1849 csse
376 1812 616 1850 audientibus.
649 1813 754 1850 Cum
767 1824 895 1851 autem
909 1814 1063 1851 coronis
1081 1811 1265 1861 praecincti
1276 1812 1430 1861 parietes
1441 1820 1565 1849 erunt,
1581 1822 1658 1848 vox
1676 1808 1722 1847 ab

130 1870 174 1907 iis
193 1879 358 1909 morata,
380 1870 477 1920 prius
486 1880 600 1918 quam
610 1869 647 1904 in
657 1870 743 1906 aere
753 1870 847 1906 elata
860 1867 1060 1921 dissipetur,
1073 1867 1217 1904 auribus
1227 1866 1497 1904 eritintcllecta.

132 2009 164 2045 h]
185 2009 268 2037 idem.
288 2008 389 2038 Desunt
398 2018 545 2038 curvatur-‘e
555 2009 633 2049 pedes
646 2019 715 2042 viu,
724 2018 754 2037 ur
765 2009 793 2037 fir
803 2008 992 2037 semicirculus.
1003 2009 1074 2037 Nam
1084 2017 1146 2037 cum
1159 2008 1185 2035 in
1196 2005 1285 2035 fronte
1297 2014 1384 2046 pateat
1396 2005 1474 2045 pedes
1488 2012 1604 2038 xtv1,ut
1615 2002 1660 2032 fiat
1669 2012 1727 2031 me-

167 2049 209 2078 dia
220 2059 276 2088 pars
287 2050 409 2078 diametri
419 2059 527 2088 oportet
539 2059 708 2079 curvaturam
719 2049 846 2078 introrsus
856 2047 908 2077 effe
921 2049 1018 2088 pedum
1028 2059 1110 2077 xxiii.

133 2092 156 2125 ι]
186 2090 268 2118 Idem.
291 2091 473 2129 CompaCtiles
483 2091 596 2129 superius
607 2092 723 2124 vocavit,
734 2091 760 2118 id
771 2091 816 2121 est,
825 2091 904 2130 lignis
915 2089 1063 2118 trabibusve
1072 2089 1169 2126 juuCtis
1181 2090 1346 2129 companas:
1360 2088 1406 2116 nili
1418 2087 1460 2115 cui
1472 2087 1555 2127 magis
1564 2085 1677 2124 placebit
1688 2083 1730 2113 af-

167 2129 239 2158 fabre
250 2128 339 2160 fassas,
350 2131 422 2169 quod
432 2131 529 2167 οϋερφές
537 2134 624 2159 Grate-
635 2132 665 2159 iit
677 2140 797 2160 accurate
805 2129 915 2160 factum.

134 2173 162 2206 k]
185 2171 268 2198 Idem.
288 2170 431 2199 Pluteihoc
441 2172 504 2199 loco
514 2170 572 2200 sunt
582 2171 747 2210 superiorum
758 2172 790 2200 ab
799 2170 968 2200 inferioribus
979 2172 1111 2201 columnis
1120 2171 1260 2210 intersepta
1272 2191 1278 2203 ,
1299 2169 1325 2197 id
1337 2170 1372 2197 est
1381 2189 1388 2199 ,
1401 2166 1527 2207 quicquid
1539 2167 1575 2195 est
1585 2164 1600 2195 ἃ
1611 2166 1730 2207 capitulo

172 2209 327 2239 inferiorum
336 2210 521 2240 columnarum
531 2233 538 2244 ,
559 2212 591 2240 ad
601 2212 682 2240 balim
692 2212 865 2250 superiorum,
878 2221 907 2240 ut
919 2212 997 2250 paulo
1008 2222 1079 2241 ante.

135 2264 167 2297 a]
189 2262 336 2291 Philander.
361 2262 390 2289 ld
399 2262 507 2291 studiose
518 2262 689 2292 observarunt
701 2263 776 2302 prisci
786 2265 911 2292 Romani.
928 2265 1000 2292 Nam
1011 2268 1035 2292 δι
1047 2263 1167 2291 aerarium
1175 2259 1251 2290 fuisse
1260 2262 1286 2289 in
1297 2261 1401 2289 Saturni
1411 2260 1475 2293 aule,
1492 2271 1549 2299 quae
1558 2261 1589 2289 ad
1598 2259 1656 2289 fora
1667 2271 1726 2300 per·
1740 2264 1802 2299 Cap.
1816 2269 1851 2289 ιι,

172 2303 273 2332 tinebat
284 2324 290 2334 .
313 2303 413 2331 constat
424 2323 430 2334 ,
450 2307 474 2331 &-
486 2313 620 2331 carcerem
631 2305 662 2331 ad
673 2313 803 2331 terrorem
820 2303 990 2331 increscentis
1004 2304 1118 2332 audaciae
1127 2303 1213 2330 media
1229 2302 1293 2330 urbe
1304 2302 1489 2329 imminentem
1498 2300 1560 2329 foro
1569 2300 1731 2330 aedificatum

171 2344 252 2373 tradit
264 2345 353 2371 Livius
365 2343 444 2370 lib-1.
454 2344 496 2371 cui
505 2345 558 2370 Ser.
570 2344 673 2371 Tullius
684 2343 883 2371 subterraneum
894 2344 994 2375 locum,
1003 2353 1082 2382 quem
1090 2342 1213 2371 describit
1224 2343 1346 2371 Salustius
1357 2364 1362 2375 ,
1375 2341 1474 2370 addidit
1485 2363 1492 2375 ,
1511 2342 1590 2371 hodie
1602 2345 1638 2370 D.
1651 2343 1732 2370 Petro

170 2393 359 2425 cognomento
372 2386 401 2410 ln
411 2393 515 2412 carcere
525 2384 653 2416 dicatum
662 2387 686 2412 ἃ
696 2385 796 2412 curiam
808 2383 952 2413 Hostiliam
963 2393 1058 2412 contra
1066 2381 1157 2412 foxum
1166 2380 1241 2411 fuisse
1251 2393 1284 2411 ex
1295 2382 1446 2411 Asconioin
1455 2384 1605 2412 orationem
1616 2393 1665 2422 pro
1676 2383 1733 2411 Mi-

173 2427 234 2453 lone
252 2425 311 2453 satis
323 2433 440 2463 apparet.

139 2466 169 2502 b]
191 2467 273 2494 Idem.
293 2468 414 2494 Coronas
427 2476 474 2504 pro
483 2466 594 2506 integris
605 2465 777 2494 coronicibus
787 2466 865 2497 dixit,
882 2467 907 2495 id
918 2467 952 2495 cst
962 2465 1196 2506 praecinstionibus
1206 2469 1230 2495 &c
1241 2465 1322 2494 veluti
1333 2464 1481 2493 transversis
1493 2465 1616 2504 cingulis,
1637 2464 1734 2504 quibus

173 2509 375 2547 praecinguntur
395 2507 506 2544 parietes
518 2528 524 2538 ,
546 2517 578 2534 ne
590 2517 656 2538 vox.
680 2505 829 2545 priusquam
847 2507 982 2536 Intellecta
997 2509 1044 2541 fir,
1064 2504 1211 2546 dissipetur.
1233 2506 1331 2534 Eadem
1341 2506 1444 2534 ratione
1455 2506 1554 2545 pulpita
1571 2509 1595 2533 δε
1612 2506 1731 2546 suggesta

173 2548 395 2576 concionantium
415 2548 538 2575 intestino
552 2557 631 2585 opere
642 2547 813 2585 obtegimus:
831 2548 921 2576 cadem
931 2548 1097 2588 hemicyclos
1108 2547 1192 2576 Chori
1202 2546 1272 2575 sedes
1283 2548 1309 2574 in
1320 2546 1438 2584 templis.
1461 2549 1552 2584 Itaque
1562 2548 1733 2584 praecini'tio-

174 2589 251 2616 nibus
261 2588 313 2615 istis
325 2586 403 2615 fiebat
416 2608 422 2619 ,
444 2596 473 2615 ur
490 2597 542 2615 vox
558 2598 611 2616 non
621 2588 769 2615 elaberetur
781 2609 787 2618 .
804 2588 846 2616 sed
868 2589 948 2618 veluti
966 2589 1066 2629 repulsa
1076 2597 1235 2630 cogeretur,
1247 2591 1271 2616 ἅ·
1283 2587 1388 2626 plenior
1398 2586 1636 2625 confirmatiorque
1647 2586 1730 2616 ficret.

176 2629 247 2659 Alias
257 2638 358 2658 coron-1
369 2638 557 2658 ornamentum
568 2630 604 2658 est
614 2638 771 2660 camera-mut
782 2627 827 2657 lib.
837 2639 863 2663 7.
876 2639 930 2666 c.3.
940 2632 1008 2660 uude
1020 2630 1190 2660 coronarium
1201 2638 1267 2668 opus
1276 2627 1443 2665 ejusdemlib.
1457 2637 1514 2666 cap.
1528 2636 1548 2661 3.
1561 2630 1584 2656 Ex·
1597 2634 1623 2657 6.

1125 2894 1159 2932 L
1619 2894 1735 2932 CAP.
