2023 3162
241 49 292 78 60
492 51 494 53 ’
619 33 1472 73 LUDOVIC1DEMONT10811

246 109 280 144 ci
300 104 445 157 prorsus
469 101 673 143 adhaerent,
703 105 741 139 ὃ(
764 112 857 138 cum
877 111 917 137 ea
938 98 1233 137 confunduntur.
1268 100 1362 151 Qae
1382 111 1473 137 vero
1493 102 1591 138 intus
1604 99 1841 151 sparguntur,

246 173 293 200 ne
313 164 393 215 ipsae
414 161 567 212 quidem
586 161 631 198 ab
648 158 781 196 umbra
802 158 1031 207 separantur.
1062 156 1135 192 Sed
1158 167 1227 192 nec
1248 168 1319 204 qua
1337 156 1466 191 lumen
1490 157 1629 207 pifflura
1649 159 1780 208 recipit
1800 157 1842 193 li-

246 231 334 256 neas
352 219 442 256 ullas
462 228 612 254 cernere
633 215 703 251 est.
751 212 871 264 Qod
892 212 917 249 si
939 212 985 249 ad
1003 211 1207 262 graphicen
1226 211 1429 262 speeiemus
1443 240 1452 256 ,
1474 223 1520 248 ne
1538 211 1600 248 hic
1618 212 1769 261 quidem
1791 216 1846 251 vi-

246 276 321 312 deo
333 287 398 312 cur
420 275 499 311 haec
518 273 696 317 subtilitas
718 271 899 307 linearum
920 278 1115 317 tantopere
1134 267 1428 304 commendetur
1448 269 1485 305 in
1506 267 1665 318 pidiore:
1688 280 1774 305 eum
1789 282 1845 306 ar-

249 330 395 369 tificum
417 329 557 375 judicio
576 327 714 378 pistura
734 326 878 362 linearis
891 336 941 361 eo
966 325 1329 371 nominenunquam
1342 323 1529 366 laudetur,
1566 323 1624 360 sed
1643 323 1681 360 id
1701 334 1844 362 tantum

248 386 444 438 spectetur,
463 396 509 422 an
532 384 708 434 graphice
730 393 853 419 rerum
874 379 1013 429 effigies
1030 379 1098 416 sint
1117 379 1352 416 adumbratae.
1377 380 1461 416 Nec
1480 379 1642 418 interest,
1663 381 1847 417 tenuiori-

248 443 316 481 bus
335 444 438 479 lineis
459 452 505 477 an
528 438 784 477 craffloribus.
824 438 912 474 Imo
933 437 979 472 de
998 434 1169 472 industria
1186 436 1409 473 lineamenta
1425 433 1661 472 crassioribus
1682 436 1848 486 primum

249 501 356 537 lineis
377 495 657 535 adumbrantur.
701 493 790 530 Vidi
811 494 910 529 enim
931 493 1049 529 multa
1067 491 1294 541 autographa
1312 490 1618 540 peritissimorum
1638 490 1846 544 artificum,
1882 486 1886 493 “

247 557 313 604 qui
334 554 409 591 hoc
427 550 640 589 felicissimo
657 550 791 588 saeculo
811 549 1015 586 floruerunt
1028 577 1039 592 ,
1059 547 1260 585 Michaelis
1281 547 1420 595 Augeli
1439 547 1620 585 Bonaroti
1634 573 1643 586 ‚
1667 546 1846 598 Raphae-

248 612 292 647 lis
311 609 508 647 Urbinatis
522 638 531 653 ,
552 608 728 651 Salviati,
752 605 950 653 Polydori,
972 603 1194 647 Parmensis,
1217 603 1381 647 Titiani,
1400 603 1636 651 aliorumque
1658 603 1848 641 nobilium

246 665 433 704 artificum
446 694 455 710 ‚
488 663 548 701 sed
565 664 760 701 neminem
781 661 1025 699 animadverti
1042 657 1220 697 aft'ecltass'e
1241 670 1406 708 unquam
1426 659 1668 696 subtilitatem
1687 660 1789 697 illam
1808 661 1849 696 li-

249 734 414 760 nearum.
445 722 574 770 Itaque
592 719 795 758 videndum
815 717 887 762 est,
909 715 1013 765 quod
1033 715 1142 762 hujus
1155 715 1308 753 celebris
1327 716 1538 753 certaminis
1550 713 1756 762 subjectum
1773 714 1851 752 fue-

248 780 315 816 rit,
339 780 376 815 &
397 777 504 826 quod
524 787 675 813 tantum
695 775 779 813 artis
791 773 996 824 specimen,
1014 782 1054 809 ut
1074 783 1121 808 eo
1143 771 1219 809 viso
1233 797 1239 810 ,
1255 783 1384 808 manus
1408 771 1507 807 fama
1518 781 1662 808 tantum
1683 774 1848 821 cognitae

248 833 370 871 subito
390 833 706 882 dignoscerentur.
742 831 815 867 Sed
830 828 1007 866 lestorem
1028 827 1173 878 piCturae
1191 827 1445 876 quadantenus
1467 829 1627 876 peritum
1647 837 1765 877 opto,
1786 836 1849 864 aut

250 892 317 939 qui
336 889 459 926 saltem
473 889 600 926 doceri
611 888 709 925 velit.
743 885 843 921 Huic
855 896 930 932 ego
951 895 1047 928 rem,
1070 893 1108 920 ut
1127 881 1191 926 est,
1209 885 1336 932 paucis
1350 883 1726 932 exponam.Primum
1746 881 1849 919 nosse

250 948 537 996 operaepretiurn
550 944 600 980 est
613 973 622 987 ,
644 945 679 979 in
695 941 834 992 piiiura
856 938 1022 976 absoluta
1043 939 1192 975 colores
1212 938 1376 987 singulos
1398 939 1513 975 tribus
1537 937 1749 976 differentiis
1769 949 1851 975 tan-

251 1013 367 1051 quam
392 1000 566 1050 gradibus
589 999 776 1046 distingui,
792 997 895 1034 luce,
914 995 1066 1038 umbra,
1087 996 1123 1031 ὃς
1145 992 1351 1044 splendore.
1381 995 1467 1031 Sine
1484 995 1668 1032 lucenihil
1685 996 1849 1033 omnino

250 1058 352 1095 cerni
365 1054 497 1106 potest.
530 1054 623 1091 Haee
645 1063 794 1103 quaqua
805 1050 923 1088 versus
933 1049 1093 1087 solidum
1105 1061 1272 1099 opacum
1285 1048 1391 1087 feriat
1402 1082 1412 1098 ‚
1432 1049 1608 1088 umbram
1621 1052 1658 1087 in
1671 1062 1769 1102 parte
1780 1062 1850 1100 op-

250 1112 368 1164 posita
388 1111 667 1148 circumscribit.
698 1107 929 1145 interlucem
941 1109 979 1144 δε
995 1105 1167 1143 umbram
1178 1105 1350 1155 splendor
1361 1104 1606 1156 spestatur3in
1624 1107 1766 1143 lumine
1783 1117 1850 1143 co-

248 1170 309 1206 lor
327 1168 463 1205 dilutus
485 1167 553 1206 est,
577 1168 616 1203 in
636 1165 768 1202 umbra
787 1164 981 1202 saturatus,
1005 1163 1042 1198 in
1063 1158 1256 1213 splendore
1278 1162 1417 1198 coloris
1438 1159 1576 1209 species
1599 1165 1776 1203 cernitur3
1810 1163 1848 1199 in

251 1225 387 1270 majori
402 1226 485 1261 luce
506 1235 587 1260 non
603 1221 840 1264 discernitur,
863 1230 933 1255 uec
951 1220 1042 1255 item
1060 1219 1099 1254 in
1121 1216 1417 1256 umbraintensa,
1440 1217 1499 1253 sed
1520 1229 1616 1268 opus
1636 1217 1685 1254 est
1705 1219 1849 1256 lumine

253 1280 470 1316 moderato.
483 1280 526 1315 In
545 1279 629 1315 luce
646 1278 747 1314 enim
760 1273 1000 1312 intentissima
1013 1273 1120 1310 color
1139 1275 1265 1310 omnis
1279 1273 1457 1310 candidus
1468 1283 1629 1324 apparet.
1696 1275 1850 1311 uocirca

250 1337 288 1372 in
309 1334 635 1384 transfiguratione
655 1331 792 1371 Christi
810 1332 939 1368 omnia
951 1329 1175 1380 apparebant
1194 1328 1439 1379 spe&antibus
1453 1328 1647 1379 Apostolis
1667 1329 1823 1367 candida
1836 1358 1847 1374 ,

250 1402 403 1442 propter
416 1392 507 1428 lucis
519 1391 780 1427 intentionem.
817 1387 964 1424 Contra
982 1385 1007 1422 fi
1026 1387 1090 1423 lux
1103 1383 1287 1425 remissior
1304 1384 1348 1422 sit
1360 1414 1370 1430 ‚
1388 1396 1433 1422 ne
1452 1393 1544 1421 tunc
1558 1385 1712 1434 quidem
1722 1384 1850 1422 discer-

249 1449 351 1484 nitur
369 1448 491 1485 colos.
528 1448 620 1498 Qo
641 1445 682 1482 fit
707 1454 748 1482 ut
764 1442 810 1481 ad
827 1444 921 1493 ignis
942 1452 1004 1480 aut
1023 1443 1116 1479 lunae
1128 1440 1366 1492 splendorem
1382 1440 1518 1479 rubeus
1540 1442 1650 1478 color
1662 1440 1786 1479 fulvus
1799 1442 1851 1478 vi-

251 1502 379 1541 deatur
392 1532 400 1547 ,
419 1503 541 1541 viridis
555 1502 737 1538 ceruleus.
769 1500 807 1536 Si
827 1510 919 1537 vero
931 1497 1064 1535 umbra
1075 1496 1250 1535 intensior
1262 1496 1322 1535 sit,
1347 1498 1477 1535 omnia
1489 1497 1590 1546 nigra
1601 1496 1848 1536 videbuntur:

249 1560 347 1597 adeo
359 1558 425 1596 nisi
445 1558 646 1596 moderato
659 1557 800 1594 lumine
810 1553 946 1605 species
965 1553 1118 1591 discerni
1135 1555 1275 1603 nequit.
1308 1553 1396 1591 Haec
1407 1554 1545 1590 Plinius
1564 1554 1710 1604 optime
1729 1565 1851 1604 expo·

249 1615 320 1653 suit
342 1616 458 1653 inillo
471 1627 550 1665 cap.
569 1627 599 1659 5.
617 1614 680 1651 lib.
699 1623 806 1650 xxxv.
844 1610 1033 1655 Tandem,
1048 1611 1183 1659 inquit,
1197 1609 1231 1647 se
1250 1621 1304 1647 ars
1315 1609 1389 1659 ipsa
1401 1609 1579 1648 distinxit,
1595 1610 1786 1647 &invenit
1797 1610 1853 1647 lu-

251 1683 339 1708 men
353 1683 468 1719 atque
481 1671 648 1709 umbras,
676 1666 881 1706 differentia
895 1667 1071 1704 colorum
1091 1668 1227 1703 alterna
1238 1666 1320 1702 vice·
1330 1664 1399 1703 sese
1409 1666 1606 1703 excitante.
1630 1665 1779 1702 Deinde
1791 1664 1851 1702 ad-

250 1728 364 1774 jefius
376 1728 424 1765 est
439 1726 608 1778 splendor
629 1725 719 1762 alius
731 1724 792 1762 hic
802 1736 918 1774 quam
932 1723 1076 1767 lumen,
1088 1734 1219 1771 quem,
1230 1723 1316 1771 quia
1328 1723 1421 1758 inter
1432 1721 1507 1758 hoc
1519 1723 1555 1758 &
1569 1720 1741 1758 umbram
1751 1721 1848 1765 effer,

249 1784 528 1832 appellaverunt
548 1792 700 1819 tonum.
714 1780 970 1818 commissuras
981 1791 1071 1816 vero
1084 1779 1262 1815 colorum
1274 1777 1308 1814 Sc
1321 1776 1505 1821 transitus,
1517 1777 1737 1826 ham-rogen.
1752 1776 1845 1813 Haec

248 1837 399 1876 Plinius.
433 1838 638 1876 Cleonides
651 1846 761 1875 autor
772 1835 832 1873 cst.
846 1847 983 1873 tonum
1002 1845 1164 1884 quatuor
1174 1832 1378 1882 fignificare
1391 1863 1400 1878 ,
1412 1832 1849 1883 plitliongtini‚iuterval-

247 1893 329 1930 lum
345 1921 354 1935 ‚
376 1891 504 1930 locum
515 1896 618 1931 vocis
632 1922 642 1936 ,
665 1895 702 1930 δε
721 1891 882 1939 ejusdem
894 1902 1078 1928 tenorem.
1110 1891 1155 1928 Et
1175 1890 1288 1927 hodie
1308 1890 1422 1926 etiam
1443 1888 1579 1926 Musici
1598 1885 1850 1925 indifferenter

252 1960 323 1998 pro
343 1947 397 1984 his
408 1957 571 1996 quatuor
589 1947 772 1997 usurpant.
805 1946 1108 1997 Qioquomodo
1125 1947 1356 1994 accipiamus
1369 1972 1379 1987 ‚
1398 1944 1496 1980 reste
1514 1953 1655 1980 veteres
1675 1941 1848 1994 splendo-

247 2015 328 2040 rem
349 2004 626 2054 appellaverunt
637 2011 787 2038 tonum.
799 2002 848 2038 est
861 2003 961 2037 enim
973 2000 1143 2051 splendor
1155 2003 1192 2036 in
1204 2000 1341 2049 pistura
1354 1998 1452 2034 idem
1466 1998 1569 2047 quod
1581 1998 1798 2047 phthongus
1810 2000 1848 2036 in

250 2058 418 2097 Musica.
463 2060 499 2096 δε
519 2056 847 2106 quemadmodum
866 2058 903 2093 in
924 2054 1067 2092 Musica
1086 2056 1260 2104 proxima
1278 2065 1419 2092 vocum
1439 2052 1551 2090 solida
1570 2055 1762 2091 intervalla
1784 2066 1849 2104 per

252 2125 371 2152 tonos
383 2114 669 2165 progrediuntur
682 2138 690 2150 ‚
713 2112 762 2149 sic
781 2124 844 2163 per
864 2112 935 2149 hos
946 2111 1059 2147 etiam
1073 2120 1186 2146 tonos
1199 2111 1374 2146 colorum
1393 2108 1538 2159 species.
1570 2110 1743 2147 Praeterea
1756 2112 1848 2147 utin

249 2169 398 2209 Musica
416 2171 521 2207 locus
534 2171 641 2209 vocis
652 2168 787 2205 dicitur
798 2178 910 2204 tonus
922 2194 933 2210 ,
961 2165 1009 2202 sic
1029 2168 1064 2202 in
1077 2166 1216 2216 pic'tura
1229 2166 1293 2202 ubi
1305 2166 1444 2201 coloris
1466 2165 1604 2215 species
1617 2165 1774 2215 refulget
1792 2176 1848 2202 to-

211 2266 214 2268 ,
249 2238 344 2262 num
355 2225 535 2263 dicemus.
548 2227 726 2274 Denique
744 2225 856 2260 eriam
868 2233 1040 2260 tenorem
1052 2222 1253 2270 utrobique
1272 2221 1367 2257 reite
1379 2221 1664 2272 appellabimus,
1683 2223 1745 2257 ubi
1757 2233 1849 2258 mox

248 2282 345 2318 inter
364 2291 517 2318 acutum
536 2281 693 2331 &grave
712 2279 920 2317 sustinetur,
952 2277 989 2314 &
1008 2279 1072 2314 ubi
1091 2279 1201 2314 color
1218 2278 1351 2328 pariter
1362 2278 1455 2313 inter
1474 2277 1598 2314 lucem
1617 2276 1654 2312 Sc
1674 2277 1846 2315 umbram

249 2335 424 2374 subsistet.
458 2338 643 2374 Ceterum
663 2337 701 2372 in
726 2335 870 2373 Musica
889 2345 1005 2372 tonus
1024 2332 1149 2370 atono
1162 2333 1363 2369 semitonio
1375 2332 1619 2382 distinguitur.
1649 2334 1686 2369 in
1707 2333 1849 2383 pistura

250 2393 362 2429 color
379 2392 399 2428 a
423 2393 556 2430 colore
578 2392 772 2441 harmoge.
804 2391 1058 2428 Semitonium
1079 2390 1129 2426 cst
1146 2388 1313 2427 transitus
1335 2390 1370 2425 ὅ(
1393 2387 1632 2425 commissura
1653 2389 1843 2426 colorum.

250 2449 446 2497 Hartnoge
466 2449 576 2498 igitur
588 2450 624 2484 in
637 2448 771 2498 picium
784 2447 891 2483 instar
902 2446 1087 2482 semitonii
1099 2445 1160 2481 est.
1190 2444 1299 2482 Adde
1313 2473 1322 2488 ‚
1343 2444 1669 2492 quemadmodum
1682 2455 1795 2482 tonus
1806 2446 1846 2481 in

249 2503 397 2541 Musica
414 2506 452 2541 in
472 2505 630 2553 aequales
650 2513 769 2552 partes
780 2502 891 2539 dividi
908 2513 985 2538 non
1003 2501 1143 2551 potest,
1164 2500 1213 2537 sic
1232 2512 1300 2536 nec
1318 2500 1457 2537 coloris
1468 2499 1699 2549 splendorem
1718 2500 1765 2537 ab
1785 2512 1846 2537 ex-

248 2562 375 2596 tremis
395 2561 525 2609 aequali
542 2559 734 2597 interstitio
746 2558 891 2604 distare,
917 2557 975 2594 sed
996 2557 1169 2594 umbram
1186 2557 1375 2604 aliquanto
1394 2556 1502 2593 latius
1523 2567 1719 2593 excurrere
1739 2556 1844 2593 instar

247 2614 435 2652 semitonii
448 2617 616 2661 majoris:
630 2616 716 2653 utin
729 2625 890 2664 corpore
902 2613 1075 2662 sphaerico
1088 2614 1212 2663 optica
1225 2613 1365 2649 ratione
1380 2612 1622 2649 demonstrari
1632 2612 1735 2648 solet.
1750 2611 1842 2648 Hoec

248 2683 336 2706 cum
350 2671 489 2709 Plinius
507 2673 652 2721 optime
671 2669 828 2707 novisset
840 2699 849 2714 ‚
866 2671 983 2705 miror
995 2681 1188 2712 ,eumnon
1201 2666 1429 2706 intellexisse,
1442 2680 1513 2716 qua
1525 2668 1569 2703 de
1588 2680 1625 2704 re
1637 2667 1842 2704 institutum

248 2725 364 2762 fuisset
385 2737 573 2764 certamen
593 2729 686 2765 inter
706 2727 850 2763 nobiles
873 2726 956 2761 illos
968 2723 1143 2763 artifices,
1164 2722 1304 2761 tametsi
1325 2723 1490 2760 tabulam
1503 2722 1654 2761 vidisset.
1686 2722 1788 2758 Nam
1803 2722 1841 2758 in

249 2781 354 2817 lineis
375 2784 626 2830 exprimendis
645 2783 791 2820 certasse
810 2780 938 2817 falsum
956 2780 1186 2817 ostendimus
1200 2809 1209 2823 ‚
1229 2791 1316 2816 cum
1338 2782 1376 2817 δε
1401 2779 1544 2824 Plinius,
1559 2778 1657 2815 dicat
1678 2777 1842 2825 penicilli

249 2847 346 2886 opus
358 2835 468 2873 fuisse.
502 2838 623 2886 Atqui
642 2838 805 2889 penicilli
821 2837 902 2874 usus
914 2836 1035 2873 nullus
1048 2836 1144 2872 estin
1159 2835 1342 2885 graphice.
1376 2836 1437 2871 De
1449 2833 1607 2871 scffionc
1620 2833 1841 2881 igiturlineae

248 2892 540 2929 contenderunt.
562 2893 640 2931 hoc
652 2894 701 2932 est
713 2894 758 2932 dc
771 2890 913 2931 scissura
925 2894 960 2930 δε
973 2892 1123 2930 transitu
1139 2893 1334 2929 colorum:
1349 2890 1394 2927 de
1407 2888 1642 2927 commissura
1654 2888 1712 2924 illa
1725 2900 1841 2935 quam

1704 2944 1839 2981 Plinius
