2023 3162
0 2006 21 2042 l.

0 2044 7 2080 l.

513 100 583 130 niz
630 88 1139 130 ARCHITECTVRA
1196 86 1390 130 L113.X;
1671 110 1779 146 219.

151 167 308 208 aquam‚
332 154 368 193 ἃ
381 156 515 207 quibus
527 158 732 196 rationibus
745 156 1002 207 perficiantur,
1026 156 1235 209 quibusque
1258 157 1367 197 rebus
1387 169 1518 199 motus
1539 165 1753 216 recipientia

149 213 317 265 praestent
327 213 595 254 versationibus
618 210 675 265 [i]
695 213 856 252 infinitas
868 214 1066 259 utilitates,
1089 213 1256 253 utess'ent
1266 216 1440 263 notiora,
1453 228 1566 268 quam
1579 222 1751 272 apertiffi-

151 281 214 307 me
223 270 334 320 potui
343 268 539 321 perscripsi.

780 367 814 404 C
845 376 872 405 A
902 378 931 406 r.
991 368 1027 405 X
1043 367 1104 406 11.

256 458 340 511 De
359 453 586 528 Ctesibica
602 453 829 508 machina
841 489 858 520 ³
880 476 978 530 qm
991 455 1215 528 altsst'me
1230 456 1413 511 extollit
1432 476 1639 533 aquam.

152 582 397 665 INsequitur
417 595 517 622 nunc
536 583 583 622 de
605 583 795 622 Ctesibica
815 583 1011 634 machina,
1036 595 1116 633 quae
1136 585 1174 622 in
1193 585 1425 625 altitudinem
1443 597 1580 636 aquam
1597 585 1743 627 educit,

194 641 414 679 monstrare.
447 640 498 677 Ea
516 638 557 677 fit
577 652 622 677 ex
641 652 728 684 aere,
751 642 854 687 cujus
872 641 909 676 in
931 640 1112 678 radicibus
1134 642 1297 679 modioli
1316 641 1410 678 fiunt
1427 644 1576 692 gemelli
1595 644 1749 694 paulum

154 694 345 741 distantes,
364 696 543 734 habentes
560 694 697 732 fistulas
718 694 893 743 (furcillae
903 694 984 732 sunt
995 694 1137 744 figura)
1161 696 1327 734 similiter
1347 698 1575 736 cohaerentes
1587 729 1596 745 ,
1620 700 1657 734 in
1670 709 1750 735 me-

154 751 256 789 dium
278 754 441 790 catinum
460 761 741 789 concurrentes
764 752 801 787 in
811 763 889 800 quo
910 753 1036 788 catino
1047 749 1138 788 fiant
1153 763 1258 796 axes,
1278 754 1316 788 in
1335 752 1579 802 superioribus
1599 753 1749 792 naribus

152 807 353 846 fistularum
372 808 701 857 coagmentatione
719 805 839 844 subtili
859 807 1059 844 collocati:
1091 808 1155 856 qui
1174 808 1467 858 praeobturantes
1485 809 1669 847 foramina
1688 820 1750 846 na-

153 865 269 906 rium,
291 876 367 902 non
381 866 572 915 patiuntur
591 864 688 899 exire
700 862 736 899 id
748 861 853 912 quod
865 860 989 913 spiritu
1010 864 1047 899 in
1060 864 1228 901 catinum
1250 862 1360 900 fuerit
1380 863 1594 914 expressum.
1629 867 1749 916 Supra

155 921 320 957 catinum
339 920 490 972 penula,
513 928 553 956 ut
579 917 846 956 infundibilum
865 918 1068 958 inversum,
1091 918 1141 957 est
1161 928 1428 970 attemperata,
1449 931 1531 968 quae
1549 922 1663 956 etiam
1683 932 1748 969 per

153 975 306 1013 fibulam
326 988 413 1013 cum
433 986 558 1012 cuneo
578 975 750 1020 trajecto,
769 975 987 1012 continetur
1004 974 1042 1010 &
1063 984 1370 1024 coagmentatur,
1392 987 1441 1013 ne
1460 977 1514 1013 vis
1535 974 1739 1012 inflationis

154 1043 259 1080 aquae
277 1043 359 1069 eam
378 1040 489 1080 cogat
502 1031 656 1068 elevare.
688 1029 833 1080 Insuper
853 1029 988 1075 fistula,
1009 1042 1091 1079 quae
1108 1030 1198 1067 tuba
1220 1031 1377 1075 dicitur,
1401 1040 1666 1080 coagmentata
1679 1059 1688 1073 ,
1709 1033 1748 1067 in

154 1086 344 1124 altitudine
355 1087 395 1126 sit
407 1087 534 1125 eresta.
565 1086 733 1124 Modioli
743 1096 866 1124 autem
881 1085 1019 1123 habent
1029 1085 1120 1123 infra
1132 1098 1236 1124 nares
1247 1086 1438 1124 inferiores
1449 1086 1651 1124 fistulatum
1663 1097 1750 1123 axes

154 1142 388 1193 interpositos
406 1144 510 1193 supra
527 1140 715 1180 foramina
727 1154 854 1179 earum
869 1171 879 1186 ,
898 1153 980 1191 qua:
999 1140 1078 1179 sunt
1095 1142 1131 1178 in
1145 1141 1276 1179 fundis.
1298 1143 1351 1179 Ita
1368 1142 1413 1180 de
1430 1142 1591 1193 supernis
1608 1143 1647 1179 in
1667 1154 1749 1178 mo-

154 1198 260 1236 diolis
273 1200 415 1237 emboli
425 1199 582 1237 masculi,
596 1209 712 1236 torno
723 1198 854 1248 politi,
867 1199 903 1235 ὅ(
915 1198 1005 1235 oleo
1016 1198 1150 1235 subaffi
1162 1226 1173 1243 ‚
1186 1197 1429 1248 conclusique
1441 1199 1576 1248 regulis
1588 1199 1625 1235 ὃς
1637 1197 1750 1235 veiti-

152 1254 220 1291 bus
233 1257 520 1295 convolvuntur,
533 1256 597 1304 qui
607 1254 707 1291 ultro
721 1255 892 1303 citroque
905 1253 1091 1302 frequenti
1103 1264 1212 1291 motu
1226 1264 1438 1305 prementes
1448 1256 1590 1297 aetem,
1607 1254 1751 1302 quierit

153 1309 227 1355 ibi,
260 1322 347 1348 cum
368 1323 462 1361 aqua
478 1311 600 1349 axibus
618 1310 879 1358 obturantibus
898 1308 1080 1347 foramina
1101 1335 1109 1349 ‚
1143 1320 1284 1359 cogunt
1303 1309 1340 1346 ὃ(
1360 1309 1562 1349 extrudunt
1582 1309 1751 1346 inflando

153 1365 395 1417 pressionibus
405 1379 468 1417 per
478 1366 675 1404 fistulatum
686 1378 787 1403 nares
798 1377 929 1415 aquam
940 1365 979 1402 in
993 1366 1162 1403 catinum
1179 1395 1187 1409 ‚
1210 1363 1230 1402 ὲ
1252 1377 1330 1414 quo
1342 1368 1521 1417 recipiens
1537 1366 1673 1416 penula
1684 1362 1752 1414 spi-

155 1423 246 1460 ritus
265 1424 436 1472 exprimit
445 1434 509 1473 per
518 1421 671 1460 fistulam
683 1424 719 1461 in
731 1422 980 1460 altitudinem:
1004 1423 1042 1459 &
1053 1422 1103 1459 ita
1118 1434 1161 1459 ex
1174 1421 1347 1459 inferiore
1359 1423 1449 1460 loco
1463 1421 1613 1460 castello
1628 1421 1750 1457 collo-

155 1489 244 1516 cato
258 1507 266 1523 ,
284 1479 327 1516 ad
340 1478 540 1516 saliendum
551 1490 644 1527 aqua
655 1477 957 1515 subministratur.
991 1477 1079 1515 Nec
1089 1487 1217 1516 tamen
1228 1476 1307 1515 haec
1317 1477 1390 1516 sola
1402 1479 1495 1516 ratio
1511 1475 1664 1515 Ctesibii
1682 1475 1750 1512 fer-

154 1543 214 1571 tur
234 1533 429 1583 exquisita,
454 1533 515 1572 secl
540 1536 655 1571 etiam
676 1535 799 1584 plures
830 1534 867 1570 δε
892 1534 1001 1572 variis
1023 1532 1220 1583 generibus
1246 1534 1344 1577 aliae,
1366 1546 1447 1583 quae
1464 1532 1510 1570 ab
1528 1545 1576 1570 eo
1597 1533 1749 1581 liquore

152 1588 398 1639 pressionibus
421 1589 469 1638 [a]
485 1591 619 1628 coacto
636 1589 759 1640 spiritu
773 1619 781 1634 ‚
793 1587 921 1628 efferre
936 1588 955 1626 a
968 1599 1100 1627 natura
1115 1598 1307 1626 mutuatos
1319 1587 1472 1626 effeetus
1485 1587 1748 1626 ostenduntur:

154 1647 211 1682 uti
231 1643 297 1698 [h]
334 1647 561 1684 merularum
578 1672 584 1684 ,
607 1659 687 1695 quae
705 1655 815 1683 motu
834 1657 952 1685 voces
970 1645 1086 1682 edunt
1099 1673 1108 1689 ‚
1128 1654 1239 1693 atque
1259 1644 1454 1693 eng-giban,
1484 1655 1567 1693 qua:
1586 1642 1750 1680 bibentia

151 1703 302 1739 tandem
315 1712 471 1740 movent
483 1701 607 1751 sigilla,
619 1712 824 1750 caeteraque
836 1713 918 1751 quae
930 1700 1238 1737 delcetationibus
1249 1701 1453 1737 oculorum
1466 1701 1502 1737 ὅ(
1515 1700 1656 1735 aurium
1670 1697 1748 1735 sen-

151 1755 207 1793 sus
226 1758 502 1795 eblandiuntur:
525 1755 693 1806 equibus
705 1768 784 1806 quae
797 1758 961 1794 maxime
979 1757 1082 1793 utilia
1101 1758 1137 1793 ὃς
1149 1754 1338 1792 necessaria
1358 1755 1535 1801 judicavi,
1558 1754 1692 1802 selegi,
1709 1754 1748 1790 &

151 1813 190 1849 in
211 1815 268 1859 [c]
283 1815 404 1863 priore
413 1815 607 1851 volumine
620 1812 665 1850 de
677 1812 902 1861 horologiis,
913 1813 950 1848 in
963 1811 1038 1849 hoc
1056 1811 1101 1848 de
1118 1809 1413 1861 expressionibus
1425 1822 1530 1859 aquae
1541 1808 1748 1846 dicendum

152 1870 286 1920 putavi.
318 1869 482 1918 Reliqua
494 1898 502 1912 ,
523 1881 605 1918 quae
616 1863 695 1905 non
707 1867 784 1905 sunt
795 1869 838 1905 ad
849 1866 1105 1905 necessitatem
1118 1896 1128 1910 ‚
1151 1866 1209 1903 sed
1219 1866 1263 1903 ad
1276 1866 1490 1903 deliciarum
1502 1865 1750 1914 voluptatem,

153 1925 217 1974 qui
235 1924 447 1974 cupidiores
465 1934 569 1962 erunt
581 1952 592 1969 ,
604 1925 684 1970 ejus
697 1922 913 1961 subtilitates
924 1935 968 1960 ex
984 1921 1093 1975 ipsius
1107 1920 1172 1969 [d]
1185 1920 1339 1960 Ctesibii
1351 1922 1630 1960 commentariis
1639 1930 1751 1971 pote-

152 1990 240 2018 runt
250 1980 424 2019 invenite.

1043 2034 1073 2073 E
1086 2047 1106 2072 e
1139 2050 1160 2074 2.
1628 2033 1662 2069 C
1673 2041 1699 2069 A
1716 2042 1747 2067 i).

153 2143 178 2177 i]
214 2142 296 2171 Idem.
322 2144 363 2172 Ad
373 2145 483 2183 praepofi
490 2146 530 2172 tio
541 2144 645 2171 videtur
656 2143 741 2171 otiosa
750 2140 800 2171 effe
811 2165 818 2176 ,
838 2143 884 2171 nisi
896 2143 914 2171 fi
923 2144 1038 2182 cuipiam
1048 2141 1155 2172 fortasse
1165 2144 1300 2171 videbitur
1317 2143 1399 2181 polita
1410 2153 1458 2179 pro
1469 2143 1547 2180 iisque
1559 2141 1588 2185 ad
1601 2162 1607 2172 ,
1627 2140 1695 2178 quali
1706 2141 1749 2168 di-

190 2193 272 2217 cert-t,
283 2185 411 2213 utilitates
418 2184 531 2223 adusque
542 2184 668 2212 infinitas.
680 2187 716 2211 Vt
729 2184 776 2210 lib.
786 2194 821 2210 11.
835 2194 892 2221 cap.
905 2188 929 2211 8.
950 2185 983 2211 Et
995 2185 1196 2212 coenaculorum
1207 2184 1238 2211 ad
1249 2184 1362 2212 summas
1374 2184 1502 2210 utilitates
1515 2182 1666 2220 perficiunt.

153 2239 183 2272 a]
212 2236 359 2265 Philander.
381 2240 450 2266 Ante
461 2237 600 2277 legebatur
609 2238 708 2265 coastae
722 2247 728 2264 ε
747 2237 807 2276 lege
819 2237 926 2268 coacto,
942 2244 971 2263 ut
982 2234 1110 2265 referatur
1120 2237 1152 2264 ad
1161 2236 1313 2275 sequentem
1324 2237 1474 2264 ditstionem
1485 2235 1585 2274 spiritu.
1597 2238 1620 2263 δε
1634 2256 1639 2269 ,
1654 2235 1671 2262 fi
1685 2233 1748 2275 quid
1761 2234 1888 2269 Cap-XH-

195 2277 321 2317 intelligo
333 2299 339 2310 ‚
357 2278 409 2305 hoc
419 2277 501 2306 sensus
512 2277 641 2315 exposcit.

153 2318 182 2354 b]
216 2318 300 2346 Idem.
322 2319 434 2346 Merulae
445 2322 468 2347 δι
481 2318 607 2358 engibata
622 2317 654 2344 de
666 2325 763 2355 genere
774 2315 830 2343 sunt
840 2315 1046 2354 liydraularum:
1067 2327 1182 2355 quorum
1193 2316 1243 2344 illis
1259 2316 1366 2356 quidem
1377 2315 1553 2345 reddebantur
1564 2326 1642 2346 voces
1653 2315 1748 2344 huma-

195 2368 288 2387 narum
299 2360 466 2389 imitatrices,
477 2362 500 2387 «St
513 2366 605 2385 cantus
615 2357 704 2383 avium
714 2353 874 2384 effic‘tn'ces:
897 2355 935 2383 his
946 2365 1034 2384 autem
1047 2358 1224 2386 movebantur
1233 2358 1363 2386 icunculae
1377 2357 1505 2390 (libenter
1513 2360 1582 2386 enim
1592 2367 1653 2386 utor
1664 2357 1747 2385 verbo

194 2401 330 2434 Suetonii)
342 2409 467 2438 tanquam
478 2400 607 2426 viverent.
622 2397 723 2425 Nostro
731 2405 852 2435 tempore
864 2406 917 2424 non
929 2396 1019 2435 spiritu
1030 2400 1054 2425 vi
1064 2408 1139 2436 aquae
1150 2406 1286 2437 concepto
1296 2419 1302 2430 ,
1323 2407 1351 2426 ut
1362 2398 1414 2429 illa,
1424 2397 1466 2426 sed
1476 2397 1587 2427 fidiculis
1600 2399 1686 2426 nervis
1696 2407 1746 2424 oc-

193 2440 272 2468 cultis
294 2440 378 2480 tigilla
397 2440 520 2468 videntur
537 2438 689 2468 ambulare,
712 2440 738 2465 &
757 2436 871 2465 humana
889 2438 980 2465 omnia
997 2447 1091 2476 praeter
1107 2438 1257 2468 sermonem
1269 2437 1470 2479 repraesentare.
1493 2442 1541 2469 Eas
1563 2438 1746 2478 imagunculas

194 2481 283 2509 erci
293 2484 449 2516 νώρόωτοιςοι
459 2488 566 2508 vocant.

151 2523 180 2556 c]
214 2521 300 2549 Idem.
320 2520 394 2548 Libri
412 2521 492 2553 noni,
510 2520 555 2559 qui
569 2519 639 2548 hunc
651 2518 787 2559 praecedit.
801 2528 858 2555 cap.
868 2530 894 2550 9.
905 2517 937 2547 de
949 2518 988 2548 his
1001 2517 1050 2548 fuit
1062 2519 1158 2548 sermo.

151 2562 182 2597 d]
212 2562 308 2590 Claud.
321 2562 457 2590 silmafius
467 2562 493 2589 in
504 2562 624 2589 Solinum
644 2571 703 2600 pag.
718 2566 782 2594 637.
794 2564 818 2587 ἃ
829 2559 880 2598 seq.
891 2570 973 2600 agens
986 2561 1017 2588 de
1025 2561 1134 2599 aquario
1151 2560 1320 2600 Horologio.
1343 2561 1432 2597 Hujus
1447 2561 1573 2589 inventor
1582 2560 1671 2588 extitit
1682 2563 1750 2589 Cte-

193 2601 273 2630 fibius
283 2602 491 2630 Alexandrinus:
506 2602 587 2640 quiin
608 2603 728 2642 lligypto
741 2601 807 2628 vixit
827 2601 1035 2629 Ptolemaeorum
1047 2600 1221 2639 temporibus.
1244 2602 1372 2629 Meminit
1393 2602 1536 2630 Athenaeus
1549 2622 1555 2632 ,
1576 2601 1622 2629 lib.
1635 2602 1749 2629 x1.vaLis

192 2642 327 2678 cujusdam
336 2643 407 2681 quod
418 2641 482 2679 ῥυτίν
494 2642 641 2673 dicebatur,
654 2642 747 2670 abhoc
759 2638 891 2669 fastis-in
903 2642 1006 2680 templo
1016 2643 1123 2670 Veneris
1135 2641 1258 2670 Arsinoes
1268 2642 1382 2670 dedicati
1393 2655 1398 2674 ·,
1415 2652 1473 2680 qua:
1488 2642 1599 2669 Ariinoe'
1611 2643 1750 2670 Ptolemaei

193 2682 356 2722 Philadelphi·
367 2694 434 2711 uxor
443 2680 536 2714 suin&
550 2683 734 2721 postmortem
745 2681 853 2709 nomine
875 2684 982 2709 Veneris
1000 2682 1190 2721 Zephyritidos
1209 2682 1289 2710 culta.
1312 2682 1510 2710 Niliilalienum
1530 2680 1620 2710 fecero
1637 2683 1670 2710 ab
1682 2682 1750 2710 hisce

194 2724 441 2756 exercitationibus,
453 2724 469 2751 fi
482 2724 652 2763 Epigramma
664 2722 764 2759 Hedyli
778 2743 783 2751 ,
799 2722 869 2760 quod
877 2720 1106 2761 corruptissimum
1117 2723 1217 2761 legitur
1228 2723 1254 2749 in
1266 2721 1396 2750 Athaenaei
1409 2723 1480 2750 libris
1490 2743 1496 2755 ,
1510 2722 1567 2751 heic
1577 2724 1749 2752 emendatum

194 2773 352 2802 proponam.
372 2766 430 2794 Nec
441 2765 513 2792 enim
524 2765 557 2792 ab
567 2774 594 2792 re
606 2763 707 2802 prorsus
720 2759 853 2791 diffonum
863 2763 908 2796 est,
919 2772 1001 2802 quum
1010 2767 1035 2791 ἃ
1045 2772 1165 2796 aetatem,
1176 2772 1227 2801 qua
1238 2763 1304 2792 vixit
1318 2763 1450 2793 ctetibius
1462 2785 1469 2796 ‚
1482 2764 1617 2798 ostendat,
1631 2768 1653 2793 ἃ
1664 2773 1750 2794 artem

194 2803 248 2839 ejus
257 2805 366 2834 indicet.
388 2806 429 2834 Sic
439 2806 522 2845 igitur
533 2805 676 2845 legendum
688 2804 738 2832 est:

536 2856 681 2895 Σωρσπὸτωι
692 2879 697 2886 ,
723 2859 744 2894 νζ)
765 2859 821 2886 ‘rit’
844 2857 1005 2898 ᾡιλξζεφᾶρκ
1025 2857 1058 2893 »ᾧ
1078 2859 1126 2888 nsaw

630 2900 663 2925 Th
683 2896 744 2933 ῥυῖξν
762 2895 841 2931 εἶέιῑης
862 2896 930 2925 &dr'
946 2898 1009 2926 'ist-f
1025 2900 1159 2930 Α’ρστνόης,

540 2937 658 2977 θ’ρχκςῦκᾸ
673 2938 754 2968 Βήιπω
777 2935 928 2972 ΑἱγᾸπῩαν,
946 2937 971 2968 ’ὃς
991 2937 1063 2971 >usati
1085 2937 1135 2977 ἕλεν

631 2977 767 3016 Σκλπίζά,
789 2982 862 3016 κρενὲ
882 2977 945 3012 ια’ῇές
966 2977 1028 3017 ῥόου
1051 2977 1163 3020 οἰρλαῇυέ
1174 2999 1183 3013 ,
