2023 3162
246 101 295 128 20
579 86 779 125 Lroms
817 85 1100 124 Ramisi-x:
1148 98 1207 122 DE
1246 85 1509 125 ALBEnris

244 158 356 193 etiam
367 154 653 206 vituperandum
664 155 711 192 est
723 180 731 194 ,
754 155 859 203 quod
878 155 1105 205 plerumque
1125 154 1237 192 video
1251 183 1261 199 ‚
1280 154 1399 204 pietos
1410 155 1449 191 in
1467 154 1626 193 aedificio
1648 155 1836 199 homines,

245 211 346 261 quasi
356 213 394 249 in
406 210 538 249 scrinio
549 212 724 256 reclusos,
736 213 772 247 in
785 222 863 259 quo
871 212 932 248 vix
943 209 1162 254 sedentes,&
1173 211 1211 247 in
1221 210 1354 248 orbem
1366 210 1488 247 coacti
1500 212 1839 262 recipiantut.C0r-

246 280 338 319 pora
348 269 457 318 igitur
467 268 610 306 omnia,
624 265 926 316 &magnitudine
938 268 976 304 δ(
988 265 1117 304 officio
1130 294 1141 311 ‚
1159 266 1203 304 ad
1214 278 1299 304 eam
1308 277 1389 303 rem
1399 266 1445 303 de
1456 278 1529 314 qua
1539 268 1656 316 agitur
1667 297 1676 312 ‚
1700 280 1841 307 conve-

105 327 224 365 H-storia·
246 326 361 362 uiant.
370 324 529 361 Historia
540 334 629 360 vcro
642 334 759 371 quam
773 324 910 359 merito
922 321 1036 374 possis
1049 323 1086 359 ὃς
1101 322 1249 359 laudare
1258 321 1295 358 δε
1307 321 1480 359 admirari
1491 323 1673 370 eiusmodi
1682 325 1840 373 erit,que

243 381 427 418 illecebris
438 377 655 428 quibusdam
667 377 736 416 sese
746 379 798 415 ita
810 390 1007 417 amoenam
1018 380 1056 415 δε
1066 389 1237 429 ornatam
1248 377 1433 416 exhibeat,
1455 387 1496 415 ut
1505 379 1642 415 oculos
1653 378 1753 416 doen
1763 390 1838 430 atq5

245 436 387 474 indocti
399 434 763 484 speetatoris‚diutius
775 434 939 484 quadam
951 446 1041 473 cum
1051 434 1258 484 voluptate,
1273 436 1309 472 ὅ(
1323 434 1439 471 animi
1448 434 1752 479 motu,detineat.
1765 432 1842 473 Pri-

249 504 361 530 mum
375 492 474 528 enini
487 490 592 539 quod
611 492 649 527 in
660 489 808 526 historia
827 491 1062 542 voluptatem
1074 488 1209 530 afferat,
1224 489 1272 527 est
1284 486 1357 540 ipsa
1371 491 1480 540 copia
1491 491 1528 527 ὅ(
1540 492 1693 527 varietas
1704 502 1839 528 terum.

250 549 304 586 Vt
316 547 463 583 enimin
476 546 567 583 cibis
578 557 654 595 atq,
663 545 846 584 inMusica
856 545 999 597 semper
1008 558 1110 586 nova
1121 548 1160 583 ὃς
1172 546 1517 590 exuberantia,cum
1531 557 1670 594 ceteras
1683 545 1844 584 fortassis

248 604 302 640 ob
313 601 452 646 causas,
463 612 543 639 tum
555 604 731 640 nimirum
743 614 825 639 eam
836 601 890 639 ob
901 602 1045 641 causam
1057 602 1258 642 delectant,
1272 602 1377 651 quod
1387 602 1432 638 ab
1445 602 1594 640 vetustis
1607 604 1644 639 ὅ(
1656 600 1844 640 consuetis

248 657 438 696 differant:
468 658 527 694 Sic
538 659 574 694 in
586 660 693 696 omni
713 670 833 695 rerum
845 661 1021 697 varietate
1033 687 1043 703 ‚
1063 659 1209 695 animus
1229 658 1265 695 ἃ
1280 659 1392 708 copia
1402 657 1612 695 admodum
1629 658 1844 695 dele6tatur.

247 714 396 752 Idcirco
408 716 444 750 in
457 715 596 764 pistura
608 744 618 759 ,
641 716 678 752 δ(
689 726 897 765 corporum
912 714 947 752 δε
961 716 1137 751 colorum
1149 716 1302 752 varietas
1321 726 1477 750 amoena
1486 713 1547 750 est.
1580 714 1720 750 Dicam
1731 711 1843 750 hisso-

246 771 341 807 riam
352 769 421 807 esse
431 769 726 821 copiosissimam
736 771 850 809 iliam,
866 772 904 807 in
916 783 988 820 qua
998 769 1065 807 suis
1076 772 1173 808 locis
1186 771 1360 821 permixti
1372 769 1526 806 aderunt
1537 768 1651 814 seneS,
1660 769 1742 813 viri,
1753 769 1843 806 ado-

245 826 435 864 lescentes,
450 828 566 877 pueri,
579 828 955 876 matronae,virgines‚
967 826 1140 871 infantes,
1154 827 1308 865 cicures,
1323 826 1459 867 catelli,
1474 826 1625 862 aviculae
1638 854 1648 870 ‚
1669 826 1769 874 equi,
1779 837 1844 875 pe-

248 881 376 926 cudes,
388 881 557 927 aedificia,
567 883 852 934 provinciaeque:
866 894 1100 931 omnemque
1111 884 1261 932 copiam
1274 881 1448 920 laudabo,
1462 881 1584 918 modo
1596 893 1637 918 ea
1648 882 1785 918 adrem
1797 880 1845 918 de

249 950 322 987 qua
331 938 408 974 illic
418 939 551 986 agitur,
562 940 772 974 conveniat.
785 961 787 963 -
804 939 858 974 Pit
867 939 971 974 enim
984 948 1025 974 ut
1037 949 1124 975 cum
1133 937 1334 988 speC'tantes
1346 963 1354 976 ,
1373 937 1561 974 lustrandis
1574 937 1680 974 rebus
1692 948 1845 975 moren-

249 1005 321 1039 tur,
330 1003 411 1030 tum
422 993 572 1044 pietoris
584 995 692 1043 eopia
703 994 859 1041 gratiam
870 992 926 1029 aff
919 993 1161 1042 equatur.Sed
1173 993 1266 1029 hanc
1278 993 1429 1041 copiam
1441 994 1555 1030 velim
1567 1004 1655 1030 cum
1665 994 1846 1031 varietate

249 1048 413 1098 quadam
426 1048 496 1086 effe
505 1058 677 1085 ornatam
690 1073 697 1086 ‚
722 1057 802 1084 tum
813 1048 987 1097 dignitate
1008 1047 1046 1084 δέ
1065 1049 1289 1085 verecundia
1308 1058 1459 1097 gravem
1471 1058 1581 1096 atque
1593 1048 1843 1087 moderatam.

247 1105 436 1154 Improbo
449 1104 601 1153 quidem
613 1115 679 1141 eos
690 1104 862 1153 rudiores,
875 1106 939 1152 qui
952 1115 1029 1153 quo
1041 1104 1155 1140 videri
1166 1103 1309 1154 copiosi
1326 1132 1336 1148 ‚
1346 1114 1472 1152 quove
1483 1104 1574 1140 nihil
1583 1116 1747 1142 vacuum
1761 1107 1846 1143 reli-

249 1161 352 1197 &um
362 1160 563 1203 volunt‚eo
576 1160 716 1196 nullam
730 1158 928 1208 sequuntur
940 1159 1236 1210 compositione,
1248 1159 1307 1197 sed
1318 1157 1471 1196 confuse
1483 1158 1518 1195 ἃ
1532 1159 1703 1197 dissolute
1715 1162 1845 1199 omnia

247 1215 492 1259 disseminant,
504 1227 547 1252 ex
559 1227 636 1265 quo
648 1227 726 1252 non
739 1228 817 1252 reni
831 1227 950 1264 agere,
962 1214 1020 1252 sed
1031 1216 1274 1260 tumultuare,
1289 1213 1437 1252 historia
1448 1215 1610 1252 videtur:
1628 1227 1671 1253 ac
1683 1215 1844 1256 fortassis

246 1273 311 1320 qui
323 1271 541 1320 dignitatem
552 1273 588 1308 in
598 1272 727 1321 primis
738 1274 774 1308 in
788 1270 935 1308 historia
946 1273 1070 1322 cupiet
1081 1301 1089 1315 ,
1101 1271 1186 1309 huic
1198 1270 1362 1308 solitudo
1372 1270 1579 1308 admodum
1594 1271 1753 1308 tenenda
1764 1274 1844 1310 erit.

248 1329 303 1366 Vt
314 1328 465 1363 enimin
477 1328 644 1377 principe
656 1357 666 1372 ,
689 1327 917 1373 majestatem
929 1325 1033 1364 affert
1048 1328 1252 1366 verborum
1262 1328 1425 1378 paucitas
1436 1356 1447 1372 ‚
1466 1327 1590 1364 modo
1600 1326 1695 1365 sensa
1706 1329 1743 1364 δε
1756 1328 1846 1373 jussa

246 1382 569 1431 intelligantur,sic
579 1385 615 1420 in
627 1383 777 1421 historia
789 1393 1010 1436 competens
1021 1396 1229 1435 corporum
1239 1395 1430 1423 numerus,
1445 1382 1595 1420 adhibet
1608 1383 1844 1433 dignitatem,

245 1440 398 1476 varietas
407 1441 562 1488 gratiam
573 1437 769 1476 affertOdi
780 1438 1017 1477 solitudinem
1029 1442 1065 1477 in
1077 1439 1374 1480 historia‚tamen
1385 1441 1538 1490 copiam
1548 1441 1704 1477 minime
1715 1439 1842 1480 laudo,

246 1506 330 1542 qua:
343 1496 363 1532 a
375 1494 552 1544 dignitate
563 1495 772 1533 abhorreat.
814 1495 943 1545 Atque
956 1499 992 1533 in
1012 1496 1159 1534 historia
1178 1496 1215 1533 id
1226 1495 1468 1535 veliementer
1486 1495 1658 1547 approbo
1670 1524 1681 1540 ‚
1704 1496 1809 1546 quod
1820 1495 1843 1533 ὲ.

247 1550 379 1588 Poetis
389 1553 538 1599 tragicis
547 1561 658 1600 atque
672 1553 833 1589 comicis
846 1552 1082 1591 observatum
1094 1552 1206 1591 video
1217 1580 1225 1593 ,
1246 1563 1286 1590 ut
1297 1565 1409 1602 quam
1430 1550 1571 1603 possint
1581 1552 1708 1602 paucis
1720 1552 1848 1603 perso-

247 1609 341 1644 natis
351 1606 517 1644 fabulam
529 1606 703 1644 doceant.
733 1608 829 1645 Meo
839 1609 990 1658 quidem
1009 1609 1151 1656 judicio
1168 1609 1267 1647 nulla
1278 1610 1347 1646 erit
1365 1607 1477 1657 usque
1496 1607 1592 1646 adeo
1603 1617 1706 1646 tanta
1718 1619 1845 1646 rerum

106 1666 218 1702 Historia
249 1663 425 1700 varietate
436 1663 567 1701 referta
576 1662 724 1702 historia
737 1693 746 1709 ‚
763 1676 881 1713 quam
893 1677 1032 1704 novem
1045 1675 1107 1704 aut
1119 1664 1253 1703 decem
1275 1665 1449 1703 homines
1461 1676 1540 1701 non
1559 1663 1699 1717 possint
1713 1663 1846 1701 condi-

105 1718 210 1775 }ss'je’-
248 1730 321 1768 gne
332 1730 440 1769 agere
452 1749 463 1765 ,
481 1730 523 1757 ut
532 1719 622 1757 illud
643 1720 822 1759 Varronis
834 1721 907 1759 huc
919 1723 1104 1773 pertinere
1114 1723 1271 1759 arbitror
1282 1751 1292 1767 ‚
1312 1722 1426 1771 quiin
1440 1722 1620 1758 convivio
1632 1721 1844 1757 tumultum

107 1799 159 1816 cem
167 1796 224 1826 per-
249 1776 391 1813 evitans
403 1802 411 1816 ‚
432 1788 511 1813 non
530 1774 722 1826 plusquam
741 1788 881 1815 novem
901 1778 1126 1817 accubantes
1148 1777 1378 1816 admittebat.
1411 1777 1484 1815 Sed
1505 1778 1541 1813 in
1553 1777 1663 1814 omni
1681 1775 1841 1814 historia,

103 1830 169 1866 sonis
180 1832 222 1875 figi
247 1843 337 1868 cum
348 1833 505 1870 varietas
517 1833 685 1879 jocunda
694 1832 744 1871 est
757 1862 767 1878 ,
787 1844 830 1870 ea
841 1844 966 1871 tamen
977 1835 1012 1871 in
1025 1836 1154 1885 primis
1166 1834 1348 1872 omnibus
1361 1844 1462 1883 grata
1475 1832 1525 1870 est
1536 1833 1674 1883 piC'tura
1688 1861 1697 1875 ‚
1717 1833 1754 1867 in
1769 1841 1843 1878 qua

104 1877 120 1907 p
121 1877 203 1898 ‘'sm“
248 1898 455 1936 corporum
467 1888 576 1925 status
595 1899 708 1938 atque
726 1900 859 1927 motus
868 1919 878 1934 ,
899 1893 996 1928 inter
1006 1890 1040 1928 se
1060 1892 1185 1928 multo
1205 1890 1396 1927 dissimiles
1415 1889 1436 1927 s
1431 1900 1506 1926 unt.
1537 1890 1644 1925 Stent
1662 1889 1771 1936 igitur
1782 1886 1843 1922 alii

245 1951 334 1979 toto
343 1943 447 1979 vultu
459 1942 666 1993 conspicui,
679 1945 850 1982 manibus
862 1947 996 1996 supinis
1008 1975 1018 1990 ,
1030 1947 1067 1983 δε
1080 1946 1202 1995 digitis
1213 1946 1440 1983 micantibus
1452 1970 1460 1983 ‚
1485 1944 1642 1982 alterum
1653 1943 1691 1978 in
1703 1941 1841 1992 pedem

245 1998 380 2035 innixi:
394 1997 471 2034 aliis
482 1996 625 2035 adversa
636 1998 676 2035 sit
686 1998 798 2037 facies
809 2029 819 2044 ‚
831 2003 868 2037 &
879 2001 1028 2038 demissa
1040 2003 1206 2038 brachia,
1229 2000 1414 2050 pedesque
1426 1999 1577 2045 injunffl
1590 2027 1600 2042 ,
1620 1996 1841 2048 singulisque

245 2052 380 2102 singuli
399 2052 515 2090 flexus
536 2054 574 2090 δε
596 2054 694 2091 actus
711 2064 859 2092 extent:
879 2056 940 2091 alii
950 2055 1167 2093 consideant
1179 2084 1189 2099 ‚
1209 2056 1318 2092 autin
1332 2055 1431 2091 flexo
1442 2066 1539 2104 genu
1552 2063 1762 2091 morentur,
1778 2062 1842 2090 aut

243 2108 594 2159 propeincumbant
605 2138 615 2154 ‚
633 2109 775 2159 sintque
786 2110 889 2155 nudi,
902 2110 926 2148 si
938 2113 987 2148 ita
996 2111 1124 2149 deceat
1137 2140 1146 2155 ‚
1167 2111 1280 2160 aliqui
1294 2125 1301 2147 ι
1313 2112 1483 2148 nonnulli
1495 2112 1607 2146 mixta
1620 2121 1664 2145 cx
1681 2107 1842 2158 utrisque

245 2175 337 2209 arte,
347 2166 479 2214 partim
490 2165 614 2209 velati,
626 2167 759 2215 partim
770 2166 860 2203 nudi
870 2165 1040 2204 assistant.
1058 2168 1130 2203 Sed
1142 2166 1276 2217 pudori
1285 2166 1429 2216 semper
1440 2168 1476 2203 δε
1488 2165 1718 2203 verecundiae
1730 2165 1842 2202 inser-

244 2221 401 2258 viamus.
422 2219 625 2258 Obscoenae
635 2221 790 2269 quidem
802 2223 988 2271 corporis,
1001 2222 1105 2260 &11ae
1117 2233 1250 2260 omnes
1259 2217 1392 2271 partes,
1407 2234 1490 2271 quae
1501 2233 1632 2271 parum
1646 2222 1766 2271 gratiae
1778 2221 1842 2258 ha-

248 2275 350 2320 bent,
361 2288 502 2325 panno,
512 2285 573 2312 aut
582 2275 789 2317 frondibus,
801 2287 862 2315 aut
874 2289 990 2316 manu
1003 2280 1226 2328 operiantur.
1238 2278 1392 2328 Apelles
1402 2278 1610 2327 Antigonis
1621 2279 1840 2327 imaginem,

248 2343 293 2368 ea
303 2342 448 2368 tantum
460 2342 562 2381 parte
572 2334 695 2370 vultus
704 2334 893 2383 pingebat,
904 2347 976 2383 qua
987 2336 1091 2372 oculi
1100 2335 1234 2373 vitium
1245 2345 1322 2372 non
1335 2333 1469 2371 aderat.
1483 2334 1529 2370 Et
1542 2334 1841 2378 Homerus‚cum

247 2386 469 2436 naufragum
481 2387 645 2435 Vlyssem
661 2386 681 2425 ὲ
693 2388 828 2427 somno
839 2392 1103 2429 excitatum,ex
1115 2391 1222 2439 sylva,
1231 2389 1276 2425 ad
1287 2390 1592 2427 muliercularum
1604 2390 1741 2426 Vocem
1753 2400 1843 2440 pro-

247 2443 350 2493 gredi
361 2443 506 2480 nudum
517 2442 668 2490 faceret,
686 2444 832 2483 homini
853 2459 896 2482 ex
908 2446 1103 2484 frondibus
1113 2446 1277 2482 arboreis
1288 2457 1438 2483 ramum
1450 2473 1458 2486 ‚
1475 2444 1744 2483 obscoenarum
1757 2455 1839 2495 par-

246 2501 341 2536 tium
351 2499 522 2549 corporis
533 2508 808 2549 tegumentum,
820 2501 953 2540 dedisse
963 2504 1108 2553 legitur.
1130 2502 1310 2540 Periclem
1320 2502 1483 2540 referunt
1500 2502 1717 2550 oblongum
1729 2503 1766 2538 ὃς
1778 2500 1839 2537 de-

246 2555 371 2592 forme
383 2554 540 2593 habuisse
552 2567 661 2606 caput
675 2585 684 2600 ,
702 2557 847 2595 idcirco
867 2557 887 2594 a
904 2558 1108 2609 pistoribus
1127 2557 1165 2595 Sc
1185 2557 1428 2608 sculptoribus
1443 2584 1450 2597 ‚
1474 2569 1555 2595 non
1573 2567 1614 2595 ut
1633 2566 1789 2594 caeteros
1799 2558 1836 2592 in

246 2622 383 2660 operto
394 2613 530 2662 capite,
540 2610 598 2649 sed
609 2610 741 2649 caiside
751 2612 897 2658 vestito,
907 2626 994 2652 enm
1005 2614 1156 2652 formari
1165 2613 1327 2652 solitum.
1360 2615 1468 2651 Tum
1478 2615 1652 2663 antiquos
1664 2613 1833 2665 pistores,

248 2666 358 2703 refert
378 2667 596 2705 Plutarchus
609 2698 620 2712 ‚
637 2667 767 2706 solitos
777 2670 815 2706 in
828 2671 1020 2719 pingendis
1031 2671 1178 2720 regibus
1189 2699 1200 2715 ,
1223 2669 1248 2706 si
1260 2670 1348 2719 quid
1358 2671 1436 2707 vitii
1447 2680 1525 2707 erat
1534 2669 1664 2706 formae
1677 2697 1688 2713 ,
1710 2677 1787 2704 non
1797 2663 1835 2701 id

246 2722 520 2771 praetermiffum
531 2724 645 2761 videri
655 2724 764 2769 velle,
775 2725 835 2762 sed
845 2738 958 2775 quam
968 2728 1130 2764 maxime
1142 2725 1301 2776 possent,
1313 2724 1449 2764 servata
1460 2725 1836 2766 fimilitudine‚emen-

245 2776 396 2814 dabant.
426 2779 533 2816 Hanc
553 2793 646 2830 ergo
665 2780 888 2819 modestiam
910 2784 949 2820 ὃς
969 2783 1230 2819 verecundiam
1247 2784 1295 2832 in·
1304 2782 1466 2819 universa
1484 2781 1630 2817 historia
1651 2775 1835 2815 observari

246 2833 374 2882 cupio,
387 2844 427 2870 ut
437 2834 538 2871 foeda
549 2847 610 2873 aut
620 2846 888 2887 praetereantur,
903 2848 965 2875 aut
975 2838 1232 2876 emendentur.
1264 2838 1453 2887 Denique,
1465 2847 1505 2875 ut
1513 2836 1601 2880 dixi,
1613 2831 1834 2871 studendum

245 2886 395 2931 censeo,
406 2899 443 2925 ut
455 2891 491 2925 in
502 2892 606 2928 nullo
617 2892 735 2930 ferme
746 2893 847 2931 idem
858 2894 988 2943 gestus,
1002 2905 1064 2932 aut
1075 2893 1183 2931 status
1196 2893 1452 2943 conspiciatur.

301 2943 469 2983 Animos
480 2945 610 2984 deinde
626 2948 866 2998 spestantium
882 2950 1052 2990 movebit
1064 2949 1223 2989 historia,
1243 2961 1331 2988 cum
1344 2951 1408 2998 qui
1419 2947 1573 2986 aderunt
1584 2943 1835 2994 quietihomi-

1750 3011 1830 3046 nes,
