2023 3162
509 80 588 105 ns
644 67 995 106 Pie-rvrzA
1052 65 1288 106 Lin.111.
1682 86 1731 118 29

136 138 312 177 diocriter
322 134 501 187 sculptam
514 165 524 181 ‚
544 149 659 187 quam
672 139 817 188 egregie
835 137 973 187 pie‘tam
993 149 1070 175 rem
1088 137 1308 176 imitandam
1329 147 1532 187 proponas,
1564 137 1666 176 Nam
1684 152 1730 176 ex

133 194 238 246 piffls
249 193 367 230 rebus.
384 192 460 230 solu
468 206 504 230 m
517 194 562 230 ad
574 195 731 243 aliquam
747 193 983 230 similitudine
996 194 1238 238 referendam,
1253 205 1384 231 manus
1395 193 1658 232 assuefacimus.
1674 195 1728 232 Ex

133 247 243 286 rebus
256 260 345 285 vcro
357 248 377 284 s
372 249 558 299 culptis,&
569 248 904 287 similitudinem&
914 260 996 287 vera
1007 250 1149 286 lumina
1159 249 1342 287 deducere
1351 249 1535 286 discimus.
1544 251 1581 286 In
1592 249 1728 298 quibus

133 303 286 352 quidem
306 305 507 341 luminibus
520 305 758 354 colligendis,
781 306 986 355 plurimum
999 304 1164 343 confert,
1187 306 1269 355 pilis
1281 305 1536 356 palpebrarum
1546 308 1663 342 aciem
1675 307 1729 342 in-

134 360 248 397 tuitus
260 358 536 411 subopprimere
547 389 556 403 ‚
575 373 657 409 quo
671 362 745 398 illic
758 362 900 399 lumina
913 360 1074 398 subfusca
1084 386 1092 399 ,
1114 362 1152 397 ὅ(
1164 361 1267 410 quast
1282 360 1515 398 intercisione
1524 361 1666 410 depicta
1677 363 1728 398 vi·

135 414 289 453 deantur
300 445 308 452 .
340 419 403 453 Ac
429 414 584 452 fortassis
608 416 798 453 conducet
816 416 994 465 fingendo
1014 418 1194 456 exerceri,
1217 428 1330 466 quam
1348 418 1544 468 peniculo.
1575 417 1728 453 Certior

133 472 282 508 enim&
295 470 441 508 facilior
460 471 508 508 est
519 471 704 522 sculptura
717 501 726 516 ‚
746 485 859 521 quam
870 472 1019 522 pictura.
1054 474 1191 522 Neque
1211 484 1376 522 unquam
1397 474 1464 510 erit
1474 471 1654 523 quispiam
1665 473 1729 520 qui

133 527 229 564 reite
240 526 351 576 possit
364 539 446 564 eam
460 539 538 563 rem
551 529 720 577 pingere,
747 529 849 574 cujus
862 539 995 566 omnes
1005 529 1274 579 prominentias
1295 540 1374 566 non
1387 527 1604 577 cognoscat.
1634 528 1726 564 Pro-

132 584 320 620 minentiae
331 593 421 620 vero
440 581 585 619 facilius
599 584 826 632 reperiuntur
837 583 1019 634 sculptura
1032 612 1042 628 ,
1063 596 1175 632 quam
1186 584 1340 634 pietura.
1376 585 1525 621 Etenim
1537 583 1577 620 sit
1595 582 1670 620 hoc
1680 582 1727 619 ad

133 649 212 675 rem
222 650 301 675 non
321 637 514 675 mediocre
525 648 786 687 argumentum
800 667 810 682 ‚
832 638 940 686 quod
949 639 1071 676 videre
1081 641 1192 678 liceat
1202 666 1210 680 ‚
1236 652 1348 689 qnam
1361 641 1468 677 omni
1482 638 1557 676 fere
1576 642 1612 675 in
1624 649 1727 676 :etate

132 694 345 731 mediocres
356 694 498 742 aliquos
509 693 609 730 fuiss'e
620 692 821 742 sculptores
832 694 996 731 invenias
1012 707 1019 729 :
1039 695 1197 743 pistores
1216 707 1307 734 vero
1318 707 1412 745 pene
1425 695 1548 732 nullos
1561 706 1639 732 non
1649 696 1729 731 irri-

133 749 298 790 dendos,
321 761 364 786 ac
381 748 525 798 prorsus
546 750 739 798 imperitos
760 750 929 797 reperies.
958 749 1132 797 Denique
1143 750 1215 787 sive
1237 751 1387 801 piCturae
1398 750 1537 789 studeas
1550 749 1622 788 sive
1633 749 1730 788 scul-

132 815 246 856 pturae
266 831 273 844 ‚
307 804 447 855 semper
466 805 532 840 tibi
552 802 843 854 proponendum
865 803 915 840 est
934 805 1082 853 elegans
1100 807 1137 842 ὃς
1155 804 1335 853 singulare
1354 806 1508 855 aliquod
1526 807 1726 856 exemplar,

132 860 238 910 quod
252 862 289 897 δε
302 860 434 910 speeies
446 858 481 895 δέ
492 859 645 895 imiteris
656 879 665 906 3
685 860 721 895 in
733 870 855 907 eoque
865 859 1048 896 imitando
1059 859 1288 910 diligentiam
1300 861 1476 898 celeritati
1487 862 1726 908 conjunctam

132 918 183 953 ita
193 916 355 952 adhiberi
366 924 539 964 oportere
552 913 699 958 censeo,
711 924 751 951 ut
763 926 950 963 nunquam
961 916 1178 965 peniculum
1190 926 1254 953 aut
1273 916 1408 964 stylum
1418 916 1464 952 ad
1483 928 1581 966 opus
1592 917 1726 954 admo-

132 982 218 1011 veat
231 972 348 1022 piCtor
362 1000 372 1015 ,
390 971 478 1019 quin
499 972 598 1020 prius
616 979 761 1013 mente,
784 971 876 1019 quid
896 970 1053 1008 facturus
1066 1000 1076 1015 ‚
1098 970 1134 1007 &
1152 971 1356 1020 quomodo
1377 971 1414 1008 id
1433 971 1657 1022 perstiffirus
1671 972 1725 1011 sit,

132 1028 280 1078 optime
300 1026 540 1063 constitutum
562 1024 708 1062 habeat.
744 1026 880 1063 Tutius
898 1026 948 1063 est
967 1028 1068 1064 enim
1080 1038 1222 1064 errores
1244 1037 1373 1064 mente
1393 1029 1534 1066 levare,
1559 1039 1671 1076 quam
1681 1040 1727 1066 ex

132 1095 246 1133 opere
259 1082 443 1120 abradere.
474 1082 577 1118 Tum
587 1083 700 1118 etiam
712 1080 802 1117 dum
815 1093 858 1118 ex
872 1081 1085 1132 composito
1097 1094 1205 1132 agere
1217 1084 1347 1120 omnia
1359 1083 1673 1127 consueverimus,
1685 1083 1728 1121 fit

132 1151 173 1176 ut
190 1137 470 1188 Asclepiodoro
483 1137 596 1186 longe
614 1138 811 1186 proniores
831 1137 990 1175 artiiices
1009 1138 1224 1178 reddamur,
1245 1151 1359 1187 quem
1379 1138 1530 1188 quidem
1549 1140 1726 1176 omnium

130 1193 406 1233 velocissimum
417 1192 605 1243 pingendo
615 1191 716 1229 fuiil'e
728 1191 866 1229 ferunt.
896 1194 996 1231 Nam
1008 1193 1173 1231 redditur
1184 1193 1230 1231 ad
1250 1206 1328 1231 rem
1341 1195 1588 1244 peragendam
1601 1206 1727 1245 prom-

130 1261 239 1301 ptum
254 1279 264 1294 ,
284 1249 493 1286 accinCtum
507 1278 517 1293 ,
538 1248 828 1299 expeditumque
846 1251 1038 1299 ingenium
1054 1276 1061 1290 ,
1084 1249 1122 1286 id
1141 1249 1246 1300 quod
1265 1253 1527 1288 exercitatione
1543 1251 1725 1299 agitatum

131 1307 238 1342 calet.
268 1305 397 1354 anue
418 1316 548 1342 manus
565 1304 799 1343 velocissima
818 1307 980 1355 sequitur
991 1335 1002 1350 ‚
1032 1317 1146 1355 quam
1166 1316 1264 1344 certa
1284 1307 1423 1355 ingenii
1450 1308 1546 1343 ratio
1568 1306 1723 1342 duxerit.

131 1361 169 1399 Si
181 1362 347 1410 quivero
356 1362 376 1398 s
371 1372 436 1399 unt
446 1362 537 1412 pigri
547 1360 702 1400 artifices
714 1391 723 1406 ,
746 1361 780 1399 hi
792 1361 963 1412 profecto
974 1360 1115 1398 idcirco
1125 1363 1175 1399 ita
1186 1361 1266 1399 sunt
1276 1391 1286 1406 ‚
1301 1363 1408 1412 quod
1419 1363 1514 1398 lente
1526 1363 1563 1399 ὅ(
1575 1360 1726 1398 morose

132 1429 218 1455 eam
231 1429 310 1454 rem
320 1427 479 1462 tentent,
494 1429 609 1467 quam
619 1430 698 1454 non
710 1419 807 1468 prius
820 1420 934 1456 menti
954 1417 1020 1454 sua:
1040 1417 1159 1455 studio
1170 1415 1397 1468 perspicuam
1409 1415 1575 1455 effecere.
1606 1418 1727 1454 Dum-

131 1485 206 1522 que
216 1474 311 1510 inter
320 1486 378 1511 eas
389 1475 521 1511 erroris
532 1473 700 1511 tenebras
710 1472 908 1520 versantur,
922 1473 1131 1511 meticulosi
1142 1485 1187 1510 ac
1205 1474 1321 1512 veluti
1333 1473 1515 1511 obcaecati
1534 1472 1728 1523 peniculo,

133 1539 307 1566 utcaecus
319 1530 476 1573 bacillo,
498 1531 643 1578 ignotas
654 1531 748 1573 vias,
764 1532 800 1568 ὃς
813 1533 952 1570 exitus,
967 1539 1184 1581 praetentanr
1202 1541 1246 1566 ac
1265 1530 1493 1580 perquirunt.
1524 1530 1624 1578 Ergo
1636 1540 1728 1566 nun-

132 1598 249 1635 quam
261 1584 326 1622 nisi
338 1587 474 1636 praevio
485 1586 638 1636 ingenio
650 1616 659 1631 ,
684 1596 795 1637 atque
813 1587 949 1624 eodem
960 1588 1056 1624 bene
1067 1586 1232 1624 erudito,
1258 1596 1413 1623 manum
1426 1584 1471 1621 ad
1482 1595 1580 1634 opus
1598 1583 1729 1621 admo-

132 1651 225 1679 veat.
257 1641 330 1678 Sed
343 1653 431 1680 cum
442 1640 482 1678 sit
490 1641 678 1680 summum
692 1644 841 1694 pffioris
851 1655 947 1694 opus
962 1642 1106 1680 historia
1118 1671 1127 1686 ‚
1146 1643 1184 1678 in
1196 1651 1268 1690 qua
1285 1640 1437 1690 quidem
1457 1641 1584 1678 omnis
1603 1651 1728 1677 rerum

133 1698 246 1746 copia
257 1697 294 1733 δε
305 1698 487 1746 elegantia
498 1697 612 1736 adesse
625 1698 745 1740 debet,
768 1698 976 1737 curandum
986 1698 1036 1736 est
1046 1728 1056 1743 ,
1075 1708 1114 1735 ut
1124 1709 1202 1734 non
1214 1697 1336 1734 modo
1350 1695 1548 1734 hominem
1560 1725 1571 1741 ,
1591 1705 1727 1733 verum

132 1752 170 1789 ἃ
186 1765 345 1801 equum,
359 1756 398 1791 ὃ(
410 1766 541 1792 canem
556 1783 565 1798 ,
576 1757 614 1792 δε
624 1756 693 1792 alia
703 1757 922 1801 animantia,
934 1755 972 1791 &
989 1766 1044 1792 res
1056 1765 1191 1792 omnes
1209 1751 1287 1791 visu
1299 1751 1539 1802 dignissimas,
1570 1749 1726 1802 pulchre

132 1809 298 1857 pingere,
311 1809 438 1858 quoad
452 1822 515 1860 per
525 1811 720 1860 ingenium
740 1811 775 1848 id
788 1812 896 1850 liceat
909 1840 918 1855 ,
929 1809 1125 1848 discamus:
1144 1820 1224 1859 quo
1235 1810 1391 1847 varietas
1403 1809 1440 1845 ὃ(
1454 1808 1566 1858 copia
1585 1818 1725 1850 rerum,

132 1862 206 1901 sine
217 1865 352 1913 quibus
364 1866 463 1902 nulla
474 1867 642 1904 laudatur
652 1866 799 1904 historia
809 1894 817 1907 ,
842 1868 879 1904 in
892 1865 1021 1903 nostris
1032 1867 1138 1904 rebus
1152 1866 1310 1902 minime
1323 1862 1557 1902 desideretur.

188 1922 373 1969 Magnum
386 1920 421 1957 id
432 1921 586 1970 quidem
595 1932 705 1971 atque
716 1925 775 1960 vix
786 1923 850 1960 ulli
862 1925 1103 1971 antiquorum
1115 1920 1277 1958 concess
1273 1933 1339 1958 urn
1350 1945 1359 1962 ‚
1375 1929 1416 1956 ut
1427 1920 1534 1955 omni
1546 1919 1584 1954 in
1597 1928 1635 1954 re
1645 1928 1726 1954 non

135 1975 223 2013 dico
237 1976 412 2027 praestaret
427 2006 435 2020 ‚
446 1977 506 2014 sed
518 1978 577 2015 vel
588 1979 827 2015 mediocriter
839 1977 926 2016 esset
938 1978 1070 2015 dostus
1085 2006 1094 2021 ‚
1116 1986 1243 2013 tamen
1256 1977 1365 2013 omni
1375 1973 1496 2011 studio
1508 1973 1724 2010 enitendum

135 2030 269 2068 censeo
282 2061 291 2075 ‚
310 2044 356 2069 ne
375 2033 484 2069 nobis
498 2061 507 2076 ‚
525 2034 754 2083 negligentia
772 2033 896 2070 nostra
909 2062 919 2077 ,
938 2044 981 2069 ea
996 2031 1227 2081 desint,quae
1242 2032 1280 2068 ὃς
1297 2030 1448 2068 laudem
1467 2026 1627 2065 afferunt
1647 2039 1726 2076 per-

133 2097 315 2135 magnam
332 2085 358 2122 si
375 2087 618 2135 assequantur,
634 2089 996 2138 &vituperationem
1008 2087 1287 2136 sinegligantur.
1313 2086 1458 2128 Nicias,
1478 2081 1722 2121 Atheniensis.

134 2142 258 2192 pistor
270 2170 280 2186 ,
300 2140 572 2190 diligentissime
585 2144 701 2192 pinxit
721 2145 909 2180 mulieres.
935 2143 987 2179 At
997 2143 1155 2178 Zeuxim
1174 2141 1390 2178 muliebriin
1402 2150 1563 2188 corpore
1574 2139 1728 2187 pingen-

132 2198 185 2234 do
204 2199 407 2247 plurimum
426 2198 502 2234 aliis
514 2197 705 2247 praestitisse
716 2197 850 2235 ferunt.
884 2196 1102 2234 Heraclides
1113 2195 1265 2234 navibus
1280 2194 1473 2246 pingendis
1486 2194 1628 2230 claruit.
1657 2193 1723 2229 Se-

136 2255 268 2302 rapion
288 2252 464 2302 nequibat
482 2252 678 2289 hominem
695 2254 866 2303 pingere,
897 2261 1043 2289 caeteras
1064 2253 1172 2302 plane
1191 2262 1246 2288 res
1267 2250 1515 2301 pulcherrime
1536 2249 1724 2299 pingebat.

136 2307 337 2357 Dionysius
349 2308 439 2345 nihil
452 2308 514 2344 nisi
527 2308 726 2346 hominem
737 2318 894 2359 poterat.
924 2307 1144 2352 Alexander,
1154 2309 1183 2343 is
1194 2308 1258 2356 qui
1269 2306 1438 2357 Pompeii
1449 2307 1637 2355 porticum
1650 2305 1727 2354 pin-

136 2365 202 2404 xit,
218 2363 474 2415 quadrupedes
486 2376 621 2401 omnes
633 2394 642 2408 ,
662 2366 903 2412 maximeque
915 2374 1023 2400 canes
1035 2389 1044 2405 ,
1067 2364 1214 2412 egregie
1226 2362 1394 2400 faciebat.
1423 2360 1609 2405 Aurelius,
1621 2359 1727 2409 quod

137 2421 279 2471 semper
288 2429 430 2458 amaret
440 2449 449 2463 ,
467 2419 487 2456 s
481 2422 589 2457 olum
602 2421 700 2457 Deas
710 2421 960 2468 inearumque
972 2418 1200 2456 simulachris
1213 2428 1358 2455 amatos
1369 2419 1506 2460 vultus,
1522 2417 1728 2465 exprimere

137 2475 333 2526 gaudebat.
357 2475 505 2513 Phidias
526 2477 564 2512 in
577 2476 752 2513 Deorum
762 2475 946 2521 majestate
955 2473 1249 2513 demonstranda,
1265 2485 1378 2523 quarn
1388 2475 1424 2510 in
1437 2472 1635 2509 hominum
1647 2471 1729 2521 pul·

138 2531 358 2570 claritudine,
372 2531 594 2569 elaborabat.
611 2531 846 2582 Euphranori
857 2530 1073 2579 dignitatem
1097 2530 1269 2567 Heroum
1289 2528 1458 2566 simulare
1472 2526 1575 2564 cordi
1596 2526 1729 2564 admo-

138 2588 232 2624 dum
241 2599 318 2625 erar
330 2614 339 2628 ‚
357 2589 394 2624 in
407 2599 523 2636 eaque
534 2599 572 2624 re
593 2596 746 2624 caeteros
767 2587 990 2624 antecelluit.
1021 2588 1152 2635 Itaque
1165 2585 1339 2634 cujusque
1361 2596 1440 2621 non
1454 2594 1557 2632 :equa
1577 2581 1728 2620 facultas

138 2643 221 2681 fuit.
252 2644 420 2694 Proprias
433 2645 533 2679 enim
545 2643 652 2680 dotes
663 2652 793 2679 natura
804 2641 950 2692 singulis
962 2644 1116 2691 ingeniis
1128 2642 1277 2691 elargita
1288 2641 1357 2678 est,
1381 2639 1514 2688 quibus
1526 2649 1602 2675 non
1616 2637 1728 2686 usque

139 2700 235 2737 adeo
247 2693 412 2737 contenti
423 2698 491 2735 effe
503 2698 697 2742 debemus,
709 2707 749 2734 ut
761 2698 852 2746 quid
863 2698 956 2735 ultra
968 2696 1145 2748 possimus
1156 2700 1377 2734 intentatum
1388 2696 1654 2743 relinquamus.
1669 2692 1729 2730 sed

139 2755 179 2791 &
196 2766 333 2793 naturae
352 2755 458 2792 dotes
478 2753 648 2792 industria
658 2780 666 2793 ‚
687 2753 807 2790 studio
828 2764 939 2803 atque
960 2755 1138 2792 exercitio
1160 2752 1329 2790 colendae
1349 2750 1602 2800 augendaeque
1623 2748 1702 2786 sunt
1714 2776 1722 2784 .

139 2810 320 2848 Praeterea
331 2810 420 2848 nihil
432 2840 441 2854 ,
456 2810 561 2859 quod
571 2809 616 2847 ad
626 2809 774 2847 laudem
786 2811 963 2860 pertineat
973 2835 981 2849 ,
1000 2809 1223 2858 negligentia
1236 2805 1512 2858 praetermiss‘um
1526 2805 1546 2842 ὲ
1557 2805 1665 2842 nobis
1677 2806 1730 2842 vi-

142 2865 220 2903 deri
231 2866 353 2905 debet.
376 2868 563 2904 Caeterum
576 2878 664 2903 cnm
675 2864 863 2902 historiam
874 2865 1002 2915 pi&uri
1013 2864 1150 2908 sumus»,
1164 2865 1262 2914 prius
1275 2863 1407 2900 diutius
1420 2861 1728 2910 excogitabimus,

144 2933 315 2972 quonam
325 2923 455 2962 ordine
466 2952 477 2969 ,
500 2924 537 2961 δε
548 2921 682 2972 quibus
696 2920 824 2960 modis
834 2932 917 2959 eam
937 2931 1169 3012 compoglere
1189 2918 1484 2972 pulcherrimum
1502 2917 1562 2955 fit.
1591 2915 1732 3009 Ὺῖἀιι-

1135 2989 1157 3020 3
1619 2982 1643 3009 o
1660 2980 1735 3021 que
