2023 3162
239 140 287 169 30
407 126 805 165 Etntrtnronvn
836 120 1265 159 ARCHITECTVRAE
1305 118 1431 157 Plias
1459 118 1710 160 SECVNDA.

232 192 383 231 busdam
396 194 525 231 formis
538 192 582 231 ad
594 189 863 229 oblestandum
873 187 1060 225 fantasiam
1073 186 1175 225 suam
1184 213 1192 225 ‚
1220 198 1333 236 quam
1347 186 1470 238 spacio
1482 198 1550 238 pro
1562 190 1691 227 aulicis
1703 219 1712 235 ‚
1735 201 1829 227 con-

231 261 357 287 tentus
368 248 436 287 fuit
446 250 552 286 illum
563 249 688 284 locare
701 249 736 283 in
748 243 975 282 stella-sormi
989 244 1181 287 cubiculo,
1204 254 1282 291 quae
1296 243 1382 281 alias
1396 240 1532 284 fuisset,
1554 244 1681 284 severo
1691 246 1831 292 judicio

234 305 354 351 Artis,
365 304 612 343 incommoda
623 302 750 351 figura.

289 359 492 411 Distrjbutt'o
503 359 552 396 est
563 359 699 396 idonea
709 354 896 406 dispositio
908 357 1082 392 omnium
1097 355 1334 392 conclavium
1346 354 1390 392 ad
1405 353 1612 399 ministeria,
1624 366 1826 406 receptum.

235 426 298 453 aut
307 418 538 466 voluptatem
552 428 561 457 ·‚
585 413 630 449 de
641 423 712 461 qua
723 422 805 448 ante
816 412 992 461 prolixius
1005 412 1076 459 egi,
1092 421 1204 459 quam
1216 410 1262 447 de
1276 411 1349 447 ulla
1360 411 1431 446 alia
1448 421 1558 459 parte.

293 473 386 509 Haec
399 471 477 509 sunt
486 479 643 519 quatuor
656 468 775 517 capita
797 477 877 516 quae
891 477 1205 515 unumquemque
1228 466 1335 503 obire
1355 476 1511 516 oportet
1521 491 1531 504 ‚
1557 476 1758 515 antequam
1771 467 1833 504 de-

232 529 467 564 terminatam
479 523 668 562 censuram
682 532 763 572 agat
777 524 901 572 operis
922 523 1026 570 quod
1037 524 1242 568 examinat3
1266 521 1398 570 quibus
1412 522 1644 559 concludam
1657 522 1751 558 hanc
1762 534 1831 571 po-

231 583 404 621 stremam
425 589 567 631 partem
586 579 632 616 de
652 579 899 615 ornamentis.
932 577 1118 615 Adversus
1137 588 1217 625 que:
1240 576 1372 615 videor
1385 577 1477 614 mihi
1496 576 1620 615 audire
1645 577 1832 623 objectio-

232 651 321 676 nem
336 667 346 682 ,
367 639 478 674 etiam
489 636 584 673 bene
594 634 779 672 sentientis
795 634 880 672 viri,
906 632 970 669 has
984 632 1216 670 delectabiles
1237 632 1347 670 Artes
1366 635 1471 680 variis
1485 633 1609 670 modis
1625 634 1722 670 male
1734 632 1834 683 posse

234 693 421 743 applicari.
454 691 659 729 Fatendum
671 688 752 727 sane
761 688 826 729 est,
854 687 953 739 poss'c
968 688 1191 726 &lascivum
1207 713 1214 726 ‚
1236 687 1445 726 &similiter
1465 687 1750 738 superstitiosum
1764 687 1835 726 effe

233 748 349 789 usum3
364 758 443 784 tam
454 747 605 784 Picturae
617 758 731 795 quam
744 745 960 795 Sculpturae.
989 745 1064 782 Cui
1077 743 1307 795 possibilitati
1319 745 1414 781 male
1424 743 1648 794 applicandi,
1664 756 1742 781 non
1753 754 1835 782 tan-

234 815 315 842 tum
329 803 495 848 subiectae
509 804 587 840 sunt
607 800 882 839 semi-liberales
902 800 955 837 ha:
970 799 1092 838 Artes,
1109 798 1167 836 sed
1178 801 1292 837 etiam
1304 798 1455 839 summae
1465 800 1707 850 perfectiones
1720 799 1757 836 ὃς
1769 800 1835 837 be-

237 860 371 898 neficia
385 859 546 897 Naturae.
580 856 639 895 Ut
649 856 892 907 pulchritudo
904 858 942 892 in
954 856 1169 899 meretrice,
1190 855 1416 904 Eloquentia
1432 858 1469 892 in
1482 856 1636 893 homine
1649 855 1836 900 seditioso,

239 916 392 954 audacia
404 917 441 951 in
455 913 604 953 ficatio,
629 913 790 963 prudens
802 912 1011 949 observatio
1035 911 1213 948 horarum
1233 913 1271 948 &
1289 905 1493 949 humorum
1503 912 1540 949 in
1551 913 1693 949 Aulico
1705 923 1814 948 corru
1823 933 1837 940 -

240 982 310 1023 pto
324 1000 333 1015 ‚
357 972 494 1020 ingenii
505 980 664 1007 acumen
677 970 713 1005 in
723 968 913 1005 seductore
926 966 1160 1009 scholastico,
1176 966 1213 1003 ὃ(
1226 966 1365 1003 similia.
1399 969 1500 1018 Qu
1510 970 1603 1006 imo,
1617 969 1725 1004 liceat
1736 979 1836 1015 quae-

241 1039 321 1065 rere
335 1056 344 1071 ‚
369 1039 449 1075 quoe
460 1026 530 1063 Ars
541 1023 659 1075 potest
670 1023 737 1061 effe
751 1025 867 1073 magis
879 1022 1083 1074 perniciosa
1094 1050 1102 1065 ,
1126 1034 1239 1071 quam
1250 1021 1322 1073 ipsa
1341 1021 1469 1075 Religio
1482 1048 1490 1062 ‚
1514 1022 1539 1060 fi
1549 1023 1836 1061 convertaturin

244 1083 349 1120 Artis
359 1081 650 1118 instrumentum
664 1083 674 1117 ἒ
701 1083 939 1133 Qaproprei·
948 1075 987 1114 ab
996 1075 1091 1113 abati
1102 1076 1146 1112 ad
1156 1091 1223 1113 non
1233 1079 1301 1121 uti,
1313 1088 1459 1130 negatur
1473 1076 1714 1130 consequentia.

301 1138 402 1175 Cum
424 1139 549 1185 itaque
572 1137 644 1180 jam
670 1136 930 1184 quadantenus
953 1133 1161 1171 censuerim
1179 1133 1242 1170 has
1266 1133 1616 1171 Animadversiones
1638 1134 1684 1172 de
1705 1132 1839 1171 Archi-

245 1193 385 1231 testura
398 1221 406 1237 ,
427 1194 464 1229 ὃ(
485 1193 714 1229 ornamentis
732 1191 847 1227 illius:
870 1190 986 1226 sentio
1006 1191 1079 1236 jam
1094 1218 1104 1233 ‚
1118 1188 1258 1238 spiritus
1272 1191 1589 1241 contemplativos
1609 1191 1836 1238 taminquie-

246 1260 307 1286 tos
320 1249 388 1285 effe
399 1276 409 1292 ,
431 1259 545 1296 quam
558 1245 636 1283 sunt
649 1246 779 1283 affivi:
799 1257 887 1282 nam
899 1246 1071 1282 dubitans
1081 1243 1176 1294 apud
1188 1245 1372 1295 meipsum
1397 1253 1454 1289 (ut
1466 1247 1588 1283 omnis
1599 1244 1837 1282 imbecillitas

246 1304 297 1342 est
308 1302 512 1354 suspiciosa)
526 1302 720 1340 existimati
741 1301 840 1352 poss'e
852 1313 912 1338 me
928 1303 1060 1351 inopes
1071 1312 1171 1337 meas
1191 1300 1465 1338 observationes
1478 1303 1514 1338 in
1537 1303 1667 1338 exteris
1678 1299 1838 1350 partibus

248 1359 366 1397 consu
373 1357 484 1396 mfisse
494 1369 637 1396 tantum
649 1359 686 1394 in
695 1356 813 1407 lapide
825 1357 976 1406 &ligno
990 1383 998 1396 ‚
1026 1355 1062 1392 8<
1074 1355 1251 1394 similibus
1272 1357 1381 1394 rebus
1393 1357 1526 1394 vilibus
1539 1370 1549 1399 3
1572 1356 1692 1393 ducor
1703 1358 1779 1402 jam
1791 1355 1837 1393 ad

247 1414 522 1452 immodestiam
534 1412 798 1464 promulgandi
808 1413 904 1450 aliud
915 1423 1012 1464 opus
1023 1437 1031 1452 ,
1050 1411 1155 1461 quod
1167 1412 1231 1449 diu
1242 1412 1376 1451 devovi
1387 1411 1530 1450 servitio
1543 1412 1689 1459 Patriae3
1711 1410 1839 1448 videli-

249 1482 319 1509 cet,
335 1469 635 1520 Philosophicam
645 1469 859 1517 indaginem
878 1468 1120 1505 Educationis
1138 1468 1464 1518 Liberomm‚quae
1478 1479 1600 1505 revera
1613 1466 1661 1504 est
1670 1467 1782 1504 altera
1793 1479 1838 1503 ’.ε-

249 1525 427 1565 dificatio,
440 1535 501 1563 aut
512 1526 694 1576 reparatio
706 1525 867 1569 Naturae,
879 1526 930 1569 ὅτ,
941 1534 981 1561 ut
991 1524 1080 1561 licet
1091 1525 1296 1567 nominare,
1310 1535 1426 1573 genus
1437 1524 1588 1561 moralis
1601 1521 1839 1562 Architectu-

249 1593 310 1629 τινες
327 1580 372 1618 de
384 1593 458 1629 qua
470 1581 605 1621 Notas,
620 1592 710 1630 quas
723 1580 859 1629 collegi
876 1581 915 1616 in
925 1579 1113 1617 itineribus
1125 1589 1189 1617 aut
1199 1579 1488 1617 habitationibus
1499 1580 1643 1618 exteris,
1656 1577 1762 1628 spero
1776 1589 1838 1616 me

308 1637 492 1674 editurum
511 1634 585 1671 sine
605 1637 753 1685 publica
767 1633 925 1680 offensa,
947 1646 1162 1685 quanquam
1181 1647 1223 1672 ea
1236 1635 1400 1674 libertate
1423 1648 1504 1684 quae
1514 1636 1664 1686 planum
1678 1633 1781 1672 Can-

379 1692 523 1727 tianum
541 1690 660 1728 decet.
694 1692 834 1728 Interea
852 1691 949 1728 hanc
967 1691 1205 1739 fatrraginem
1224 1691 1326 1728 emisi
1346 1691 1467 1730 foras,
1484 1700 1524 1727 ut
1542 1702 1650 1727 avem
1661 1700 1706 1727 cx

439 1755 535 1785 arca,
549 1747 594 1782 ad
606 1745 892 1785 observandum,
905 1758 987 1796 quae
997 1745 1121 1784 semita
1135 1756 1256 1797 pateat
1267 1748 1317 1786 illi
1327 1758 1406 1796 quae
1418 1746 1589 1785 secutura
1601 1744 1661 1783 est.

1656 2968 1839 3008 ViTflu-
