2023 3162
288 91 334 124 16
436 79 1131 122 M.V1·rnuv11P02rionis
1161 87 1220 114 Dr„
1255 74 1699 115 Ancn1TECT.L113.
1729 77 1757 116 1.

284 160 421 190 tuatur,
435 150 600 201 eligenda
609 151 779 200 proxime
792 144 1015 199 portumzsm
1026 155 1150 182 autem
1163 144 1481 188 mediterranea,in
1491 145 1636 195 oppido
1648 146 1788 184 medio.
1800 143 1871 184 AE„

284 206 391 243 dibus
402 218 492 243 vero
510 204 628 250 sacris,
641 216 805 253 quorum
817 204 991 240 Deorum
1002 201 1168 237 maxime
1180 201 1216 235 in
1228 200 1340 236 tutela
1353 201 1480 236 civitas
1492 201 1636 238 videtur
1648 201 1730 247 effe,
1739 204 1776 239 ὅ(
1788 200 1871 255 Jovi

285 265 323 300 δ(
335 260 472 315 Junoni
482 263 519 298 ὅ(
533 261 766 298 Minetvae‚in
778 254 1025 294 excclfissimo
1036 255 1247 299 loco‚unde
1258 255 1448 291 moenium
1463 258 1623 292 maxima
1634 268 1714 306 pars
1725 257 1872 309 conspi-

285 320 414 355 ciatur,
428 328 518 353 areae
529 316 794 352 distribuantur.
823 311 1016 349 Mercurio
1029 321 1152 348 autem
1163 312 1200 346 in
1212 310 1312 353 foro,
1326 320 1387 346 aut
1396 312 1509 347 ctiam
1520 312 1573 347 uti
1584 310 1666 348 Isidi
1677 315 1714 350 ὅ(
1728 314 1869 363 Serapi,

284 375 325 410 in
344 374 528 422 emporio.
559 369 729 419 Apollini
741 369 905 417 patrique
916 364 1055 401 Libero
1067 394 1076 409 ,
1099 364 1301 402 secundum
1314 364 1512 402 theatrum.
1545 365 1720 406 Herculi,
1741 369 1778 404 in
1789 370 1870 417 qui.

287 428 354 466 bus
366 427 574 465 civitatibus
584 436 660 461 non
671 422 750 460 sunt
761 420 945 471 gymnasia
955 432 1076 469 neque
1087 420 1352 470 amphitheatra
1363 449 1374 464 ‚
1400 420 1445 455 ad
1458 422 1612 458 circum.
1646 423 1684 459 M
1692 425 1758 459 arti
1770 435 1871 460 extra

286 483 414 520 urbem
428 511 439 526 ,
461 481 518 518 sed
529 479 572 515 ad
585 490 769 529 campum.
790 479 962 526 Itemque
976 477 1112 514 Veneri
1123 475 1166 512 ad
1178 486 1339 525 portam.
1371 474 1409 512 Id
1421 485 1542 513 autem
1554 478 1667 514 etiam
1682 477 1871 516 Hetruscis

285 539 521 589 aruspicibus,
537 533 808 585 disciplinarum
821 533 959 582 scriptis
970 535 1019 569 ita
1029 530 1078 568 est
1087 531 1301 568 dedicatum
1311 559 1321 574 ‚
1335 541 1436 568 extra
1446 543 1594 569 murum
1606 561 1616 576 ‚
1631 534 1687 578 [a]
1700 533 1868 574 Venetis,

285 593 448 630 Vulcani
461 590 623 634 ,Martis,
639 588 820 627 fanaideo
839 588 1041 630 collocari,
1058 588 1113 624 uti
1130 598 1209 623 non
1220 585 1393 623 insuescat
1411 587 1451 623 in
1470 588 1559 624 urbe
1577 587 1872 626 adolescentibus

285 648 345 684 seu
356 646 531 685 matribus
550 645 772 682 familiarum
783 645 951 683 Venerea
964 642 1097 685 libido,
1112 642 1353 690 Vulcanique
1373 643 1411 679 vi
1424 639 1444 678 ὲ
1458 643 1650 680 moenibus
1662 673 1672 687 ‚
1683 645 1873 693 religioni-

287 704 354 740 bus
375 702 412 738 &
430 701 612 739 sacrificiis
631 710 785 738 evocata
799 728 809 743 ‚
826 700 871 736 ab
891 701 1028 736 timore
1050 698 1315 735 incendiorum
1337 696 1490 735 aedificia
1508 698 1699 736 videantur
1717 700 1871 736 liberari.

286 759 420 796 Martis
429 769 521 795 veto
533 757 702 795 divinitas
717 784 726 799 ‚
746 767 837 792 cum
848 754 889 791 fit
902 764 1000 791 extra
1012 755 1153 790 moenia
1164 753 1331 789 dedicata
1343 782 1352 798 ,
1382 765 1461 790 non
1473 755 1539 790 erit
1548 756 1644 791 inter
1656 756 1752 791 cives
1765 756 1873 792 armi-

287 825 373 864 gera
383 812 550 850 diffenslo
562 842 572 857 ,
592 811 650 848 sed
670 810 714 849 ab
726 809 893 847 hostibus
911 821 952 846 ea
970 807 1116 846 defensa
1128 834 1136 847 ‚
1151 810 1188 845 ὅ(
1201 808 1482 858 bellipericulo‚
1506 809 1747 847 conservabit.
1777 811 1872 848 Item

288 870 419 907 Cereri
430 879 528 906 extra
537 867 665 905 urbem
676 868 779 905 loco,
792 878 873 915 quo
883 877 963 903 non
974 864 1116 915 semper
1127 862 1301 901 homines
1315 889 1323 902 ‚
1338 864 1401 901 nifi
1411 876 1473 915 per
1484 864 1717 910 sacrificium,
1728 865 1873 903 uecess'e

284 924 445 962 habeant
459 925 569 961 adire:
583 935 670 960 cum
681 923 865 970 religione
876 921 971 958 caste
980 919 1175 969 sanctisque
1187 920 1358 957 moribus
1367 922 1396 956 is
1408 922 1514 957 locus
1528 920 1639 958 debet
1649 923 1752 958 tueri.
1785 922 1872 958 Cae-

286 978 442 1028 terisque
453 981 535 1016 Diis
547 981 592 1017 ad
603 977 872 1015 sacrificiorum
888 978 1047 1013 rationes
1061 986 1152 1025 apta:
1163 976 1311 1026 templis
1329 987 1417 1013 areae
1428 974 1506 1013 sunt
1515 976 1780 1014 distribuendae.
1810 978 1874 1014 De

287 1035 371 1087 ipsis
381 1046 505 1072 autem
525 1035 663 1072 aedibus
674 1033 695 1069 s
689 1034 781 1070 acris
800 1031 974 1069 faciendis
987 1061 997 1077 ‚
1019 1032 1056 1068 ὃς
1068 1032 1112 1067 de
1132 1028 1188 1076 [b]
1208 1043 1374 1069 arearum
1394 1031 1613 1080 symmetriis
1625 1062 1634 1077 ‚
1654 1034 1691 1069 in
1711 1034 1821 1070 tertio
1832 1035 1873 1070 ὃς

289 1102 426 1140 quarto
435 1091 629 1129 volumine
643 1089 795 1126 reddam
806 1089 985 1125 rationes:
1009 1089 1094 1137 quia
1103 1087 1142 1123 in
1154 1085 1317 1124 secundo
1326 1086 1444 1125 visum
1464 1086 1513 1124 est
1525 1086 1631 1127 mihi,
1655 1089 1818 1138 primum
1827 1087 1874 1124 de

288 1148 449 1183 materiae
461 1148 599 1197 copiis,
612 1145 745 1193 quaein
757 1142 916 1180 aedificiis
927 1142 947 1178 s
943 1153 1007 1179 unt
1017 1141 1198 1193 parandae‚
1209 1141 1341 1191 quibus
1353 1142 1419 1179 sint
1428 1143 1623 1180 virtutibus
1634 1143 1671 1180 &
1682 1156 1798 1192 quem
1810 1143 1875 1179 ha-

289 1202 400 1238 beant
409 1201 514 1238 usum
527 1230 536 1245 ‚
555 1212 759 1250 exponere,
782 1199 1019 1236 commensus
1040 1197 1288 1236 aedificiorum
1308 1200 1345 1235 ὅ(
1367 1198 1513 1235 ordines
1533 1202 1570 1236 δε
1592 1211 1724 1249 genera
1734 1198 1875 1248 singula

288 1256 582 1306 symmetriarum
595 1266 767 1306 peragere
780 1283 790 1298 ‚
810 1256 895 1291 &in
910 1253 1058 1304 singulis
1072 1253 1328 1292 voluminibus
1338 1255 1530 1304 explicare.
1551 1265 1559 1270 ·

288 1350 326 1384 a]
348 1346 505 1376 Philander:
525 1348 657 1374 Venerem
667 1368 674 1379 ,
685 1346 834 1374 Vulcanum
846 1349 869 1374 St
881 1346 998 1373 Martem
1010 1354 1112 1374 veteres
1123 1345 1318 1374 Hetruscorum
1326 1345 1461 1383 disciplina
1472 1346 1568 1373 moniti
1578 1346 1647 1373 intra
1658 1346 1793 1374 moenium
1804 1346 1875 1385 sept-²

328 1388 500 1417 collocandos
511 1397 563 1414 non
577 1395 752 1425 putaverunt,
768 1387 840 1425 quod
855 1386 957 1413 libidini
967 1407 974 1416 ,
986 1387 1117 1425 voluptati
1128 1407 1134 1417 .
1148 1386 1287 1417 incendiis,
1301 1387 1404 1426 jurgiis,
1417 1386 1515 1418 litibus,
1529 1383 1676 1425 praeeffent.
1697 1389 1751 1415 Eos
1766 1387 1792 1414 iu
1806 1387 1875 1414 urbe

331 1429 486 1458 coluerunt,
497 1429 542 1465 qui
553 1425 624 1466 frugi
635 1425 717 1455 effent
726 1448 732 1459 ,
745 1428 770 1454 id
782 1428 829 1457 cst,
845 1427 888 1464 qui
900 1427 937 1453 eis
947 1426 1021 1454 rebus
1034 1424 1184 1465 praeeffent‚
1206 1427 1274 1455 unde
1284 1427 1315 1454 ad
1327 1426 1530 1454 adolescentiam
1543 1430 1567 1455 δι
1580 1436 1713 1455 matronas
1731 1426 1793 1454 mali
1809 1426 1877 1454 nihil

330 1469 442 1497 derivari
451 1466 537 1506 posset
548 1488 554 1500 ‚
568 1477 648 1506 atque
659 1469 726 1495 adeo
736 1468 780 1505 qui
790 1463 948 1506 prodessent.
971 1468 1065 1506 Neque
1076 1477 1165 1495 tamen
1176 1477 1334 1506 perpetuum
1345 1467 1397 1495 hoc
1407 1466 1467 1495 fuit.
1477 1468 1612 1505 Qinimo
1621 1470 1645 1494 ὃ(
1657 1467 1723 1495 alios
1732 1467 1877 1506 aliquando

327 1511 355 1538 in
367 1509 459 1538 urbem
469 1519 500 1536 ne
513 1506 633 1536 obessent
642 1508 817 1536 adsciverunt.
825 1510 896 1536 Nam
907 1507 994 1535 Febris
1004 1505 1096 1536 fanum
1106 1509 1132 1535 in
1147 1508 1248 1536 Palatio
1257 1504 1341 1537 fuisse,
1351 1508 1419 1546 apud
1430 1509 1591 1535 Ciceronem
1601 1528 1607 1538 ,
1620 1507 1746 1539 Plinium,
1758 1511 1783 1536 ὃ(
1794 1508 1878 1535 Vale-

331 1552 401 1578 rium
419 1550 492 1576 Max.
503 1549 627 1587 legimus.
645 1550 718 1576 Sicut
731 1549 825 1576 Martis
837 1548 932 1576 ultoris
944 1549 1074 1586 templum
1090 1549 1121 1576 ad
1142 1547 1230 1577 forum
1240 1549 1352 1588 Augusti
1373 1549 1487 1577 Ovidius
1506 1552 1529 1576 ἃ
1546 1548 1687 1576 Suetonius
1696 1548 1872 1576 constituunt.

330 1590 440 1617 Veneris
451 1589 523 1616 enim
533 1587 606 1616 fuisse
617 1591 643 1617 in
653 1587 714 1617 foro
723 1588 839 1620 Caeihris,
851 1589 893 1616 vel
905 1587 954 1626 ipse
964 1590 1100 1617 Vitruvius
1109 1589 1188 1617 docet
1203 1588 1248 1616 lib.
1266 1599 1275 1616 1
1286 1598 1295 1615 1
1306 1598 1328 1616 ι.
1347 1598 1371 1616 c.
1383 1598 1422 1616 11.
1432 1592 1456 1617 8<
1467 1589 1535 1625 apud
1547 1590 1658 1616 Circum
1670 1589 1816 1616 maximum
1830 1590 1877 1616 Li-

328 1631 385 1658 vius
397 1629 674 1657 collocat-Vulcanum
683 1630 709 1656 in
720 1630 793 1656 circo
805 1629 936 1656 Flaminio
947 1626 1072 1660 habuistis,
1082 1630 1189 1670 [egnum
1199 1633 1223 1657 δι
1234 1629 1302 1667 apud
1314 1630 1464 1657 Comitium
1474 1625 1680 1661 fuiffe‚sctibunt
1693 1628 1804 1667 Dionys.
1817 1630 1874 1657 Ha-

330 1665 459 1698 licarmff.
471 1673 495 1697 8(
506 1671 601 1696 Sextus
613 1669 766 1706 Pompeius.
776 1669 878 1696 Malam
891 1669 1034 1696 Fortunam
1046 1670 1072 1697 in
1085 1670 1213 1708 Exquiliis
1225 1678 1279 1697 tem
1302 1669 1356 1697 lum
1366 1665 1493 1701 habuisse,
1504 1670 1646 1697 Ciceronis
1655 1672 1678 1696 ὃς
1692 1669 1768 1696 Plinii
1779 1668 1876 1697 confir-

333 1710 451 1737 matione
461 1709 598 1738 docemur.
610 1709 745 1737 Socordiae
758 1717 821 1737 vtro
831 1709 862 1736 :id
872 1710 999 1736 Aventini
1007 1711 1107 1737 montis
1115 1710 1214 1737 radices
1224 1708 1260 1737 fui
1287 1721 1308 1742 e,
1321 1711 1431 1738 memini
1440 1710 1530 1750 legere
1539 1709 1608 1747 apud
1618 1709 1734 1743 Livium,
1744 1708 1786 1737 sed
1794 1710 1874 1738 Mur-

333 1759 378 1777 tiae
389 1758 507 1776 nomine.

292 1788 322 1826 b]
335 1788 497 1858 ligiilanlder:
521 1787 595 1817 Nihil
612 1797 688 1818 muto
699 1809 706 1823 ‚
725 1788 766 1817 sed
776 1798 881 1818 tantum
893 1799 1010 1824 monem
1029 1789 1122 1820 melius
1132 1789 1352 1830 commodiusque
1368 1784 1438 1824 effe,
1453 1788 1608 1820 fiscribatur
1625 1797 1730 1824 earum,
1743 1788 1810 1818 utin
1818 1787 1872 1819 fine

347 1843 353 1858 l
375 1839 417 1856 .2.
442 1837 540 1868 eguus.

1709 2900 1765 2939 M.
1795 2900 1872 2946 Vx-
