2023 3162
288 91 358 131 148
633 72 1496 116 M Vrriiuv11PoLL10N1s

284 151 324 188 sil
337 146 398 194 [d]
413 146 584 186 Atticum
596 146 730 184 imitari
742 173 751 189 ‚
771 146 828 188 [e]
844 143 984 180 violam
997 141 1135 180 aridam
1148 142 1397 187 conjicientes
1409 140 1446 177 in
1459 151 1517 178 vas
1529 152 1619 180 cuin
1631 152 1724 193 aqua
1736 141 1881 184 confer-

285 205 430 242 vesccte
443 203 583 240 faciunt
594 202 638 239 ad
649 203 792 250 ignem:
813 197 948 234 deinde
961 209 1048 235 cuin
1062 196 1111 234 est
1121 207 1384 247 temperatum,
1396 198 1647 243 coniiciuntin
1660 201 1828 246 linteum,
1841 205 1879 240 ὃς

284 261 371 299 indc
385 259 556 297 manibus
570 259 831 309 exprimentes,
845 254 1030 304 rccipiunt
1044 255 1081 289 in
1099 255 1319 290 mortarium
1332 251 1470 301 aquam
1482 264 1526 289 ex
1538 254 1646 291 violis
1658 257 1880 302 coloratam,

285 320 379 356 &ex
401 328 442 352 ca
461 315 630 352 eretriani
650 309 890 348 infundentes
905 334 912 347 ‚
937 308 973 345 &
987 321 1068 345 carn
1088 317 1246 346 terentes
1260 336 1269 352 ‚
1286 307 1450 345 efficiunt
1468 307 1538 346 silis
1550 309 1671 346 Attici
1692 314 1877 350 colorem.

288 373 432 411 Eadem
444 372 587 408 ratione
597 367 811 406 vaccinium
823 374 1073 415 temperantes
1087 393 1098 409 ‚
1108 367 1145 402 ὃς
1154 365 1213 401 lac
1226 363 1436 403 miscentes,
1451 376 1649 415 purpuram
1660 364 1799 404 faciunt
1810 366 1880 405 ele-

288 439 452 478 gantem.
484 427 576 462 Item
589 424 745 472 quinon
757 420 906 472 possunt
919 419 1150 469 chrysocolla
1167 428 1318 471 propter
1336 421 1528 457 caritatem
1548 421 1624 465 uti,
1645 420 1775 461 herba,
1796 436 1879 472 quae

287 482 364 536 [f]
385 484 529 520 luteum
540 479 743 531 appellatur
753 505 764 523 ‚
779 476 977 514 caeruleum
987 475 1157 513 inficiunt
1169 504 1179 521 ‚
1190 476 1226 512 &
1237 484 1390 513 utuntur
1401 474 1620 513 viridissimo
1633 478 1774 514 colore.
1787 479 1879 518 Haec

1756 543 1880 573 autem

328 638 401 677 quod
412 647 474 665 mox
487 636 610 675 sequitur,
622 635 719 663 Eadem
735 634 838 661 ratione
849 633 1000 661 vaccinium
1011 640 1199 669 temperantes,
1212 634 1236 659 8<
1246 630 1284 658 lac
1297 629 1448 660 miscentes,
1459 639 1601 668 purpuram
1610 627 1711 657 faciunt
1721 629 1883 670 elegantem.

328 679 378 707 Sed
388 682 412 706 3<
431 679 474 716 qui
486 677 584 714 scriplit
596 686 661 714 opus
673 674 798 702 pandect,
811 674 907 701 medic.
921 672 1021 701 Matth.
1030 672 1194 710 Sylvaticum
1205 692 1212 702 ,
1236 671 1314 699 video
1325 667 1400 699 fuiffe
1411 672 1437 698 in
1448 681 1476 698 ea
1488 670 1631 700 sententia,
1644 680 1706 698 cum
1716 671 1748 698 de
1761 672 1882 699 vaccinio

327 719 419 747 tradit.
440 718 515 755 Qd
535 716 640 745 senserit
661 715 760 743 Plinius
777 714 888 750 judicari
903 724 956 741 non
968 713 1052 751 potest
1064 733 1071 743 .
1090 712 1190 740 etiamii
1202 711 1309 751 hysgini
1320 712 1472 739 meminerit
1482 711 1527 739 lib.
1540 721 1598 738 xxi.
1619 721 1676 749 cap.
1689 717 1732 737 26.
1750 711 1882 739 &lib.1x.

327 770 385 798 cap.
398 770 413 788 ιι
422 770 440 786 1.
464 758 592 786 Nondum
606 767 668 785 vero
678 764 759 783 tantae
770 754 837 793 apud
849 763 891 782 me
902 754 936 782 est
946 753 1095 781 autoritatis
1105 753 1232 781 Nicandri
1241 752 1395 780 Theriacon
1406 752 1571 783 Scholiastes.
1584 760 1612 779 ut
1623 752 1648 778 in
1660 751 1714 786 ejus
1725 751 1886 781 sententiam

327 799 438 839 pedibus
447 809 513 829 carn,
523 800 568 837 qui
578 799 647 826 dicat
659 796 720 824 flavi
731 792 782 823 effe
793 794 889 823 coloris
898 816 905 827 ,
919 795 944 823 id
954 795 988 822 est
998 815 1003 824 ,
1014 790 1097 831 ξανθὴ
1105 791 1278 832 nSMi-istm'la,
1288 791 1302 820 d
1315 802 1369 831 quo
1381 792 1535 827 ὑσμνοέαφή
1547 790 1577 819 πὶ
1587 790 1639 820 mim-3
1648 792 1883 828 αότέβεξαιμιιᾷυκ.

327 841 413 880 Qod
432 848 521 867 autem
539 839 570 866 ad
592 838 775 866 vaccinium&
787 835 962 874 hyacinthum
980 836 1076 862 attinet
1090 855 1096 866 ‚
1114 834 1245 861 lohannes
1257 833 1376 862 Ruellius
1397 834 1488 861 eadem
1499 841 1573 871 putat
1587 854 1593 864 ,
1611 832 1763 870 astipulatus
1782 834 1883 861 Servio.

326 884 390 912 Nic.
400 881 566 908 Leonicenus
585 878 697 906 credidit
716 876 865 904 vaccinium
878 873 928 904 effe
938 875 1151 914 ligustriacinos.
1166 874 1192 902 id
1202 875 1253 905 est,
1266 874 1319 908 ejus
1337 873 1447 904 arboris,
1459 883 1538 912 quam
1551 874 1630 901 nostri
1641 872 1789 901 Troesmin
1800 874 1884 913 vulgo

327 923 430 951 dicunt.
441 920 580 959 appellavit
594 920 664 947 enim
676 917 802 957 Virgilius
820 919 940 945 vaccinia
951 924 1040 953 mgra.
1058 914 1130 953 quod
1140 911 1372 955 fortail'espectans
1384 914 1536 943 Columella.
1554 914 1599 942 lib.
1612 924 1638 942 x.
1661 923 1707 952 qui
1718 915 1753 943 est
1764 914 1795 943 de
1809 917 1883 944 cultu

328 964 485 992 Hortomui
497 961 613 989 carmine
628 957 749 997 scriptus,
762 957 846 985 dixit:

849 1020 932 1030 ..-
943 1001 976 1036 {5
985 1006 1055 1042 nigro
1070 1005 1190 1044 permista
1206 1004 1307 1043 ligustro

793 1047 917 1084 Balsama
926 1056 983 1073 cum
996 1046 1073 1084 Casia
1082 1050 1187 1075 metens.

329 1102 386 1131 Nifi
398 1100 525 1139 scripserit
536 1101 624 1129 niveo.
634 1099 684 1129 fuit
698 1101 769 1129 enim
780 1098 864 1129 facilis
875 1099 890 1128 ξι
903 1111 968 1129 voce
980 1102 1058 1140 nigro
1070 1102 1096 1128 in
1108 1101 1187 1130 niveo
1197 1102 1323 1129 deflexus.
1340 1100 1527 1128 Volaterranus
1536 1099 1563 1128 in
1575 1099 1690 1140 Virgilio
1702 1111 1756 1129 non
1765 1103 1884 1132 vaccinia

328 1143 371 1171 sed
384 1143 478 1169 lacinia
496 1151 543 1178 pro
557 1142 657 1182 ligustri
677 1142 759 1170 acinis
776 1141 852 1181 legit.
872 1141 998 1179 Alioquin
1018 1143 1136 1170 vaccinia
1153 1142 1237 1180 prima
1249 1141 1393 1170 inflexione
1404 1142 1492 1169 Plinio
1509 1143 1544 1169 est
1556 1140 1756 1171 arborlib.xvi.
1776 1153 1833 1182 cap.
1846 1149 1883 1172 ιδ.

329 1185 420 1210 Franc.
432 1180 569 1210 Mailhrius
589 1184 699 1223 agrestici
710 1179 760 1210 esse
772 1192 846 1210 mota
855 1182 966 1210 mavult.
990 1183 1072 1218 Cujus
1083 1183 1163 1210 credo
1181 1182 1338 1210 sententiam
1350 1181 1488 1220 sequutum
1501 1182 1651 1213 Fuchfium,
1671 1192 1732 1210 cum
1746 1184 1782 1211 ait
1793 1185 1887 1224 Virgi-

329 1225 396 1252 lium
409 1223 484 1251 unius
502 1223 597 1251 litterae
609 1224 801 1252 immutatione
811 1224 912 1252 vacinia
924 1221 1026 1251 vocaffe
1036 1244 1042 1254 .
1061 1233 1118 1261 quae
1131 1223 1219 1251 Graeci
1229 1221 1319 1257 ssa'moe
1329 1226 1353 1250 ὅ(
1363 1220 1557 1256 sszssimxdicunt
1569 1244 1575 1255 ,
1588 1223 1613 1250 id
1622 1223 1657 1250 est
1667 1243 1673 1254 ‚
1686 1222 1744 1251 rubi
1753 1223 1795 1253 seu
1805 1224 1885 1253 sentis

330 1264 437 1292 humilis
446 1274 528 1292 mora.
549 1266 582 1292 Et
592 1275 680 1293 revera
693 1263 806 1292 Galenus
817 1263 909 1298 ssx'ma.
919 1263 965 1291 lib.
975 1274 1011 1291 11.
1020 1264 1051 1292 de
1061 1264 1189 1291 Aliment.
1199 1261 1319 1292 facultat.
1329 1263 1408 1291 tradit
1418 1264 1559 1302 appellari,
1572 1267 1596 1290 ὅ(
1608 1264 1654 1291 lib.
1665 1273 1719 1291 vr1.
1732 1266 1886 1304 Compolit.

331 1304 496 1344 pharmacor.
510 1305 542 1341 a&
553 1304 643 1336 τόπες.
666 1308 706 1334 De
714 1305 749 1333 eis
761 1304 892 1332 intellexit
903 1305 970 1332 Plin.
981 1303 1026 1332 lib.
1038 1315 1083 1332 xv.
1095 1315 1152 1343 cap.
1164 1314 1210 1338 24.
1232 1309 1323 1336 Roma,
1334 1305 1419 1341 inquit
1431 1325 1437 1336 ‚
1456 1304 1597 1340 nascuntur
1607 1302 1674 1335 &in
1684 1304 1762 1335 rubis,
1772 1307 1886 1334 mustum

332 1345 462 1383 differente
470 1346 537 1373 cauo.
552 1346 601 1374 Sed
613 1345 798 1374 emaculandus
808 1345 919 1382 inolitus
930 1354 1003 1373 error
1013 1349 1037 1373 ὃ(
1048 1345 1084 1373 ob
1095 1346 1120 1373 id
1131 1353 1262 1383 receptus,
1275 1349 1299 1373 δι’
1310 1355 1357 1383 pro
1370 1347 1466 1373 Roma:
1479 1355 1554 1372 mora
1565 1343 1732 1372 scribendum
1742 1346 1887 1374 estclaud.

334 1385 474 1423 Salmafius
485 1396 533 1425 pro
542 1385 656 1427 hysgino
667 1387 732 1427 legit
744 1387 824 1423 hyſjge.
838 1396 899 1414 nam
912 1385 1054 1426 hysginum
1067 1396 1115 1424 pto
1126 1386 1216 1414 colore
1226 1383 1335 1413 sumitur
1346 1393 1375 1413 ut
1386 1387 1538 1414 coccinum.
1548 1384 1615 1412 Vide
1628 1385 1729 1422 plenius
1738 1386 1762 1414 in
1774 1389 1884 1415 Lexico.

291 1427 322 1463 d]
353 1426 502 1455 Philauder.
524 1429 576 1455 Pro
585 1427 621 1466 fit
631 1429 667 1457 Sil
679 1429 803 1456 Atticum
813 1426 988 1456 scribendum.
1000 1427 1030 1456 ld
1038 1436 1120 1456 trium
1130 1435 1261 1466 generum
1273 1423 1323 1455 effe
1334 1428 1478 1465 optimum,
1490 1435 1567 1454 autor
1578 1427 1614 1454 est
1621 1425 1721 1455 Plinius
1731 1426 1886 1457 lib.xxxnt.

335 1478 391 1507 cap.
405 1478 442 1496 iz..

291 1511 318 1544 e]
351 1510 434 1537 ldem.
459 1510 558 1539 Plinius
570 1511 712 1540 memorati
723 1511 769 1539 lib.
779 1519 836 1550 cap.
848 1509 896 1538 ult.
910 1520 965 1538 non
975 1510 1024 1538 filis
1036 1531 1042 1543 ,
1062 1509 1105 1539 sed
1116 1510 1220 1539 caerulei
1230 1520 1287 1538 eam
1304 1509 1422 1538 fraudem
1433 1504 1484 1537 esle
1494 1508 1598 1537 videtur
1609 1506 1716 1538 sensisse.
1734 1514 1816 1537 Fraus
1829 1511 1887 1546 (in-

335 1551 394 1589 quit
404 1551 435 1578 de
447 1553 561 1580 caeruleo
571 1553 697 1590 loquens)
711 1552 778 1579 viola
788 1552 864 1579 arida
875 1551 971 1579 decoffz‘a
981 1554 1008 1578 in
1017 1560 1087 1590 aqua
1097 1572 1104 1583 ,
1119 1552 1192 1588 succo
1199 1559 1242 1589 per
1251 1551 1359 1579 linteum
1368 1550 1504 1588 expressam
1512 1558 1611 1578 cretam
1620 1552 1760 1579 Eretriam.
1784 1551 1887 1580 Admo-

333 1591 414 1619 nendi
423 1590 482 1619 sunt
493 1593 539 1631 qui
548 1592 604 1621 haec
615 1593 718 1632 legunt,
735 1593 833 1620 violam
843 1593 960 1631 intelligi
968 1602 1027 1620 eam
1037 1600 1163 1631 oportere
1171 1601 1229 1630 quae
1239 1592 1314 1631 nigra
1327 1591 1377 1619 live
1388 1600 1517 1630 purpurea
1526 1591 1633 1623 dicitur,
1644 1599 1687 1619 aut
1698 1593 1777 1620 etiam
1787 1592 1888 1630 simpli-

334 1633 402 1660 citer
420 1632 489 1660 viola
499 1654 505 1666 ‚
524 1634 563 1662 uti
574 1633 587 1661 ὲ
598 1635 699 1661 Graecis
708 1633 749 1661 iou.
773 1635 829 1661 Mei
840 1633 938 1661 violam
955 1634 1083 1661 Martiam
1094 1636 1119 1661 δε
1140 1632 1405 1672 Qadrageiimalem
1423 1628 1564 1669 appellant.
1586 1632 1687 1659 Mirum
1698 1642 1787 1661 autem
1805 1633 1887 1661 videri

334 1683 389 1700 non
408 1672 488 1701 debet
508 1676 611 1714 nigram
622 1674 675 1702 dici
688 1695 694 1706 ,
715 1684 777 1702 cum
794 1674 911 1702 Leucoia
923 1674 997 1714 nigra
1011 1684 1061 1712 pro
1080 1673 1216 1712 purpureis
1234 1673 1305 1702 diCta
1317 1673 1365 1700 lint
1376 1671 1409 1700 ab
1427 1672 1451 1700 H
1460 1674 1606 1711 ippocrate.
1629 1673 1696 1701 Haec
1706 1673 1759 1701 ille.
1778 1673 1886 1712 Qibus

332 1712 385 1740 hoc
396 1722 500 1742 rantum
511 1715 578 1743 addo
588 1728 593 1747 ;
612 1714 719 1743 Violam
729 1715 800 1742 ill-nn
811 1715 892 1742 etiam
904 1723 1050 1746 recentem,
1062 1715 1088 1741 in
1096 1724 1162 1752 aqua
1173 1722 1332 1742 maceratam
1343 1716 1367 1741 &
1379 1721 1485 1741 tantum
1497 1710 1666 1751 tepefactam,
1678 1714 1713 1742 ita
1724 1723 1753 1742 ut
1763 1722 1886 1742 caveatur

337 1762 369 1787 ne
380 1755 456 1780 nimis
466 1764 546 1793 prope
559 1756 615 1795 igni
623 1756 740 1787 accedat,
750 1754 824 1789 (alias
836 1755 908 1783 enirn
917 1752 1059 1783 fervefacta
1067 1755 1153 1782 statim
1165 1754 1286 1782 colorem
1299 1752 1414 1788 amittit)
1426 1763 1520 1792 aquam
1530 1750 1725 1794 elegantissimo
1735 1754 1824 1781 colore
1833 1763 1886 1782 cae-

338 1792 412 1820 ruleo
424 1797 446 1820 ὃς
457 1794 636 1833 subpurpureo
646 1797 751 1835 tingere
763 1808 770 1827 ς
791 1795 865 1831 cujus
875 1796 906 1824 ad
918 1795 982 1823 hanc
993 1793 1112 1823 fraudem
1123 1794 1180 1823 usus
1192 1792 1243 1823 effe
1251 1791 1338 1833 possit.

290 1833 327 1871 f]
359 1833 454 1861 Claud.
465 1835 599 1863 Salmalius
609 1836 634 1862 in
645 1837 766 1863 Solinum
778 1846 834 1874 pap.
846 1845 907 1871 254.
921 1839 992 1875 Qae
1001 1836 1086 1864 lutum
1094 1836 1250 1874 appellatur.
1270 1839 1369 1862 Lutum
1380 1843 1469 1862 autem
1480 1838 1504 1862 &
1514 1833 1705 1869 Iſsatis-diversa:
1715 1833 1772 1862 sunt
1785 1834 1885 1867 lietbae;

337 1872 394 1901 hxc
406 1875 520 1902 caeruleo
530 1875 620 1903 colore
631 1875 725 1907 inficit,
736 1876 778 1903 illa
790 1876 873 1903 luteo.
891 1876 941 1904 Sed
950 1876 1083 1904 audiamus
1092 1877 1194 1903 intere-1
1204 1875 1374 1903 Philandrum
1385 1875 1416 1902 ad
1429 1874 1498 1902 hunc
1508 1874 1607 1901 locum:
1618 1878 1641 1902 δι
1654 1876 1834 1903 correctiones
1845 1877 1888 1903 in-

338 1914 544 1943 termisceamus.
566 1918 606 1943 De
620 1915 795 1954 chrysocolla
808 1917 904 1948 nativa,
917 1916 987 1943 lutea
996 1916 1234 1946 vocara.diximus.
1258 1916 1322 1942 Eam
1341 1915 1470 1942 mentitur
1486 1914 1629 1942 caeruleum
1640 1914 1719 1943 herba
1735 1914 1887 1944 luteainfe-

338 1955 413 1983 {tum
426 1976 432 1986 ,
452 1955 504 1982 {ive
515 1955 566 1993 ipsa
575 1954 655 1983 herba
666 1955 779 1983 caeruleo
789 1955 908 1987 subtrita,
920 1964 947 1983 ut
958 1956 1037 1983 docet
1050 1956 1117 1983 Plin⁴
1128 1955 1175 1982 lib.
1186 1965 1290 1982 xxxrtr.
1303 1965 1359 1992 cap.
1373 1965 1397 1982 v.
1411 1954 1687 1992 (ftdquomodopoteff
1701 1956 1886 1994 Chryfficollam

340 1998 444 2023 mentiri
453 1996 501 2023 haec
511 1998 600 2023 mixtio
610 2016 617 2026 ,
634 2006 684 2034 qua
696 1996 807 2023 viridem
818 1996 920 2023 colorem
924 1995 994 2032 facit
1003 2017 1008 2028 ,
1017 1995 1041 2032 fi
1051 1995 1206 2031 Chrysbcolla
1216 1994 1266 2031 ipsa
1276 1995 1308 2029 est
1318 1995 1389 2023 lutea
1398 2001 1410 2023 ἓ
1422 2002 1470 2022 aut
1479 1995 1543 2032 quid
1550 2002 1606 2032 opus
1617 1995 1666 2023 hac
1677 1996 1799 2032 fraudem
1814 1996 1889 2026 Infe-

341 2036 412 2064 &iva
422 2036 493 2065 dista
503 2057 510 2067 ,
526 2045 554 2064 ut
566 2036 616 2064 hoc
627 2036 691 2064 loco
702 2036 809 2064 testatur
822 2036 959 2064 Vitruvius
972 2049 978 2067 ;
1001 2046 1085 2073 neque
1104 2036 1176 2063 enim
1193 2036 1225 2063 dc
1237 2034 1317 2062 herba
1326 2035 1455 2074 loquitur.
1465 2035 1536 2074 quod
1547 2037 1705 2064 existimavit
1715 2037 1889 2067 Hermolaus.

339 2075 388 2104 Sed
406 2086 464 2114 quae
476 2076 554 2104 herba
567 2074 641 2108 esset,
652 2087 731 2115 quam
741 2077 838 2105 Plinius
849 2077 957 2109 luteam,
976 2076 1112 2104 Vitruvius
1124 2077 1210 2104 lutum
1221 2075 1331 2114 appellat
1343 2097 1350 2109 ,
1367 2080 1390 2104 ἃ
1409 2076 1505 2108 lutum,
1520 2086 1548 2104 ut
1559 2086 1633 2115 puto.
1645 2078 1739 2117 Virgil.
1753 2079 1848 2118 Eclog.
1858 2090 1887 2112 4.

340 2120 432 2144 Croceo
441 2117 554 2144 mutabit
565 2118 661 2145 vellem
670 2117 738 2149 luto;
760 2118 897 2156 quaeiitum
908 2118 952 2145 est.
970 2118 1027 2145 Nos
1039 2117 1107 2155 apud
1118 2115 1265 2145 Dioscorid.
1277 2116 1323 2144 lib.
1339 2126 1374 2144 11.
1386 2117 1509 2156 legimus,
1526 2116 1624 2145 luteam
1636 2116 1744 2146 herbam
1755 2120 1888 2148 Romanis

340 2153 402 2189 esse,
413 2167 492 2195 quam
506 2159 593 2185 Graeci
603 2157 690 2185 lsatirn
699 2157 801 2190 dicunt,
812 2158 829 2185 fi
840 2158 922 2185 modo
931 2158 989 2185 satis
1000 2157 1132 2185 emendati
1141 2156 1198 2185 sunt
1210 2157 1326 2184 codices.
1348 2155 1500 2193 (Salmasius
1511 2157 1573 2185 loco
1583 2157 1655 2196 supra
1666 2159 1749 2187 disto.
1772 2158 1890 2188 Diosco-

340 2198 422 2225 rides:
437 2196 521 2228 ’ία-αἵις,
536 2196 773 2237 {efflagita-im.
786 2198 917 2226 Addititia
929 2197 1092 2226 Dioscoridis
1104 2197 1119 2225 ὲ.
1129 2198 1259 2226 Romanis
1271 2199 1342 2235 ῥέπιν
1359 2198 1448 2226 vocari
1457 2197 1583 2226 scribunt.
1595 2198 1768 2227 Scribendum
1782 2198 1889 2229 forrass‘e

341 2235 435 2272 ἔιτςον,
450 2242 472 2266 3.-
484 2235 611 2266 sinuntur
621 2249 665 2277 qui
677 2238 748 2271 λέἷμν
758 2240 907 2278 corrigunt.
935 2239 1059 2266 Similiter
1081 2238 1259 2266 emendandus
1270 2238 1406 2276 Apuleius.
1429 2241 1505 2266 Grai·
1514 2259 1521 2270 ‚
1541 2239 1627 2278 inquit
1639 2260 1645 2270 ,
1663 2240 1753 2276 Ifiztim
1763 2241 1889 2279 Propheta

342 2277 453 2315 Apifion.
464 2282 551 2306 Latini
562 2279 663 2306 alutam
673 2279 885 2316 appellavere.An
897 2279 1040 2319 legendum
1051 2281 1153 2317 vitrurn
1162 2285 1172 2305 ὲ·
1182 2279 1316 2316 Scriptum
1327 2288 1381 2307 crat
1392 2278 1500 2309 ultrum,
1512 2279 1571 2307 inde
1582 2279 1667 2307 ultum
1679 2284 1702 2308 &
1713 2281 1814 2309 alutam
1824 2291 1889 2309 cot·

340 2328 425 2357 rupta.
441 2320 470 2345 ln
481 2319 530 2346 alia
539 2328 629 2347 tamen
637 2318 692 2347 sum
700 2319 839 2351 sententia,
850 2321 910 2358 quia
921 2318 1107 2348 vetustissimus
1118 2318 1184 2347 liber
1192 2319 1294 2347 alutam
1304 2320 1399 2348 retinet
1411 2340 1418 2351 ,
1429 2322 1453 2347 ὃ(
1467 2320 1552 2359 tnagis
1561 2320 1593 2348 ad
1603 2319 1668 2349 lianc
1677 2321 1831 2359 scripturam
1842 2331 1887 2350 ac-

338 2360 408 2387 cedit
419 2358 499 2386 leffio
509 2360 754 2387 additamentorum
765 2359 929 2388 Dioscoridis
941 2361 1097 2399 §Xumquam
1109 2360 1195 2398 potius
1206 2359 1356 2398 exApulcjo
1366 2359 1459 2389 censeo
1470 2361 1667 2401 corrrigendam
1678 2362 1702 2388 in
1716 2362 1889 2395 dignam&

338 2400 453 2427 rationes
462 2399 554 2434 illius.)
578 2402 618 2427 De
631 2399 690 2427 lsati
701 2409 759 2428 tum
769 2400 823 2428 dixi
834 2411 895 2429 cum
905 2401 936 2429 de
950 2401 1044 2429 Indico
1054 2400 1195 2428 scriberem
1205 2400 1278 2438 supra
1289 2410 1346 2438 cap.
1357 2411 1381 2429 x.
1405 2403 1486 2429 Certe
1498 2398 1573 2430 facile
1583 2401 1691 2439 pedibus
1701 2402 1769 2430 eoin
1781 2402 1889 2431 senten-

336 2441 400 2468 tiam
413 2439 510 2469 Ruellii
524 2461 530 2472 ,
548 2439 700 2478 quiluteam
711 2440 829 2479 guadum
841 2435 942 2469 ditium
954 2450 1029 2479 putat
1040 2441 1149 2469 herbam
1166 2439 1312 2469 infectoriis
1323 2442 1436 2469 cortinis
1451 2450 1543 2469 notam
1561 2443 1696 2481 tingendis
1711 2442 1786 2471 luteo
1795 2444 1889 2472 colore

337 2482 441 2519 pannis.
465 2483 556 2519 Qam
568 2481 648 2508 ctiam
660 2479 746 2508 lsatidi
766 2480 971 2519 superinducunt
985 2480 1128 2511 infectores
1139 2481 1310 2510 conciliando
1321 2482 1417 2514 virore,
1430 2481 1608 2521 nostratesque
1620 2484 1782 2523 virgunculae
1793 2484 1890 2513 lixivio

336 2531 482 2552 macerant,
496 2530 524 2549 ut
536 2520 660 2559 capillum
671 2522 768 2549 flavum
777 2519 882 2549 faciant.
896 2523 1031 2557 (Multum
1042 2522 1110 2550 abest
1121 2520 1216 2550 ivero.
1228 2531 1289 2550 narn
1303 2522 1425 2550 Guadurn
1436 2526 1460 2551 ὃ(
1473 2524 1596 2551 Varantia
1604 2524 1694 2552 eadem
1705 2523 1777 2552 sunt:
1790 2535 1848 2563 quae
1860 2529 1889 2554 δε

336 2562 471 2600 pastellum
479 2562 585 2590 dicitur,
595 2561 626 2589 de
639 2571 693 2599 quo
703 2561 802 2599 supra.)
817 2565 851 2589 Vt
862 2561 928 2590 mihi
939 2573 991 2590 non
1004 2573 1095 2600 parum
1107 2562 1271 2591 halucinatus
1283 2563 1401 2591 videatur
1411 2562 1578 2591 Leonicenus
1587 2565 1612 2591 in
1621 2564 1668 2591 lib.
1677 2565 1708 2592 de
1720 2565 1798 2592 Plinii
1810 2575 1888 2593 erro-

339 2603 420 2634 ribus,
433 2604 476 2642 qui
488 2613 545 2631 eam
555 2601 663 2630 herbam
674 2601 867 2642 Lylimachiam
879 2611 953 2641 putat
964 2604 1049 2638 :cujus
1059 2603 1218 2631 seutentiam
1229 2612 1282 2630 non
1292 2602 1350 2631 satis
1359 2602 1413 2631 scio
1424 2613 1471 2631 cur
1481 2603 1512 2630 fit
1524 2603 1636 2635 secutus,
1648 2606 1785 2642 praeterito
1795 2614 1888 2634 tamen

339 2651 445 2675 autore.
459 2643 587 2675 Ruellius,
597 2652 625 2671 ae
638 2653 691 2670 non
703 2644 791 2680 potius
802 2653 859 2681 quae
869 2644 894 2670 in
908 2643 997 2671 Isatide
1009 2644 1148 2671 tradiderat
1160 2665 1167 2675 ,
1185 2652 1289 2671 memor
1300 2643 1427 2681 probarit,
1438 2653 1500 2672 cum
1512 2643 1748 2673 manifestissimum
1760 2645 1800 2676 fit.
1811 2646 1889 2682 Lysi-

340 2683 469 2711 machiam
481 2684 595 2711 multum
606 2683 639 2711 ab
648 2681 788 2712 infcstoria
798 2683 842 2711 illa
851 2682 1029 2722 herb.1‚quam
1038 2705 1044 2715 ,
1067 2693 1096 2712 ut
1106 2684 1170 2715 dixi,
1182 2684 1359 2720 meiguadum
1369 2705 1376 2716 ,
1394 2684 1564 2712 ferrarienses
1575 2685 1723 2713 Corneolam
1735 2706 1741 2715 .
1759 2686 1890 2714 Hetrusci

340 2724 436 2762 partim
447 2729 566 2751 Ceretani
576 2745 582 2754 ,
603 2724 699 2762 partim
710 2724 858 2761 Bragliam.
872 2726 989 2753 Romani
1002 2724 1117 2752 Herbam
1128 2725 1225 2761 Roffam
1237 2733 1334 2752 vocant
1347 2745 1354 2756 ,
1364 2724 1501 2752 diversam.
1521 2725 1629 2761 (Claud.
1641 2725 1779 2763 Salmafim
1791 2739 1798 2753 .·
1817 2727 1887 2755 Haec

340 2765 475 2791 Comenla
494 2765 694 2792 Ferraricnlium
705 2765 834 2793 &Herba
844 2762 912 2792 rossa
931 2768 1079 2793 Romanor.
1094 2766 1139 2798 cst,
1151 2774 1231 2802 quarn
1243 2764 1360 2793 Rubiam
1369 2764 1495 2793 dicebant
1507 2766 1633 2793 Rotnani.
1651 2766 1716 2793 Vide
1725 2766 1779 2801 ejus
1791 2766 1892 2795 descri-

338 2804 460 2842 ptionem
469 2805 536 2841 apud
549 2804 697 2832 Dioscorid.
710 2815 770 2833 nam
782 2806 937 2834 corneolam
949 2805 989 2833 vel
1001 2814 1117 2834 ceretani
1128 2805 1310 2842 vocant‚quod
1320 2803 1383 2832 folia
1394 2805 1514 2833 stellatim
1523 2802 1654 2833 decuffata
1664 2805 1890 2836 habeatDiosco-

338 2844 406 2871 rides
424 2843 526 2870 lib.iii.
551 2854 607 2882 cap.
620 2854 680 2876 109.
699 2845 766 2873 I‘lin.
778 2846 824 2873 lib.
837 2856 911 2874 xxii.
921 2856 1008 2884 cap.1.
1030 2847 1114 2874 Simile
1126 2845 1272 2884 plantagini
1283 2845 1404 2882 guastum
1418 2848 1484 2879 (non
1497 2845 1624 2885 glastum)
1635 2848 1661 2873 in
1673 2848 1759 2874 Gallia
1769 2856 1888 2882 vocatur,

339 2893 392 2922 qua
401 2886 583 2911 Britannorum
593 2887 706 2921 conjuges
715 2887 841 2925 marufique
849 2887 897 2914 loto
905 2895 999 2922 corpore
1010 2886 1095 2914 oblita.
1103 2885 1254 2925 quibusdam
1263 2887 1290 2912 in
1294 2882 1422 2922 sacris‚&
1432 2886 1512 2919 nuda,
1525 2886 1653 2914 incedunt.
1663 2890 1782 2915 Vocatur
1793 2888 1887 2918 hodie-

340 2924 546 2963 queguefiium)
570 2925 663 2962 Neque
673 2935 836 2964 argumento
854 2924 904 2954 effe
914 2926 1040 2954 debuerat
1053 2948 1059 2958 .
1078 2927 1151 2965 quod
1169 2925 1236 2953 Plin.
1246 2926 1361 2963 cap.ult-
1372 2926 1418 2953 lib.
1429 2935 1506 2953 xxvi.
1523 2926 1625 2963 prodat,
1636 2928 1830 2966 Lylimachiam
1842 2940 1889 2958 ca-

339 2964 434 3003 pillum
444 2966 541 2994 flavum
551 2962 644 2997 facere,
658 2967 783 3005 quodque
794 2965 809 2995 ὁ.
819 2967 975 2995 Dioscoridc
987 2967 1145 2998 traderetur.
1158 2968 1264 3005 Lytron
1275 2967 1326 2995 alio
1336 2967 1444 2995 nomine
1455 2966 1585 3006 appellari,
1598 2977 1665 2997 voce
1675 2979 1729 2998 non
1740 2969 1887 2999 admodum

1784 3010 1886 3039 abhor-
