2023 3162
489 77 557 104 DE
606 65 1107 105 AncnmrcrvnA
1165 65 1387 105 L1B.1X.
1669 81 1742 105 201

142 143 243 182 turq3
257 130 460 169 rationibus
473 131 538 168 his,
559 131 671 168 Horae
682 129 927 181 disponuntur
937 142 981 168 ex
992 132 1142 181 virgulis
1153 134 1274 173 aeneis,
1287 146 1331 170 ex
1341 134 1612 173 analemmatos
1622 136 1750 174 deserin

144 191 275 238 ptione
289 188 335 225 ab
347 197 477 225 centro
491 186 667 238 dispositae
678 188 718 223 in
727 187 851 224 fronte
863 201 871 223 ε
884 189 923 225 in
935 199 977 225 ea
989 189 1116 226 circuli
1127 187 1209 226 sunt
1221 190 1429 227 circundati
1441 190 1624 229 menstrua
1635 192 1747 244 spatia

146 244 328 281 finientes.
360 243 444 281 Post
455 243 518 279 has
529 245 687 292 virgulas
700 253 918 293 tympanum
929 244 1142 281 collocetur
1151 274 1161 290 ,
1182 247 1219 282 in
1232 258 1310 295 quo
1321 246 1519 297 descriptus
1531 248 1568 285 ὅ(
1579 247 1745 299 depiCtus

147 299 187 337 lit
199 298 596 349 mundus.figniferque
609 300 1059 351 circulus;dcscriptioque
1069 312 1114 338 ex
1125 300 1332 341 duodecim
1343 302 1542 342 caelestium
1554 302 1746 353 lignorum

146 355 189 393 fit
199 355 364 405 figurata,
379 358 481 402 cujus
493 352 513 391 ὲ
526 365 658 392 centro
671 354 901 392 deformatur
915 354 1103 403 cujussibet
1115 356 1205 407 (igni
1215 357 1371 409 spatium
1384 385 1392 399 ‚
1412 371 1530 397 unum
1541 362 1676 407 majus,
1691 361 1744 397 al-

147 424 269 449 terum
281 414 414 449 minus.
437 410 634 448 Posteriori
643 420 771 448 autem
781 413 885 461 parti,
897 421 1079 462 tympano
1091 413 1231 459 medio,
1241 415 1315 451 axis
1327 414 1497 453 versatilis
1508 415 1558 452 est
1568 416 1743 461 inclusus,

150 470 265 517 inque
277 481 325 505 co
337 480 403 505 axe
413 478 510 505 aenca
523 468 649 503 mollis
662 477 787 504 catena
799 467 847 504 est
857 468 1028 506 involuta
1041 482 1048 505 :
1062 480 1105 505 ex
1114 481 1186 517 qua
1195 471 1334 520 pendet
1345 483 1388 508 ex
1400 483 1471 509 una
1481 481 1585 522 parte
1595 471 1743 522 phellos

153 523 224 561 live
236 535 468 574 tympanum,
479 523 584 571 quod
595 522 642 558 ab
654 534 751 572 aqua
761 523 979 568 sublevatur,
991 537 1034 561 ex
1047 525 1157 562 altera
1169 538 1280 575 aequo
1291 527 1456 578 pondere
1467 527 1580 578 phelli
1590 528 1742 566 sacoma

151 580 346 617 labiirrale.
370 581 421 616 lta
432 590 615 627 quantum
627 579 672 615 ab
682 590 775 628 aqua
787 579 933 629 phellos
945 580 1164 625 sublevatur,
1174 590 1317 619 tantum
1329 582 1478 621 saburrae
1491 583 1640 634 pondus
1649 584 1744 621 infra

152 636 340 672 deducens
359 635 471 673 veriat
492 646 600 671 axem
613 664 623 679 ‚
641 637 717 671 axis
737 646 863 672 autem
881 646 1122 685 tympanum:
1146 638 1251 681 cuius
1271 641 1438 689 tympani
1456 639 1632 679 versatio,
1654 641 1741 677 alias

152 691 265 728 efficit
276 692 326 729 uti
338 692 457 731 maior
466 702 547 740 pars
557 692 688 727 circuli
701 689 858 739 signiferi
871 720 880 735 ,
901 692 985 728 alias
996 693 1124 729 minor
1133 693 1171 728 in
1182 693 1448 732 versationibus
1460 724 1469 739 ‚
1486 696 1553 733 suis
1564 698 1743 748 tempori-

151 748 219 784 bus
230 747 391 797 designet
400 746 576 784 horarum
588 747 840 797 proprietates.
874 748 1051 796 Namque
1061 749 1099 784 in
1112 747 1255 797 singulis
1265 749 1373 798 fignis
1383 752 1434 788 sui
1443 751 1623 801 cujusque
1633 765 1742 789 men-

150 804 195 839 iis
216 804 356 841 dierum
373 804 515 840 numeri
534 803 714 839 cavasunt
730 800 888 852 perfecta
902 827 910 841 ‚
931 805 1032 847 cujus
1045 803 1165 843 bulla,
1186 817 1270 854 quae
1282 806 1382 843 Solis
1399 808 1605 856 imaginem
1626 807 1741 845 horo-

151 861 261 908 logiis
278 871 404 897 tenere
415 859 569 897 videtur,
585 857 762 907 fignificat
774 856 952 896 horarum
963 857 1093 911 spatia:
1121 872 1165 898 ea
1182 859 1350 898 translata
1368 872 1413 899 ex
1432 862 1683 901 terebratione
1700 866 1741 901 in

154 915 437 952 terebrationem
456 913 587 952 mensis
600 916 777 952 vertentis
794 914 941 964 perficit
953 915 1099 952 cursum
1119 914 1239 953 suum.
1269 918 1397 967 Itaque
1417 915 1741 966 quemadmodum

153 972 220 1007 Sol
237 984 302 1020 per
320 971 485 1019 syderum
505 971 612 1020 spatia
633 971 770 1007 vadens
784 999 793 1013 ‚
812 970 938 1008 dilatat
948 973 1214 1021 contrahitque
1231 972 1496 1012 dies&horas‚
1519 973 1569 1010 sic
1589 974 1686 1011 bulla
1703 975 1741 1011 in

152 1027 359 1075 horologiis
375 1027 581 1076 ingrediens
592 1038 656 1076 per
669 1027 804 1076 punsta
823 1037 950 1064 contra
962 1029 1079 1065 centri
1096 1030 1267 1078 tympani
1284 1028 1528 1067 versationem
1543 1059 1552 1074 ‚
1568 1029 1741 1079 quotidie

153 1095 238 1119 cum
253 1082 486 1127 transfertur,
505 1083 581 1119 aliis
593 1083 827 1132 temporibus
845 1095 910 1132 per
920 1083 1053 1121 latiora
1066 1112 1076 1128 ,
1095 1085 1173 1120 aliis
1191 1094 1256 1136 per
1266 1085 1474 1134 angustiora
1484 1087 1597 1136 spatia
1610 1114 1620 1130 ‚
1639 1096 1741 1122 men-

151 1139 252 1175 struis
271 1137 506 1175 finitionibus
524 1139 702 1187 imagines
722 1137 1067 1176 efficithorarum&
1080 1139 1232 1177 dierum.
1264 1141 1326 1178 De
1346 1141 1662 1179 administratione
1679 1152 1741 1177 au-

150 1205 228 1231 tem
239 1204 341 1242 aquae
355 1223 364 1237 ,
384 1194 705 1243 quemadmodum
724 1194 756 1231 se
767 1205 950 1245 temperet
963 1195 1008 1231 ad
1019 1196 1205 1232 rationem
1218 1225 1228 1240 ‚
1249 1194 1298 1233 fic
1311 1198 1378 1234 erit
1395 1196 1624 1235 faciendum.
1657 1195 1741 1233 Post

149 1250 312 1286 frontem
326 1250 534 1299 horologii,
554 1251 647 1286 intra
666 1251 876 1287 collocetur
887 1250 1074 1288 castellum
1088 1277 1094 1290 ‚
1108 1252 1145 1288 in
1156 1251 1269 1300 idque
1279 1264 1344 1302 per
1354 1252 1509 1291 fistulam
1520 1252 1620 1290 saliat
1630 1264 1737 1301 aqua,
1753 1278 1755 1283 ι

152 1309 188 1343 ἃ
207 1307 243 1341 in
260 1304 482 1342 iinohabeat
495 1317 642 1342 cavum:
665 1305 710 1358 ad
728 1306 763 1343 id
775 1318 898 1344 autem
910 1305 1064 1344 affixum
1075 1306 1116 1344 fit
1135 1319 1180 1344 ex
1200 1320 1269 1345 aere
1291 1319 1509 1359 tympanum
1527 1307 1664 1346 habens
1682 1308 1740 1346 fo-

150 1373 279 1398 ramen
292 1387 300 1402 ,
322 1374 387 1411 per
398 1361 500 1410 quod
512 1373 556 1398 ex
568 1361 718 1399 castello
736 1364 772 1401 in
784 1363 820 1399 id
831 1373 927 1411 aqua
938 1362 1078 1399 influat.
1108 1364 1149 1400 In
1169 1375 1216 1400 eo
1228 1375 1352 1402 autem
1370 1366 1497 1402 minus
1515 1375 1739 1414 tympanum

149 1417 358 1453 includatur
376 1417 581 1454 cardinibus
594 1430 636 1454 ex
659 1418 720 1463 [k]
734 1428 847 1455 torno
859 1447 869 1463 ‚
893 1419 1057 1456 masculo
1074 1418 1281 1458 &foemina
1299 1421 1395 1457 inter
1412 1420 1445 1458 se
1467 1421 1642 1458 coartatis
1655 1448 1665 1464 ‚
1684 1420 1736 1461 ira

150 1475 204 1509 uti
226 1474 347 1509 minus
365 1482 582 1523 tympanum
598 1503 608 1518 ‚
628 1474 954 1523 quemadmodum
974 1473 1042 1521 [l]
1067 1474 1310 1525 epistomium
1325 1506 1334 1521 ‚
1352 1478 1389 1514 in
1409 1479 1551 1524 majore
1571 1477 1735 1513 circum-

148 1529 297 1578 agendo
307 1529 400 1566 atste
411 1530 614 1578 leniterque
625 1531 797 1567 versetur.
828 1531 987 1577 Maioris
1007 1539 1134 1568 autem
1147 1532 1314 1582 tympani
1335 1532 1482 1570 labrum
1493 1533 1606 1581 aequis
1623 1533 1737 1568 inter-

147 1585 248 1621 vallis
271 1598 292 1621 c
309 1598 329 1621 c
343 1598 363 1621 c
379 1599 398 1621 L
412 1598 432 1621 x
444 1598 477 1622 v.
499 1586 631 1634 punCta
649 1585 781 1623 habeat
801 1583 955 1635 fign'ata:
987 1587 1113 1624 minor
1130 1597 1219 1623 vero
1239 1586 1432 1626 orbiculus
1444 1589 1481 1624 in
1493 1599 1656 1625 extrema
1667 1588 1738 1623 cir-

149 1641 340 1676 cinatione
359 1640 472 1678 fixam
484 1640 616 1678 habeat
634 1642 832 1692 lingulam,
853 1643 957 1688 cujus
969 1653 1152 1680 cacumen
1172 1641 1302 1691 dirigat
1319 1643 1364 1679 ad
1375 1644 1604 1696 punctorum
1615 1643 1737 1691 regio-

145 1708 225 1730 nes.
257 1698 371 1744 Inque
383 1708 431 1734 co
447 1697 620 1734 orbiculo
633 1707 883 1746 temperatum
902 1696 944 1734 sit
964 1697 1152 1741 foramen,
1173 1699 1248 1743 [m]
1269 1701 1387 1747 quain
1399 1709 1624 1749 tympanum
1641 1709 1736 1746 aqua

145 1751 265 1786 influit
283 1752 393 1799 perid
407 1782 415 1794 ,
439 1754 475 1789 ὅ(
489 1751 600 1788 servat
611 1752 975 1789 administrationem.
1007 1753 1110 1790 Cum
1126 1763 1252 1790 autem
1269 1755 1306 1790 in
1326 1756 1480 1801 majoris
1498 1754 1667 1803 tympani
1682 1754 1735 1790 la-

143 1807 213 1843 bro
233 1806 366 1843 fuerint
385 1807 573 1855 lignorum
586 1808 797 1845 coelestium
815 1807 1126 1848 deformationes,
1147 1808 1185 1845 id
1197 1819 1323 1846 autem
1336 1809 1378 1847 fir
1388 1811 1617 1847 immotum,
1641 1810 1678 1847 &
1697 1810 1735 1845 in

143 1862 288 1898 summo
308 1862 439 1899 habeat
451 1862 702 1900 deformatum
714 1865 853 1901 Cancri
871 1863 1016 1913 signum
1029 1890 1036 1902 ,
1062 1864 1107 1900 ad
1117 1864 1427 1915 perpendiculum
1439 1867 1512 1909 ejus
1522 1867 1559 1902 in
1570 1865 1652 1902 imo
1665 1864 1735 1901 Ca-

142 1919 303 1967 pricorni
315 1946 324 1961 ,
344 1918 389 1954 ad
408 1918 572 1954 dextram
585 1919 773 1968 spectantis
786 1919 924 1959 Librae,
941 1920 987 1956 ad
1006 1918 1182 1956 sinistram
1193 1920 1349 1959 Arietis:
1382 1921 1491 1970 Signa
1501 1931 1655 1969 quoque
1667 1932 1733 1957 cae-

143 1983 218 2009 tera
233 1974 324 2010 iuter
344 1985 475 2010 corum
488 1972 594 2023 spatia
606 1974 790 2023 defignata
803 1974 889 2014 sint,
910 1977 962 2011 uti
975 1977 1012 2011 in
1032 1975 1139 2011 coelo
1152 1975 1331 2012 videntur.
1350 1977 1466 2025 Igitur
1485 1988 1574 2013 cum
1584 1975 1649 2012 Sol
1659 1975 1734 2012 fue-

142 2029 186 2064 rit
204 2030 238 2064 in
252 2029 475 2077 Capricorni
487 2030 674 2069 orbiculo,
687 2031 828 2079 lingula
839 2031 875 2067 in
888 2031 1038 2075 majoris
1053 2032 1219 2080 tympani
1229 2042 1333 2081 parte
1344 2031 1379 2068 ὃς
1393 2032 1630 2083 Capricorni,
1640 2043 1733 2080 quo-

141 2083 229 2119 tidie
248 2082 387 2132 lingula
397 2085 528 2134 punsm
546 2097 725 2135 tangens,
751 2085 795 2121 ad
813 2085 1122 2135 perpendiculum
1142 2086 1285 2123 habens
1305 2100 1408 2136 aquae
1426 2088 1604 2125 currentis
1622 2086 1731 2122 vehe-

88 2146 92 2150 ’
142 2150 247 2174 mens
268 2139 412 2188 pondus
425 2168 434 2183 ,
454 2141 618 2177 celeriter
630 2153 694 2190 per
703 2141 867 2178 orbiculi
885 2140 1057 2178 foramen
1067 2140 1105 2177 id
1117 2142 1277 2178 extrudit
1286 2143 1331 2179 ad
1343 2155 1420 2189 vas3
1449 2153 1529 2178 tum
1541 2141 1728 2190 excipiens

141 2205 225 2230 eam
239 2192 441 2242 (quoniam
454 2194 556 2233 brevi
567 2195 680 2246 spatio
692 2196 884 2245 impletur)
897 2197 1051 2245 corripit
1061 2196 1097 2232 δε
1110 2197 1297 2234 contrahit
1309 2197 1453 2235 dierum
1462 2198 1607 2234 minora
1617 2195 1729 2246 spatia

140 2250 177 2285 ἃ·
199 2250 378 2286 horarum
388 2279 396 2286 .
435 2250 538 2286 Cum
555 2262 680 2287 autem
702 2251 919 2299 quotidiana
940 2251 1145 2287 versatione
1167 2253 1319 2297 majoris
1337 2254 1499 2302 tympani
1517 2253 1658 2301 lingula
1674 2254 1729 2289 in-

138 2306 300 2354 greditur
317 2307 354 2342 in
370 2306 556 2354 Aquario,
581 2307 647 2351 [n]
671 2302 802 2342 cun'Cta
813 2304 1043 2343 descendunt
1055 2305 1241 2343 foramina
1255 2309 1525 2358 perpendiculo
1538 2337 1548 2352 ‚
1570 2308 1607 2345 &
1625 2319 1729 2357 aquae

1085 2361 1119 2398 C
1133 2373 1153 2398 c
1620 2365 1730 2401 vehe-

131 2440 158 2473 k]
183 2438 268 2466 [dem.
291 2439 327 2464 Vt
339 2437 368 2465 lir.
380 2437 516 2468 masculus.
527 2438 572 2475 qui
583 2437 608 2464 in
619 2437 699 2465 alium
710 2438 788 2466 ineat.
799 2438 913 2465 intretve
924 2448 929 2465 :
942 2436 1054 2467 foemina
1064 2448 1155 2468 autem
1163 2450 1220 2479 quae
1232 2439 1377 2468 masculum
1386 2440 1505 2478 recipiat.
1517 2442 1606 2479 Supra,
1615 2449 1725 2471 cuneos,

171 2482 194 2506 S<
207 2488 307 2506 metam
318 2478 426 2506 solidam
436 2482 460 2505 ὃς
473 2488 564 2506 cavam
575 2478 726 2516 appellavit.

132 2520 156 2555 l]
182 2519 266 2547 [dem.
289 2519 432 2557 Epistomia
442 2518 499 2546 sunt
508 2540 514 2549 .
525 2528 639 2557 quorum
649 2519 848 2547 manubriorum
861 2520 977 2555 (Graecis
989 2529 1118 2548 vocantur
1130 2520 1263 2558 ςρᾶφιχΓες)
1276 2519 1421 2550 versatione
1433 2520 1562 2560 patefiunt
1572 2543 1578 2554 ,
1590 2529 1635 2548 aut
1645 2519 1728 2549 obtu-

174 2569 266 2587 rantur
275 2569 369 2587 eorum
382 2560 512 2588 canalium
526 2569 598 2587 nares
609 2580 615 2590 ,
628 2560 756 2597 inquibus
767 2560 899 2588 collocata
909 2559 977 2588 sunt.
1001 2561 1162 2597 Hujusmodi
1173 2563 1272 2590 utimur
1283 2563 1309 2589 in
1321 2562 1450 2601 capitibus
1460 2572 1514 2589 non
1524 2562 1680 2598 perennium
1693 2561 1727 2588 fi-

176 2601 305 2639 phonum,
328 2604 351 2628 <Sc
363 2610 408 2638 per
417 2610 446 2627 ea
456 2610 486 2627 ex
500 2601 640 2631 malluvio.
658 2601 708 2627 'cur
724 2601 795 2628 enim
808 2610 860 2628 non
872 2603 907 2628 ita
916 2601 1064 2640 appellem?
1083 2603 1110 2630 in
1131 2603 1273 2634 trulleuni.
1295 2603 1347 2631 live
1365 2602 1493 2641 scyphum
1510 2612 1573 2630 cum
1585 2601 1728 2629 Plutarcho

175 2641 336 2672 nominabis,
347 2642 412 2668 dum
423 2651 513 2668 manus
525 2642 549 2667 in
559 2639 708 2668 diversoriis
717 2641 838 2670 lavantur
849 2662 855 2673 ‚
875 2652 941 2680 aqua
951 2651 995 2670 aut
1007 2643 1108 2673 influit.
1126 2653 1170 2671 aur
1181 2645 1237 2681 post
1247 2643 1413 2671 ablutionem
1424 2642 1603 2681 praecluditur.
1624 2645 1726 2682 Georg-

176 2682 367 2709 Alexandrinus
378 2682 403 2708 in
415 2682 511 2709 librum
521 2682 631 2708 tertium
642 2683 766 2709 Varronis
776 2683 807 2709 de
819 2692 844 2709 re
856 2683 949 2710 rustica
959 2693 1016 2721 cap.
1026 2694 1050 2710 v.
1067 2684 1131 2711 dicit
1144 2681 1195 2711 effe
1207 2682 1327 2711 foramen
1339 2705 1345 2715 ‚
1363 2693 1407 2722 per
1419 2683 1491 2721 quod
1499 2693 1564 2722 aqua
1574 2680 1668 2710 effluit.
1687 2684 1728 2710 Eo

175 2723 299 2750 tamenin
311 2723 372 2750 loco
384 2723 506 2749 Varronis
519 2723 614 2750 rectius
627 2732 688 2749 meo
698 2723 797 2757 judicio
807 2722 877 2761 legas
889 2724 1014 2761 epitomis
1026 2724 1102 2751 verlis
1113 2745 1119 2754 ,
1138 2735 1218 2762 quam
1230 2725 1372 2763 epistomiis
1384 2744 1390 2755 ,
1401 2727 1425 2751 ἅῑ
1438 2725 1464 2750 in
1475 2723 1526 2751 hoc
1536 2724 1660 2755 Vitruvii.
1671 2724 1729 2762 epi-

176 2764 280 2791 tonium
292 2772 371 2800 quam
383 2764 550 2800 epissomium
560 2783 567 2792 ‚
585 2762 657 2800 quod
667 2764 786 2800 epitonia
796 2763 844 2790 lint
864 2765 944 2791 etiam
955 2764 1084 2792 vertibula
1101 2765 1312 2803 cpistomiorum.
1340 2762 1501 2802 Qanquam
1519 2765 1624 2803 proprie
1635 2774 1667 2792 eo
1677 2774 1728 2791 no-

178 2804 248 2831 mine
258 2804 387 2831 verticilla
399 2803 450 2831 live
460 2803 582 2830 claviculi
593 2805 617 2830 in
626 2803 725 2831 cithara
735 2803 830 2842 quibus
840 2804 1016 2832 intenduntur
1023 2814 1067 2832 aut
1077 2806 1252 2833 remittuntur
1260 2804 1334 2839 fides,
1345 2803 1538 2844 significantur.

138 2844 176 2876 m]
199 2844 281 2871 Idem.
301 2845 409 2875 Melius,
422 2844 603 2879 meoiud1ci0,
615 2845 712 2875 codex.
730 2845 756 2871 in
768 2854 821 2881 quo
835 2855 882 2882 pro
892 2854 944 2883 qua
954 2844 1082 2883 scriptum
1094 2846 1128 2873 est
1139 2848 1210 2884 quia.

136 2884 166 2917 n]
198 2884 278 2910 ldeni.
303 2886 358 2912 Cur
369 2894 422 2912 non
436 2886 522 2922 potius
534 2885 647 2923 legatur,
660 2884 762 2919 discedit
779 2892 836 2911 tum
849 2884 1198 2923 fhramenaipetpendiculo?
1212 2886 1247 2913 ita
1257 2885 1356 2913 scilicet
1368 2884 1525 2924 exposcente
1537 2883 1618 2914 sensu.
1629 2886 1733 2915 Arund-

178 2923 261 2950 cojex
280 2925 345 2962 legit
356 2938 362 2957 ;
382 2927 472 2953 cmzfm
485 2925 621 2962 foramina
637 2925 795 2961 defi-endunt.
818 2923 1037 2954 Deformariones
1056 2926 1154 2956 horum
1173 2927 1394 2967 Horologiorum
1411 2927 1582 2966 aquariorum
1593 2927 1652 2956 vide
1663 2927 1731 2965 apud

181 2963 330 2993 Barbarum.

1632 3007 1661 3040 a]
1674 3004 1734 3032 Phi-
