2023 3162
439 90 1054 132 nnAncntri-:c-rvrta
1112 86 1308 130 Linv.
1642 100 1693 141 87

90 164 184 205 sexta
194 157 409 199 diatessaron
420 160 467 197 ad
477 159 636 209 hypaten
648 159 777 197 meson
790 184 796 198 ‚
817 159 855 195 in
866 158 995 195 medio
1016 170 1134 196 unum
1157 157 1376 196 diatessaron
1388 159 1434 198 ad
1452 158 1610 214 hypaten
1625 164 1689 209 hv-

89 229 214 271 paton.
238 218 290 254 Ita
301 217 370 254 hac
382 217 668 253 ratiocinatione
677 227 752 252 vox
763 214 808 252 ab
820 213 923 252 scena
936 243 946 259 ,
968 216 1025 261 [e]
1038 216 1092 252 uri
1102 214 1149 252 ab
1162 226 1293 252 centro
1303 216 1451 266 profusa
1461 217 1494 254 se
1505 220 1577 256 circ
1584 209 1687 261 urnae

90 286 181 326 gens
195 269 271 324 [f]
286 273 459 323 taCtuque
468 272 601 309 feriens
613 269 845 320 singulorum
856 270 1027 308 vasorum
1039 283 1141 310 cava,
1157 273 1372 309 excitaverit
1385 274 1530 311 auc‘tam
1545 276 1687 314 clarita-

89 341 169 369 tem
187 331 225 367 &
243 339 434 367 concentu
455 328 747 366 convenientem
765 326 830 364 sibi
859 326 1145 365 consonantiam
1156 355 1164 362 .
1208 327 1270 365 Sin
1292 339 1414 366 autem
1436 331 1598 380 amplior
1617 335 1684 370 erit

88 385 318 436 magnitudo
328 384 471 429 theatri,
482 394 576 421 tunc
587 383 743 421 altitudo
755 383 939 421 dividatur
949 385 985 420 in
998 394 1117 435 partes
1129 394 1291 433 quatuor
1303 414 1313 428 ‚
1334 381 1387 422 uti
1397 396 1467 423 tres
1478 385 1686 426 efficiantur

91 445 263 492 regiones
274 442 450 479 cellarum
462 438 656 477 transverse
666 438 870 489 designarae.
886 450 957 476 una
967 440 1189 484 harmoniae,
1199 442 1311 478 altera
1325 441 1565 482 eliminatos,
1581 446 1686 482 tertia

90 499 247 536 diatoni.
278 498 324 537 Et
333 498 378 535 ab
388 499 469 534 imo
481 508 561 545 qua:
574 497 641 533 erit
651 497 770 546 prima
781 521 789 534 ,
807 507 851 533 ea
862 507 905 532 ex
917 494 1114 535 harmonia
1127 497 1352 542 collocetur,
1365 499 1413 535 ita
1425 499 1478 535 uti
1488 501 1526 536 in
1537 501 1686 537 minore

92 554 240 593 theatro
250 552 354 605 supra
364 551 538 602 scriptum
549 551 608 588 est.
640 553 685 589 In
697 551 868 588 mediana
877 561 1003 588 autem
1015 562 1115 602 parte
1126 553 1258 601 prima,
1271 555 1306 590 in
1319 556 1492 592 extremis
1504 555 1685 592 cornibus

93 610 139 648 ad
158 609 414 647 chromaticen
432 607 702 658 hyperbolaeon
719 607 899 645 habentia
916 606 1083 644 sonitum
1103 618 1310 657 ponantur:
1333 612 1368 646 in
1381 610 1550 648 secundis
1569 612 1616 648 ab
1630 612 1686 649 his

94 665 309 704 diatess'aron
330 665 375 701 ad
394 664 649 701 chromaticen
669 664 983 711 diezeugmenon.
1004 665 1074 715 [g]
1096 666 1137 700 ln
1150 665 1264 700 tertiis
1284 665 1498 704 diateffaron
1519 666 1564 703 ad
1577 667 1686 705 chro*

94 724 256 761 maticen
274 719 545 770 synemmenon
556 745 565 758 ‚
587 722 626 757 in
638 721 773 769 quartis
784 719 829 755 ad
840 718 1056 756 diateffaron
1077 719 1123 756 ad
1134 719 1393 757 chromaticen
1405 721 1685 770 synemmenon,

93 780 132 816 in
142 779 277 828 quintis
287 775 500 815 diatessaron
513 776 557 813 ad
569 775 828 813 chromaticen
839 773 1005 826 hypaton
1019 804 1028 819 ‚
1039 773 1145 812 sextis
1158 776 1203 812 ad
1214 776 1428 826 paramesen
1442 807 1450 822 ‚
1473 778 1576 828 quod
1589 782 1626 816 δε
1641 779 1687 816 ad

95 834 352 871 chromaticen
361 832 629 883 hyperbolaeon
640 832 810 882 diapente
822 855 830 870 ‚
852 832 890 868 <Sc
902 829 947 868 ad
959 827 1023 877 [h]
1036 830 1297 868 chromaticen
1310 833 1438 870 meson
1450 834 1668 872 diatess‘amn
1677 863 1687 879 ,

95 889 256 927 habeant
274 888 523 926 consonantiae
539 889 872 926 communitatem.
905 887 944 925 In
957 886 1086 925 medio
1106 886 1262 925 nihilest
1283 889 1556 926 collocandum
1569 919 1577 934 ‚
1599 891 1687 928 ideo

95 945 200 994 quod
211 946 398 983 sonituum
420 945 517 982 nulla
529 945 597 981 alia
608 944 762 993 qualitas
774 944 813 980 in
835 942 1072 980 chromatico
1084 955 1220 993 genere
1237 943 1464 995 symphonice
1476 945 1689 983 consonan-

97 1002 185 1038 tiam
199 1000 314 1052 potest
334 1000 477 1038 habere.
509 1001 551 1037 In
561 1000 702 1037 summa
725 1010 815 1037 vero
828 997 1005 1036 divisione
1019 1001 1222 1049 &regione
1234 1000 1416 1038 cellarum
1431 1031 1439 1046 ‚
1461 1002 1496 1037 in
1511 1003 1689 1039 cornibus

95 1059 221 1108 primis
232 1057 275 1094 ad
286 1057 472 1094 diatonon
484 1054 762 1106 hyperbolaeon,
777 1054 952 1092 fabricata
964 1054 1045 1092 vasa
1055 1055 1178 1093 sonitu
1191 1059 1431 1106 ponantur‚in
1443 1056 1608 1094 secundis
1619 1057 1692 1094 diaae

97 1111 251 1150 teffaron
263 1113 308 1150 ad
319 1112 502 1150 diatonon
515 1113 819 1160 diezeugmenon
832 1140 841 1155 ‚
864 1112 980 1147 tertiis
993 1110 1130 1148 diateff
1123 1123 1214 1148 aron
1226 1112 1272 1150 ad
1284 1112 1468 1150 diatonon
1483 1111 1690 1161 synemme-

96 1180 176 1211 non
189 1197 198 1212 ‚
215 1170 353 1218 quartis
363 1167 575 1206 diatessaron
586 1167 631 1204 ad
644 1167 829 1205 diatonon
843 1166 964 1204 mesen
978 1195 987 1211 ‚
997 1169 1135 1216 quintis
1149 1167 1364 1206 diatessaron
1376 1169 1420 1207 ad
1431 1169 1614 1206 diatonon
1626 1169 1690 1218 hy-

96 1234 210 1275 paton
224 1253 234 1268 ,
251 1223 356 1261 sextis
375 1223 590 1262 diatessaron
612 1223 657 1260 ad
669 1221 1074 1274 prossambanomenon
1089 1237 1095 1260 :
1117 1225 1153 1260 in
1165 1224 1293 1261 medio
1311 1224 1357 1261 ad
1369 1225 1509 1263 mesen,
1534 1226 1638 1274 quod
1650 1237 1691 1263 ea

99 1280 191 1317 &ad
204 1278 608 1331 proslambanomenon
619 1279 790 1330 diapason
804 1309 813 1325 ‚
832 1282 869 1317 ὃς
883 1278 1071 1317 diatonon
1083 1279 1249 1330 hypaton
1261 1309 1270 1324 ,
1291 1280 1465 1330 diapente
1477 1279 1588 1318 habet
1601 1280 1692 1330 svm—

96 1335 323 1387 phoniarum
336 1338 639 1380 communitates.
671 1336 762 1374 Haec
775 1336 903 1374 autem
914 1334 940 1371 fi
951 1337 1034 1384 quis
1044 1336 1204 1373 voluerit
1215 1335 1259 1374 ad
1270 1336 1477 1387 perfectum
1488 1336 1597 1374 facile
1609 1350 1692 1387 per-

98 1392 240 1430 ducere
252 1422 261 1437 ,
284 1392 546 1432 animadvertat
555 1395 591 1431 in
602 1403 773 1431 extremo
784 1393 881 1430 libro
894 1391 1122 1441 diagramma
1135 1391 1283 1430 musieae
1294 1395 1437 1430 ratione
1448 1391 1690 1441 designatum,

99 1448 206 1498 quod
220 1448 462 1486 Aristoxenus
474 1462 612 1500 magno
622 1452 752 1500 vigore
764 1447 985 1486 &industria
996 1478 1005 1494 ‚
1025 1451 1228 1499 generatim
1239 1449 1356 1487 divisis
1367 1449 1693 1486 modulationibus

98 1504 341 1554 constitutum
353 1505 516 1555 reliquit:
538 1507 584 1545 de
595 1519 674 1557 quo
687 1505 710 1543 si
721 1507 803 1556 quis
816 1505 1162 1543 ratiocinationibus
1175 1505 1229 1543 his
1240 1505 1438 1543 attenderit
1452 1531 1458 1543 ,
1486 1507 1522 1542 δε
1536 1505 1579 1541 ad
1593 1515 1693 1543 natu-

100 1572 177 1598 ram
186 1563 293 1600 vocis
302 1590 314 1607 ,
336 1561 374 1599 &
383 1562 427 1599 ad
438 1563 665 1601 audientium
674 1562 960 1603 delectationes,
982 1562 1126 1600 facilius
1138 1562 1293 1600 valuerit
1303 1562 1535 1600 theatrorum
1545 1559 1694 1598 efficere

1608 1628 1693 1666 per-

142 1695 208 1723 tiam
218 1695 364 1724 dictionem
374 1706 405 1723 ex
416 1695 463 1723 hac
476 1693 574 1724 familia
585 1697 678 1735 procul
687 1697 879 1726 amandandam
889 1696 1004 1725 arbitror
1015 1718 1022 1729 ,
1035 1707 1066 1724 ne
1076 1697 1216 1736 diligentia
1227 1693 1383 1733 requirenda
1395 1693 1423 1721 fit
1437 1693 1487 1720 hoc
1499 1693 1570 1724 loco,
1581 1691 1697 1719 incuria-

142 1745 194 1773 que
203 1736 347 1764 accusanda
356 1734 684 1775 diligentiffimiauctons.
708 1738 835 1765 Barbarus
846 1739 872 1764 in
883 1737 926 1765 sua
935 1738 1054 1765 editione
1064 1736 1131 1765 lianc
1142 1737 1291 1765 dictionem
1302 1735 1406 1762 omnir:
1429 1734 1519 1774 legens
1531 1753 1538 1766 ,
1561 1740 1654 1771 quarta
1665 1730 1696 1759 ad

139 1785 221 1803 neten
233 1776 427 1815 synemmenon
438 1791 444 1810 3
463 1785 542 1814 atque
552 1778 588 1805 ita
598 1778 679 1805 etiarn
691 1787 744 1806 vet.
757 1778 827 1806 Cod.
839 1779 935 1805 MSms.

99 1818 124 1851 ε]
147 1816 233 1844 Idem.
256 1817 320 1844 Huc
330 1818 446 1854 pertinet
457 1817 529 1855 quod
539 1817 628 1846 scribit
642 1828 678 1846 iii
691 1828 748 1857 cap.
757 1818 789 1846 de
802 1819 924 1846 motione
934 1818 1008 1847 vocis
1018 1818 1048 1846 ad
1059 1818 1200 1846 circinum.

94 1859 133 1898 f]
154 1856 236 1884 Idem.
258 1857 422 1885 Existimavit
438 1858 591 1886 Aristoteles
603 1858 733 1897 problem.
743 1858 805 1887 sest.
816 1869 855 1886 xi.
876 1869 930 1886 non
939 1869 1029 1897 parurn
1040 1859 1071 1886 ad
1082 1860 1155 1886 vocis
1167 1855 1288 1886 conferre
1295 1854 1496 1884 consonantiam
1507 1851 1563 1882 vasi
1576 1862 1658 1881 vacua
1668 1856 1695 1881 St

141 1906 247 1936 puteos.
270 1898 407 1926 Vitruvius
417 1899 443 1925 in
453 1898 582 1937 graduum
594 1899 836 1937 praeciiistionibus,
845 1909 908 1937 quas
917 1899 1033 1927 diximus
1043 1895 1094 1927 effe
1103 1908 1166 1929 tres,
1180 1898 1330 1937 (liquidem
1344 1906 1439 1936 magna
1450 1895 1507 1923 sunt
1518 1894 1637 1927 theatra)
1651 1903 1697 1921 to-

143 1938 228 1966 tidem
240 1938 365 1966 cellarum
377 1940 499 1979 regiones
510 1940 659 1971 constituit,
674 1939 718 1967 ubi
728 1939 897 1967 collocentur
905 1939 962 1968 vasa
973 1939 1082 1971 inversa,
1093 1949 1208 1978 quorum
1219 1933 1386 1977 percussione
1396 1937 1427 1964 ad
1437 1936 1613 1974 spef’tatorum
1623 1944 1698 1961 aures

144 1988 197 2007 vox
208 1982 333 2018 vegetior
341 1979 488 2018 clariorque
497 1989 575 2019 atque
586 1979 690 2008 suavior
708 1981 866 2019 perveniret.
890 1982 939 2008 Eas
950 1981 1074 2019 regiones
1086 1980 1112 2008 iu
1122 1980 1252 2008 tredecim
1263 1978 1341 2007 cellas
1353 1977 1447 2005 dividit
1457 1976 1600 2015 :equalibus
1613 1977 1697 2002 inter-

144 2019 219 2047 vallis
231 2040 239 2051 ,
257 2020 283 2047 id
295 2021 330 2048 est
339 2019 415 2048 cellas
426 2019 529 2058 paribus
541 2019 654 2049 viciffim
664 2021 810 2049 interstitiis
820 2020 953 2060 dispositas
962 2020 1094 2049 distribuit
1106 2041 1113 2051 ,
1133 2020 1173 2048 sex
1185 2019 1246 2048 hinc
1258 2029 1337 2059 atque
1348 2018 1410 2046 hinc
1421 2039 1427 2051 ,
1449 2021 1472 2046 ἃ
1483 2027 1561 2046 unam
1573 2016 1697 2047 mediam,

144 2070 204 2098 quae
214 2069 303 2088 tamen
314 2070 369 2088 non
381 2059 438 2089 usus
451 2082 458 2093 ,
475 2060 517 2089 sed
529 2062 678 2100 partitionis
688 2065 711 2090 δε
724 2060 859 2101 responsus
870 2061 943 2090 causa
953 2060 982 2090 fit
991 2062 1018 2089 in
1031 2062 1115 2090 media
1124 2062 1323 2100 praecinRione.
1346 2062 1377 2087 In
1388 2069 1438 2087 una
1446 2058 1636 2101 praecinctione
1647 2066 1698 2093 po-

145 2109 245 2129 nuntur
256 2099 321 2133 vasa,
331 2111 388 2140 quae
397 2101 494 2129 habent
506 2101 651 2130 harmoniae
662 2103 805 2133 rationem.
816 2102 869 2131 hoc
880 2103 980 2130 modo:
1001 2105 1031 2130 In
1043 2112 1175 2130 cornuum
1186 2102 1258 2130 cellis
1270 2101 1447 2129 collocantur,
1457 2109 1514 2137 qua:
1524 2098 1639 2125 ionitum
1650 2096 1697 2123 ha-

146 2139 212 2168 bent
222 2149 294 2169 netes
305 2140 504 2180 hyperbolaeon.
524 2142 723 2182 Subsequuntur
733 2144 868 2180 utrimque
878 2164 885 2174 ‚
904 2153 961 2182 quae
971 2142 1073 2171 suntad
1082 2153 1161 2171 neten
1171 2143 1385 2181 diezeugmenon
1395 2138 1536 2166 intervallo
1547 2135 1696 2180 consonan-

146 2181 192 2209 tiae
207 2178 374 2209 diateffaron.
394 2184 425 2209 In
435 2184 521 2210 tertiis
540 2183 611 2211 cellis
622 2182 680 2212 sunt
694 2205 700 2216 ,
720 2194 778 2222 quae
788 2184 820 2211 ad
831 2192 910 2212 neten
930 2183 1079 2221 paramesen
1095 2183 1236 2211 intervallo
1251 2184 1315 2209 item
1332 2177 1498 2208 diatessaron.
1523 2180 1592 2216 Qae
1603 2176 1696 2221 suntin

147 2222 258 2260 quartis,
270 2231 337 2249 tono
345 2221 514 2251 solummodo
523 2223 628 2256 distant,
640 2228 665 2252 δε
674 2223 732 2252 sunt
744 2234 817 2252 netes
824 2225 1027 2264 synemmenon.
1042 2227 1072 2251 ln
1083 2224 1183 2263 quintis
1194 2223 1267 2251 cellis
1277 2222 1335 2250 sunt
1346 2221 1376 2247 :id
1387 2219 1482 2250 mesen.
1493 2217 1635 2246 intervallo
1644 2217 1702 2245 dia-

147 2260 274 2291 teffiron.
292 2264 322 2289 ln
331 2261 409 2290 sextis
421 2263 493 2291 cellis
503 2265 534 2292 ad
545 2264 661 2303 hypaten
673 2264 781 2296 meson,
801 2265 867 2292 item
876 2263 1034 2292 diatessaron
1045 2264 1138 2302 spatio.
1160 2266 1189 2296 ln
1199 2262 1285 2291 media
1293 2261 1359 2288 cella
1375 2260 1433 2288 sunt
1443 2260 1474 2287 ad
1484 2259 1599 2297 hypaten
1617 2257 1701 2296 hypa-

148 2312 198 2331 ton
210 2323 217 2334 ,
237 2303 380 2330 intervallo
389 2301 556 2331 diatessaron.
581 2307 611 2331 In
622 2305 708 2332 media
719 2305 907 2343 praecinffione
917 2303 976 2332 sunt
988 2304 1043 2332 vasa
1055 2304 1218 2332 chromatos.
1242 2302 1419 2330 collocantur
1430 2309 1520 2328 autem
1538 2301 1564 2327 in
1575 2299 1701 2327 cornibus

148 2343 215 2375 vasa,
225 2354 282 2382 quae
294 2343 351 2371 sunt
362 2344 394 2372 ad
407 2353 549 2383 paraneten
559 2343 761 2383 hyperbolaeon.
784 2347 815 2372 In
825 2344 943 2373 secundis
953 2345 1026 2373 cellis
1038 2345 1070 2372 ad
1082 2353 1222 2383 paraneten
1233 2343 1446 2381 diezeugmenon
1457 2362 1463 2374 ‚
1481 2340 1565 2379 spatio
1575 2335 1701 2367 diateffa-

148 2395 209 2412 ron.
234 2388 263 2412 ln
273 2386 358 2412 tertiis
370 2384 401 2412 ad
413 2394 552 2423 paraneten
564 2384 754 2423 synemmenon
770 2406 776 2417 ‚
792 2384 874 2424 spatio
882 2385 1013 2423 diapente.
1035 2388 1064 2412 In
1074 2385 1173 2422 quartis
1182 2385 1213 2412 ad
1233 2384 1356 2412 lichanon
1367 2382 1459 2410 meson
1469 2403 1475 2413 ,
1494 2381 1635 2409 intervallo
1642 2381 1701 2407 dia-

148 2421 276 2454 tessaron.
298 2427 327 2453 In
338 2426 438 2464 quintis
446 2426 477 2454 ad
488 2425 611 2453 lichanon
620 2426 739 2465 hypaton
750 2447 756 2458 ‚
767 2427 831 2454 item
842 2424 1012 2454 diatessaron.
1033 2428 1062 2453 In
1072 2425 1150 2454 sextis
1161 2425 1192 2453 ad
1203 2423 1349 2464 paramesen
1361 2445 1367 2455 ‚
1385 2423 1457 2462 quod
1465 2422 1575 2461 spatium
1586 2421 1617 2449 :id
1628 2430 1701 2459 para-

149 2475 230 2494 neten
239 2466 430 2504 hyperbolaeon
442 2467 477 2494 est
486 2466 609 2504 diapente
619 2488 625 2499 ,
644 2467 676 2494 ad
686 2475 828 2505 paraneten
844 2466 1038 2505 synemmenon
1054 2463 1222 2495 diatessaron.
1245 2468 1276 2493 In
1287 2465 1432 2494 chromatis
1453 2463 1539 2491 media
1549 2462 1614 2489 cella
1631 2460 1702 2488 nulla

148 2506 208 2535 sunt
219 2507 359 2545 vasa,quod
370 2506 384 2535 a
394 2507 501 2535 lichano
511 2506 630 2546 hypaton
639 2507 670 2535 ad
681 2508 970 2546 proslambanomenon
981 2517 1026 2536 aut
1037 2508 1067 2536 ad
1079 2507 1157 2536 aliam
1168 2507 1282 2534 omnino
1292 2514 1476 2534 xviii.vocum
1489 2503 1558 2531 nulla
1569 2503 1599 2529 iit
1611 2500 1703 2546 conso*-

149 2548 259 2576 nantia:
279 2547 337 2575 sunt
348 2548 420 2576 enim
431 2547 579 2576 hemitonia
590 2549 759 2582 tantumjduo
768 2551 791 2576 81
804 2557 893 2577 tonus.
917 2550 947 2576 ln
958 2549 1035 2577 tertia
1044 2549 1234 2588 praeeiristione
1246 2547 1413 2575 collocantur
1428 2544 1484 2572 vasa
1499 2543 1608 2571 diatoni.
1630 2544 1662 2570 Et
1676 2552 1702 2568 in

148 2588 277 2617 cornibus
286 2589 393 2627 quidem
405 2599 432 2617 ea
442 2611 448 2620 ,
464 2599 522 2628 quae
533 2589 591 2617 sunt
610 2589 641 2617 ad
650 2598 791 2628 paraneten
811 2588 1011 2628 hyperbolaeon.
1030 2592 1060 2617 In
1070 2589 1188 2618 secundis
1208 2588 1280 2616 celiis
1293 2588 1324 2615 ad
1336 2594 1479 2624 paraneten
1487 2584 1703 2623 diezeugmenon

149 2629 236 2668 spatio
244 2627 413 2658 diatessaron.
433 2632 464 2657 In
473 2631 558 2658 tertiis
570 2630 601 2658 ad
609 2640 750 2669 paraneten
760 2629 963 2668 synemmenon,
977 2631 1108 2669 diapente.
1131 2632 1161 2658 In
1170 2630 1269 2668 quartis
1279 2629 1310 2656 ad
1321 2628 1446 2656 lichanon
1456 2624 1547 2653 meson
1558 2645 1564 2656 ‚
1583 2620 1705 2652 diateffa-

150 2680 212 2698 ron.
235 2672 265 2698 In
275 2671 375 2709 quintis
384 2671 416 2698 ad
427 2670 551 2698 lichanon
562 2671 692 2710 hypaton,
702 2667 868 2699 diatessaron.
893 2673 923 2698 In
933 2670 1010 2699 sextis
1021 2681 1080 2710 quae
1087 2670 1117 2699 ad
1127 2670 1414 2709 prossambanomenon
1423 2687 1429 2696 .
1446 2661 1603 2694 diateffaron
1612 2664 1704 2702 spatio.

151 2713 185 2739 In
195 2711 281 2740 media
291 2722 348 2749 qua:
359 2711 418 2740 sunt
430 2712 461 2739 ad
472 2711 570 2742 mesen,
582 2712 654 2749 quod
664 2723 692 2740 ea
703 2713 734 2740 :id
746 2709 1034 2749 prossambanomenon
1045 2711 1123 2740 habet
1133 2710 1335 2739 consonantiam
1344 2707 1465 2746 diapason
1476 2728 1483 2738 ,
1496 2710 1520 2734 8<
1531 2706 1562 2733 ad
1573 2706 1707 2744 lychanon

152 2750 273 2791 hypaton
281 2753 413 2791 diapente.
436 2753 505 2780 Haec
515 2762 568 2791 ego
576 2751 662 2790 scripsi
675 2773 682 2783 ,
702 2763 730 2781 ut
740 2753 814 2780 loeus
822 2752 889 2790 apud
910 2753 1015 2780 Vitruv.
1026 2751 1098 2781 foede
1110 2751 1249 2780 convulsus
1266 2747 1481 2786 deformatusque
1502 2745 1706 2791 emendari-pos-

155 2792 200 2820 fit.
220 2795 294 2830 cujus
306 2804 348 2822 me
367 2794 404 2822 rei
413 2793 567 2822 submonuit
583 2793 735 2822 Ludovicus
754 2794 883 2822 Lucenius
893 2814 900 2826 ,
919 2794 966 2821 Vir
977 2793 1129 2822 liberalibus
1140 2791 1283 2831 disciplinis
1293 2812 1300 2823 ,
1317 2798 1413 2829 praeter
1423 2788 1561 2817 medicinae
1572 2795 1704 2826 peritiam,

156 2833 282 2866 eruditus,
291 2838 343 2863 Sec.

114 2873 147 2909 g]
167 2873 250 2903 Idem,
268 2876 301 2903 Et
313 2876 424 2915 Antiqui
433 2885 526 2904 omnes
538 2896 544 2907 .
562 2879 586 2903 5:
597 2874 704 2914 quidam
714 2877 794 2905 etiam
803 2874 889 2903 excusi
897 2873 1003 2903 codices
1011 2875 1047 2903 ita
1056 2873 1154 2902 habent
1165 2893 1172 2904 ‚
1190 2883 1245 2901 nori
1257 2880 1346 2901 tamen
1354 2866 1523 2902 diatessaron,
1532 2868 1574 2897 sed
1583 2868 1706 2907 diapente

163 2913 198 2940 est
205 2915 385 2944 consonantia.

118 2952 151 2988 h]
172 2953 254 2982 Idem·
274 2957 442 2996 Magnushic
454 2969 542 2991 error,
562 2962 586 2986 ἃ
598 2959 644 2996 qui
663 2958 786 2997 pleraque
799 2957 889 2986 omnia
900 2978 906 2988 .
925 2965 982 2996 quae
994 2955 1106 2985 viderim
1118 2979 1125 2990 ,
1146 2954 1238 2984 invasit
1249 2952 1416 2991 exemplaria.
1434 2952 1540 2980 Vitium
1558 2948 1652 2978 habere
1662 2956 1708 2975 co-

160 2997 433 3034 gnoverint-artifices.
443 3010 492 3039 pro
503 2998 594 3030 meson
603 2999 772 3029 scribendum
781 2996 987 3038 synemmenom
997 2996 1098 3037 alioqui
1108 2997 1245 3028 Vitruvius
1256 3005 1310 3024 non
1318 2994 1378 3023 satis
1390 2994 1495 3024 viderit.
1587 3032 1603 3066 A]
1624 3027 1652 3056 Id
1672 3036 1697 3056 m

1582 3042 1590 3057 ι
1656 3038 1667 3056 2
1702 3046 1707 3053 =
