2023 3162
264 41 313 73 42
630 18 1540 60 PoMr‘onrvsGAvarcvs

263 92 405 129 etenim
425 90 603 139 qutereuti
620 89 807 138 Lysipp0‚
832 99 946 136 quem
959 84 1197 136 potissimum
1209 86 1391 123 artificem
1410 87 1639 136 sequeretur,
1664 98 1868 127 common-

264 148 371 185 strata
390 147 650 189 multitudine,
670 143 890 194 respondifl'e
910 141 1035 182 fertur,
1048 151 1221 178 naturam
1235 153 1318 179 cam
1337 143 1661 188 imitandan1‚non
1674 144 1867 183 artificem,

269 204 356 241 Nos
376 215 531 252 quoquc
544 202 739 239 hortamur
751 228 760 243 ,
780 197 1174 247 admonefacimusque
1191 197 1396 235 identidem
1414 209 1551 236 omnes
1564 228 1572 243 ‚
1587 201 1869 248 quiCorinthii‚

269 272 350 297 non
361 257 561 297 Tuscanici
574 256 643 294 effe
655 257 811 306 cupiunt
822 281 831 294 ‚
857 255 921 293 ubi
937 256 1107 305 corporis
1126 253 1513 304 circumscriptionem
1524 253 1682 292 fecerint
1692 284 1701 300 ,
1714 267 1870 306 remque

271 316 318 354 ad
338 315 455 365 gestus
468 343 477 358 ‚
496 313 820 362 symmetriamque
841 310 1098 362 perduxerint,
1119 320 1291 347 naturam
1309 309 1422 361 ipsam
1443 310 1636 360 diligenter
1656 310 1867 360 inspiciant,

273 372 505 419 habeantque
523 371 559 406 δε
579 366 893 418 elegantissima&
906 366 1156 418 pulcherrima
1169 377 1349 416 corpora.
1375 378 1463 403 nam
1487 364 1614 415 (quod
1637 366 1763 404 Zeusis
1774 367 1872 405 Cro-

273 431 431 465 toniatas
442 426 599 471 docuit)
620 423 823 474 perfeetam
835 424 873 460 in
894 435 973 461 uno
986 434 1150 473 corpore
1169 421 1431 472 pulchritatem
1450 421 1550 459 haud
1568 422 1676 460 facilc
1695 424 1871 462 invenias.

272 484 310 520 Si
329 484 452 521 nudos
470 483 622 530 inquam
633 480 805 518 fecerint,
828 479 947 520 nuda,
971 481 1008 517 ὅ(
1029 491 1128 528 quos
1137 479 1327 516 voluerint
1337 477 1458 527 gestus
1471 477 1871 528 aptissimeimitantia3

273 537 611 587 undefingulorum
624 538 905 580 membrorum,
925 535 1196 581 juncturarum,
1219 545 1444 573 nervorum,
1466 545 1662 579 venarum,
1685 547 1875 584 rugarum-

274 606 350 643 que
367 595 595 645 paritionem
606 593 651 629 ad
664 592 765 630 suum
780 604 876 644 opus
888 591 1074 629 deducere
1087 589 1235 641 poffint.
1269 590 1358 627 Scio
1376 589 1466 639 quid
1477 590 1619 638 rideti53
1635 590 1875 640 argutiusculi

273 649 354 687 estis
371 651 455 700 plus
474 662 590 699 quam
609 647 798 700 speraram.
830 647 920 684 Alia
937 647 1089 697 quidem
1102 657 1289 698 ¹apparent
1307 647 1344 682 in
1357 646 1527 683 Herculis
1546 645 1751 696 (quoniam
1767 647 1874 695 Hylae

271 718 354 743 non
374 707 486 753 licet)
508 703 637 755 tergo',
652 705 813 743 lacertis,
828 704 996 756 pectore,
1011 704 1191 747 cruribus,
1203 715 1246 740 ac
1258 712 1345 739 toto
1359 702 1517 752 denique
1529 713 1701 752 corpore,
1715 701 1874 751 hydram

273 761 530 800 conficientis:
562 762 651 799 Alia
672 773 760 798 cum
772 759 1141 797 Anthaeolustantis:
1160 759 1246 795 Alia
1265 769 1373 796 tauro
1391 770 1533 803 cornua
1545 756 1766 808 dissipantis:
1787 758 1876 796 Alia

274 819 378 856 aliter
398 818 560 868 agentis·‚
582 818 741 854 dulciter
759 825 904 860 tamen,
923 827 967 853 ae
980 827 1058 853 non
1070 816 1123 852 uti
1134 816 1178 852 ab
1190 827 1238 852 eo
1249 814 1390 852 factum
1409 815 1458 852 est
1471 845 1481 860 ‚
1503 816 1567 864 qui
1586 814 1806 851 Coloneum
1827 813 1875 851 ad

275 875 378 912 Pauli
394 886 512 926 nuper
532 872 675 925 posuit:
707 872 769 909 llle
791 873 892 908 enim
912 872 959 908 ita
981 870 1043 916 (ut
1062 872 1187 911 aiunt)
1220 871 1381 907 eruditer
1401 883 1540 920 equum
1561 871 1725 907 imitatus
1743 870 1791 907 est
1806 896 1814 909 ‚
1834 880 1876 908 ut

275 942 356 967 non
375 930 472 967 aliud
492 941 608 978 quam
619 927 795 965 denudati
806 926 1011 976 equifacies
1020 926 1197 964 videatur.
1227 925 1298 962 Sed
1309 924 1386 962 satis
1397 926 1551 975 quidem
1575 926 1635 972 (ut
1652 926 1831 975 arbitror)
1853 926 1875 962 a

277 986 388 1023 nobis
401 986 542 1023 dietum
554 984 602 1020 est
614 985 659 1021 de
671 995 711 1019 ea
721 993 822 1032 parte
833 993 947 1031 quam
960 984 1164 1020 maximam
1177 983 1318 1031 putavit
1329 983 1553 1020 Donatellus
1564 981 1877 1032 designationem,

277 1054 318 1078 ac
337 1041 590 1078 rusticioribus
602 1039 742 1077 verbis:
775 1039 868 1091 Qae
882 1048 1010 1075 tamen
1030 1037 1055 1075 fi
1071 1036 1300 1088 pensitentur
1311 1062 1319 1078 ‚
1334 1037 1558 1087 dexteraque
1570 1037 1772 1086 adjiciatur,
1787 1034 1875 1075 sane

278 1110 326 1146 qu
333 1110 392 1134 am
404 1096 698 1146 pulcherrimum
710 1106 805 1145 opus
815 1093 991 1131 efficient.

336 1153 524 1190 Chemice
541 1149 705 1199 (infamis
718 1151 777 1187 illa
789 1149 966 1187 omnibus
979 1148 1207 1186 usitatissima
1217 1148 1346 1186 seculis
1357 1161 1412 1186 ars
1426 1148 1446 1185 ἓι
1458 1148 1651 1186 fundendo
1665 1149 1760 1187 dista
1772 1178 1782 1195 ‚
1794 1161 1878 1199 quae

279 1209 380 1246 circa
390 1208 627 1246 metallorum
638 1207 909 1244 exaltationem
921 1204 1143 1252 versatur)in
1155 1206 1244 1242 duas
1255 1204 1276 1241 ἐι
1287 1205 1396 1242 nobis
1408 1205 1591 1243 dividetur
1600 1216 1733 1255 partes:
1748 1207 1786 1243 ln
1799 1205 1877 1243 for-

278 1277 427 1302 marum
442 1262 724 1301 confeffionem
738 1291 748 1307 ‚
769 1262 806 1299 &
823 1263 861 1299 in
873 1262 1114 1300 metallorum
1125 1261 1448 1299 informationem.
1472 1263 1628 1299 Formas
1639 1272 1764 1298 autem
1775 1272 1879 1298 nunc

279 1322 589 1369 easintelligimus
602 1348 613 1365 ‚
631 1332 714 1368 quae
724 1318 884 1369 speciem
896 1318 943 1355 de
955 1329 1041 1356 cera
1051 1316 1261 1368 suscipiant,
1289 1319 1583 1366 contineantque
1595 1346 1606 1362 ‚
1623 1329 1665 1354 ac
1683 1317 1877 1367 postremo

275 1375 425 1413 tandem
434 1375 591 1414 fideliter
610 1375 784 1412 reddant:
814 1376 858 1412 In
869 1375 1004 1424 quibus
1015 1383 1122 1411 cretae
1135 1372 1369 1424 potissmium
1382 1384 1511 1411 natura
1523 1372 1786 1410 consideranda
1799 1402 1809 1418 ,
1829 1384 1878 1409 ne

279 1431 345 1468 fiet
362 1443 475 1470 tenax
487 1458 495 1472 ‚
519 1444 568 1469 ne
585 1442 721 1475 terrea,
740 1442 786 1468 ne
805 1433 941 1481 turpis:
965 1430 1139 1468 Mollitur
1157 1429 1313 1469 deinde.
1336 1428 1589 1480 subigiturque
1608 1438 1785 1467 tomento
1797 1455 1805 1469 ‚
1819 1429 1879 1467 vel

279 1498 408 1526 ventre
429 1488 592 1537 equino,
612 1489 686 1538 pari
703 1488 898 1537 portione,
918 1486 1047 1536 quoad
1061 1487 1223 1523 neutrius
1243 1486 1418 1525 discretio
1437 1485 1523 1531 fiat,
1545 1485 1677 1523 additis
1688 1485 1878 1523 interdum

278 1544 490 1589 cineribus,
510 1544 727 1581 latericiove
739 1544 909 1593 pulvere:
942 1541 1180 1582 Deficcatur‚
1203 1542 1384 1588 eraditur,
1405 1543 1651 1580 excribratur:
1670 1541 1786 1579 rursus
1797 1553 1878 1592 per-

277 1600 353 1637 fusa
371 1611 467 1648 aqua
483 1598 636 1637 lutescat
648 1624 656 1638 ‚
679 1611 801 1649 neque
820 1600 949 1636 durius
964 1628 974 1643 ,
995 1610 1116 1648 neque
1129 1600 1298 1637 mollius.
1329 1600 1510 1636 Dicerem
1522 1598 1610 1648 quid
1624 1599 1742 1649 prima
1755 1623 1763 1636 ,
1786 1596 1878 1647 quid

275 1655 434 1693 secunda
447 1681 455 1695 ‚
479 1656 616 1705 quidve
634 1658 739 1693 tertia
759 1655 800 1693 sit
816 1656 1016 1693 illinitione
1027 1655 1300 1693 observandum
1314 1681 1322 1695 ,
1341 1654 1668 1705 quemadmodum
1684 1653 1879 1704 postremo

278 1711 403 1749 ferreis
419 1713 577 1750 vinculis
589 1712 770 1762 cogendae
780 1741 790 1756 ‚
806 1712 1134 1761 quemadmodum
1144 1711 1399 1761 decoquendae
1413 1740 1422 1755 ‚
1442 1710 1713 1759 humandaeque
1725 1708 1792 1746 sint
1804 1708 1879 1746 for-

278 1779 366 1804 mae:
386 1767 449 1804 nifi
472 1767 643 1805 consulto
663 1780 733 1806 vos
751 1767 829 1805 haec
847 1768 920 1818 ipsa
939 1767 1064 1805 videre
1081 1779 1195 1817 quam
1216 1768 1344 1805 audire
1365 1768 1516 1805 malim.
1547 1766 1678 1815 Atque
1703 1762 1876 1814 equidem

277 1833 385 1872 puto,
398 1836 469 1861 vos
487 1825 526 1861 in
540 1823 699 1861 officinis
711 1824 878 1868 istorum,
892 1826 956 1872 qui
969 1823 1117 1861 bellicas
1127 1835 1324 1861 murorum
1337 1823 1529 1860 machinas
1548 1832 1657 1871 atque
1669 1833 1734 1859 aera
1746 1819 1877 1857 sonan-

277 1880 326 1915 tia
345 1878 524 1918 fundunt,
543 1880 750 1917 interfuiss'e.
777 1881 821 1916 In
841 1881 998 1917 metallis
1017 1891 1107 1917 vero
1126 1879 1210 1930 ipsis
1230 1878 1477 1917 informandis
1497 1877 1710 1926 diligentior
1729 1875 1877 1926 prorsus

279 1934 348 1970 erit
364 1935 458 1970 ratio
469 1934 698 1971 adhibenda:
728 1937 806 1980 Ne,
825 1936 1087 1972 chemistarum
1106 1937 1247 1984 elogio,
1260 1947 1416 1984 operam
1427 1933 1533 1970 fimul
1547 1932 1582 1969 δε
1599 1931 1780 1969 carbones
1793 1944 1878 1982 per-

280 1988 405 2026 didisse
415 1988 621 2027 videamur.
636 1991 675 2027 In
696 2001 768 2037 qua
778 1990 930 2038 quidem
942 2002 980 2025 re
991 1990 1178 2026 summum
1196 1992 1275 2026 erit.
1292 1989 1536 2026 metallorum
1546 1998 1716 2026 naturam
1730 1999 1878 2036 cogno-

278 2044 391 2089 scere,
405 2045 858 2093 atque‚ubide1icuerint,
877 2044 1180 2093 ebullierintque‚
1203 2044 1418 2081 informare.
1450 2045 1587 2092 Neque
1608 2055 1698 2080 vero
1710 2042 1877 2092 estquod

279 2100 537 2151 physiologica
549 2112 647 2138 nunc
667 2099 868 2140 adducam,
891 2100 1033 2148 vosque
1053 2112 1129 2148 ego
1147 2100 1305 2137 doceam
1326 2113 1407 2149 qua:
1428 2099 1470 2136 fit
1481 2100 1557 2136 auri
1571 2128 1580 2143 ‚
1599 2100 1762 2149 argenti,
1777 2100 1878 2144 aeris,

280 2155 413 2205 stagni,
435 2168 480 2194 ac
499 2166 723 2194 caeterorum
734 2166 881 2195 natura,
906 2156 1043 2204 quidve
1063 2167 1105 2192 ex
1116 2154 1257 2193 horum
1270 2154 1412 2193 confiat
1423 2157 1661 2206 permixtura.
1691 2155 1878 2204 Equidem

281 2213 378 2249 nolo
397 2213 578 2250 noctuam
590 2212 777 2252 Athenas,
794 2221 859 2249 aut
871 2212 985 2249 videri
997 2211 1188 2249 Chemicae
1202 2212 1327 2249 sciens.
1362 2211 1647 2260 Intelligendum
1666 2220 1810 2255 tamen,
1828 2223 1876 2248 aes

281 2270 480 2317 temperari
497 2267 612 2306 solere
633 2269 760 2306 multis
776 2268 902 2306 modis
921 2281 928 2303 :
964 2267 1051 2304 Alia
1071 2269 1173 2305 enim
1191 2278 1345 2305 utuntur
1363 2277 1612 2317 temperatura
1629 2268 1875 2317 campanarii,

281 2324 350 2361 alia
369 2322 407 2360 δε
425 2336 511 2361 nos:
538 2337 622 2373 quae
634 2323 781 2361 scientia
791 2324 909 2362 defuit
921 2324 1141 2361 Donatello.
1173 2325 1378 2372 Nunquam
1397 2323 1491 2360 fudit
1509 2322 1581 2373 ipse
1594 2352 1602 2366 ‚
1621 2324 1876 2373 campanario-

279 2392 365 2417 rum
387 2380 468 2417 usus
487 2392 602 2430 opera
623 2380 775 2430 semper.
806 2382 965 2417 Illorum
984 2389 1256 2431 temperatura,
1280 2381 1416 2417 viccnae
1432 2379 1640 2418 interdum,
1661 2382 1699 2416 ὅ(
1723 2391 1766 2415 ex
1785 2391 1876 2428 qua-

277 2437 381 2473 litate
401 2437 476 2473 aeris
495 2465 505 2480 ‚
539 2438 686 2485 trigena:
706 2437 803 2473 librae
821 2436 937 2485 stagni
956 2436 993 2472 in
1015 2446 1187 2473 centenas
1206 2437 1282 2473 aeris
1295 2464 1303 2471 .
1339 2435 1478 2473 Nostra
1498 2447 1588 2473 vero
1606 2444 1668 2472 aut
1685 2434 1872 2472 statuaria.

278 2502 341 2528 aut
358 2491 553 2531 tabularis,
577 2502 640 2529 aut
657 2491 833 2541 sigillaria.
866 2492 1044 2529 Statuaria
1055 2492 1151 2536 haec,
1173 2491 1357 2529 duodenae
1375 2491 1492 2541 stagni
1509 2493 1548 2528 in
1567 2500 1742 2528 centenas
1762 2490 1871 2528 libras

282 2548 382 2591 :ci-is,
401 2549 509 2585 tertia
527 2558 629 2598 parte
649 2548 887 2585 colleetanei.
925 2547 1126 2586 Plumbum
1143 2548 1297 2597 quidem
1318 2547 1435 2598 ipsum
1453 2549 1512 2584 aeri
1530 2558 1612 2584 non
1631 2546 1869 2584 admiscetur.

281 2603 425 2640 additur
435 2614 560 2641 tamen
578 2605 810 2654 plaerumque
821 2604 866 2639 ad
879 2605 1053 2642 colorem
1073 2606 1168 2652 nigri
1185 2604 1331 2654 plumbi
1348 2605 1477 2654 portio
1496 2603 1660 2641 decima,
1681 2602 1872 2652 argentarii

279 2669 368 2694 vero
389 2659 447 2704 (id
465 2662 567 2697 enim
588 2660 637 2697 est
654 2660 744 2697 albo
755 2661 940 2710 nigroque
952 2662 1084 2709 pariter
1099 2661 1113 2707 )
1134 2659 1306 2697 vicesima
1328 2661 1501 2697 colorem
1512 2658 1724 2697 contrahet.
1754 2668 1870 2705 quem

279 2713 448 2752 dixerunt
457 2718 720 2764 graecanicum:
738 2716 883 2768 plumbi
901 2718 995 2765 nigri
1006 2716 1232 2754 duodecima
1243 2715 1363 2754 addita
1374 2716 1528 2765 Cyprio,
1541 2724 1778 2765 purpureum.
1792 2713 1872 2749 Ta-

281 2768 414 2808 bularis
426 2771 524 2808 hrec:
556 2773 672 2810 Denae
693 2773 792 2810 librae
808 2773 924 2810 stanni
944 2774 980 2809 iu
992 2783 1166 2810 centenas
1177 2773 1266 2810 aeris.
1297 2773 1477 2821 Sigillaria
1495 2782 1585 2808 vero
1604 2771 1701 2807 haec:
1733 2768 1872 2805 Fundi-

282 2834 341 2861 tur
366 2836 411 2861 aes
443 2829 717 2866 collectaneum
743 2830 863 2878 longo
883 2826 944 2866 usu
964 2828 1240 2878 perdomitum,
1264 2826 1372 2865 simul
1395 2827 1433 2864 &
1452 2825 1667 2864 orichalcus
1690 2824 1765 2874 pari
1781 2835 1871 2874 por-

280 2881 407 2927 tione,
427 2883 466 2919 in
483 2881 641 2933 singulas
652 2884 761 2924 libras
779 2884 910 2924 additis
921 2884 1110 2922 interdum
1125 2880 1225 2927 ¹binis
1245 2885 1364 2922 unciis
1374 2883 1508 2921 stanni,
1530 2880 1714 2918 interdum
1738 2878 1788 2928 (fi
1808 2892 1870 2917 ru-

1781 2936 1868 2972 tilus
