2023 3162
438 122 1068 162 DEARCHITECTVRA
1123 121 1356 163 L11³=.V1.
1642 139 1715 167 111

151 192 221 219 Item
231 189 257 218 in
267 188 364 218 aedibus
374 191 399 218 D
412 192 445 218 D.
456 189 584 219 Eustathii
596 193 620 218 ὃ(
631 189 739 229 Qirici
750 210 757 222 ,
776 189 803 217 i'n
813 188 917 217 bafilica
928 191 953 217 D
965 191 1000 218 D.
1013 189 1207 228 Apostolorum
1220 211 1226 223 ‚
1237 199 1317 229 atque
1328 189 1384 218 aliis
1396 187 1477 222 locisj
1498 190 1612 222 Mutinae
1623 195 1715 228 etiam,

150 231 263 271 scalptos
275 233 301 258 iri
313 231 490 259 marmoribus
501 231 610 270 lingulis
623 230 739 270 lingiilos
749 231 866 266 jacentes
875 231 901 258 in
910 230 1009 258 lectulo
1017 229 1138 259 homines
1148 251 1155 262 .
1165 231 1314 270 ¹aliquando
1324 231 1410 265 binos,
1423 231 1540 268 subjecto
1551 235 1661 272 pulvillo
1672 246 1720 264 cu-

151 271 220 304 bito,
233 271 350 310 apposita
359 272 391 300 ad
401 273 502 300 lessum
514 271 618 310 tripode
630 269 717 299 mensa
727 292 733 304 ,
750 270 895 310 aliquando
906 271 1084 309 monopodio.
1106 272 1232 300 Ostendit
1242 276 1267 301 δι
1286 272 1407 301 Venetii's
1415 272 1564 308 hujusmodi
1582 275 1636 303 duo
1647 286 1718 304 mar—

151 322 228 340 mora
238 311 390 341 Franciscus
401 312 520 341 Valerius
531 314 658 343 Venetus,
668 321 751 339 unum
763 313 920 340 Romanum
932 332 938 344 ,
959 311 1081 350 pufillum
1092 312 1155 341 illud
1163 313 1280 352 quidem,
1291 313 1406 341 alterum
1416 312 1431 342 a
1444 313 1627 353 Peloponneso
1639 316 1718 354 usque

150 353 305 382 adveCfflm.
324 355 454 382 Praeterea
465 355 562 382 Romae
574 353 600 380 in
608 351 707 380 aedibus
718 352 882 391 Hieronymi
902 350 996 380 Maffei
1005 373 1011 385 .
1031 356 1056 381 δι
1067 352 1191 382 Matthaei
1203 350 1276 382 Saffii
1286 353 1404 383 visuntur
1414 364 1548 383 marmora
1559 366 1613 384 non
1622 357 1720 384 admo-

151 394 217 422 dum
227 394 362 425 abfimilia‚
373 394 419 423 ubi
425 393 483 423 sunt
491 394 551 422 lecti
561 391 616 421 'duo
626 392 790 421 decubitorii
798 403 860 421 cum
870 392 958 421 mensa
965 403 1025 422 una.
1043 395 1075 422 In
1087 403 1142 423 uno
1151 393 1223 423 sedet
1234 396 1275 423 vir
1283 394 1432 423 seminudus
1440 415 1447 428 ‚
1458 395 1592 435 supposito
1602 396 1720 425 humeris

151 435 263 473 pulvino
275 456 281 467 ,
301 433 331 463 ad
342 435 396 471 ejus
406 444 493 475 genua
501 434 535 462 est
542 431 655 461 foemina
667 435 847 472 pronainnixa
855 433 959 461 cubito.
978 436 1057 462 quta
1064 434 1208 464 secundum
1216 435 1317 464 lectum
1328 436 1374 464 stat
1387 435 1511 475 promissa
1519 436 1599 473 'barba
1610 446 1719 466 ventro-

153 473 192 503 sus
203 475 290 507 senex,
302 475 419 504 Silenum
429 470 480 503 esse
490 474 648 502 crediderim
657 495 664 506 ‚
678 475 721 502 cui
738 473 819 502 soleas
830 475 913 503 nudus
922 474 1025 510 juvenis
1037 483 1065 503 ut
1077 476 1191 510 jacituro
1200 476 1294 509 demit,
1313 477 1412 512 (soleas
1422 478 1495 505 enim
1505 477 1612 506 demere
1622 478 1717 506 solitos

153 511 204 544 effe
213 537 220 548 ,
242 515 405 555 pulvinisque
414 515 491 543 inniti
500 524 631 543 caenantes
641 535 649 545 ,
664 524 761 553 praeter
769 525 899 542 marmora
912 535 919 545 ‚
941 515 1031 543 multis
1044 516 1174 544 Martialis
1193 521 1218 545 δε
1234 517 1348 546 aliorum
1361 516 1521 556 scriptorum
1532 518 1598 547 locis
1609 519 1717 558 probari

140 557 254 596 potest)
265 567 333 596 pone
344 566 407 584 vero
417 556 482 584 alius
491 555 574 584 nudus
586 555 804 584 inclinabundum
815 555 929 585 sustinet,
937 556 1002 584 dum
1011 555 1195 586 detrahuntur.
1217 558 1302 597 Qod
1312 556 1396 586 fuerat
1405 580 1412 592 ,
1424 569 1486 588 cum
1496 558 1551 587 haec
1559 559 1712 592 scriberem,

153 593 361 626 MatthaeiSassii
373 617 380 630 ,
399 595 450 624 hoc
462 597 498 624 est
509 595 719 635 pulcherrimum
729 617 736 629 ,
756 596 817 624 inde
828 596 983 624 transsatum
1000 597 1036 624 est
1046 596 1078 624 ad
1093 597 1266 637 magnificam
1284 599 1466 628 Farnefiorum
1480 600 1599 629 domum.
1620 603 1716 640 Neque

153 647 244 666 tamen
255 639 335 666 velim
346 637 487 665 existimari
506 636 592 664 nudos
603 634 724 672 jacuisse,
751 637 873 675 quamvis
884 637 920 664 ita
928 635 1073 676 sculptores
1090 636 1271 676 exprefferint.
1293 639 1323 667 Id
1336 649 1407 667 certe
1418 637 1565 669 effecerunt
1576 662 1582 673 ,
1604 642 1717 670 utiartis

153 679 211 717 plus
220 686 363 718 appareret.
384 677 424 705 lbi
434 678 507 705 enim
517 676 658 709 musculos,
671 687 760 709 venas,
771 677 865 707 flexus,
876 677 979 705 elucere
990 687 1045 705 erat
1057 675 1167 707 neceffe.
1181 681 1272 707 Panno
1283 689 1372 708 autem
1383 683 1495 718 operire,
1505 682 1576 720 quod
1586 679 1717 723 effingere

154 729 209 747 non
220 715 332 757 potuisse
341 717 467 747 credibile
478 718 508 745 fit
521 738 527 749 ‚
545 718 600 752 ejus
609 727 673 746 vero
688 718 729 745 vel
739 716 915 756 suspicionem
925 717 1007 757 longe
1019 716 1034 746 :i
1044 717 1068 747 se
1077 717 1128 747 effe
1139 728 1266 758 oportere
1282 722 1474 749 existimabant.
1494 725 1564 751 Nam
1574 727 1598 751 ὅ(
1610 723 1719 762 paluda—

154 769 246 788 menta
255 763 279 788 &
291 758 410 787 thoraces
419 759 456 786 ita
463 757 630 796 scalpserunt‚
643 767 672 786 ut
681 768 736 786 non
744 757 829 786 solum
839 766 924 790 ποῖος,
938 767 1078 792 mammaS,
1089 760 1248 788 umbilicum
1260 780 1268 791 ‚
1283 760 1325 788 sed
1337 760 1402 798 ipsas
1410 762 1477 790 adeo
1487 764 1569 791 costas
1582 763 1718 792 interdum

156 804 180 828 δε
192 800 319 839 quicquid
329 794 440 828 subeffet
451 819 458 832 ‚
476 798 615 826 emendate
626 807 705 837 atque
723 798 850 838 graphice
861 793 1042 836 expresserint.
1069 802 1110 827 De
1121 799 1160 828 his
1171 800 1248 828 rebus
1260 811 1321 829 cum
1330 802 1361 828 ad
1383 802 1492 831 Paulum
1503 804 1608 832 lovium
1618 806 1717 833 Novo-

156 840 307 869 comensem
317 838 475 878 Episcopum
482 839 650 867 Nucerinum
662 860 669 871 ,
685 839 772 867 virum
783 842 807 867 δε
816 836 1024 871 disertiss'imum,
1033 842 1058 867 δε
1069 839 1088 867 fi
1097 850 1178 878 quem
1189 842 1306 869 nostruin
1316 841 1432 869 seculum
1444 843 1505 870 tulit
1517 843 1661 882 mamis-0492,
1671 854 1717 872 re-

157 878 271 909 tuli'ffern
284 902 291 913 ,
304 881 390 915 (soleo
400 881 470 908 enim
480 890 534 907 non
546 890 605 907 raro
617 880 670 907 mei
679 876 888 907 amantiffimum
899 879 1008 907 invisere
1018 901 1024 912 ,
1036 883 1060 907 &
1070 881 1215 918 postletstas
1223 881 1407 920 pulcherrimae
1418 886 1442 910 &
1453 884 1579 912 omnibus
1591 886 1662 912 notis
1670 884 1720 913 ab·

156 921 247 950 solutae
257 921 378 953 historiae,
387 929 467 959 quam
475 919 576 952 scribit,
585 920 688 958 aliquot
699 920 806 959 paginas
819 941 826 951 ‚
846 919 975 958 plerisque
983 920 1015 948 de
1024 920 1101 949 rebus
1112 921 1269 950 sententiam
1280 923 1387 962 rogare)
1399 922 1465 951 dixit
1478 934 1531 951 non
1540 922 1657 958 defuiss'e.
1671 926 1719 962 qui

155 963 331 991 existimarent
342 969 462 990 veterum
469 960 584 988 triclinia
596 971 651 988 non
660 961 804 988 admodum
814 956 889 988 fuisse
896 959 996 989 diversa
1013 959 1029 988 a
1042 961 1238 990 monachorum
1249 963 1400 990 nostrorum
1416 964 1548 996 tricliniis,
1565 967 1637 1003 (quae
1650 965 1718 994 refe-

157 1003 241 1031 &oria
250 1001 359 1036 vocant)
372 1001 416 1030 ubi
428 1002 578 1030 sternuntur
587 1000 682 1029 mensae
691 1010 743 1029 tres
754 1022 761 1033 ‚
781 1001 813 1029 ad
825 1009 903 1039 caput
914 1011 974 1034 una,
986 1004 1011 1029 ὗε
1020 1001 1052 1029 ad
1062 1001 1143 1030 latera
1151 1002 1227 1031 dnae:
1251 1012 1358 1032 tanturn
1368 1003 1420 1031 hoc
1431 1002 1553 1032 intercise
1564 1006 1634 1043 quod
1642 1006 1676 1033 illi
1690 1008 1718 1034 in

156 1044 231 1072 lestis
242 1042 358 1071 sederent
370 1042 456 1081 (quod
467 1051 528 1069 eum
539 1039 626 1070 facere
635 1040 722 1069 mensa
733 1041 875 1070 humiliore
887 1042 979 1074 vidi‚&
989 1044 1137 1071 Germanos
1145 1043 1173 1071 in
1182 1043 1348 1082 hypocaustis
1358 1054 1465 1072 morem
1475 1045 1581 1074 dicebat
1590 1043 1716 1080 servaffe)

155 1083 183 1112 hi
195 1093 257 1112 vero
269 1083 349 1111 nostri
357 1082 480 1110 sedilibus
488 1091 608 1111 utantur.
634 1082 729 1111 Notari
738 1091 828 1110 autem
840 1083 994 1110 Horatiano
1001 1082 1076 1111 dicto
1087 1083 1160 1112 versu
1170 1084 1352 1113 convivatoris
1362 1086 1501 1114 avaritiam
1510 1107 1516 1119 ,
1529 1087 1574 1124 qui
1586 1085 1670 1114 tribus
1680 1086 1721 1114 lc-

155 1124 204 1153 ἂῐς
215 1145 222 1157 ,
241 1123 265 1152 id
275 1124 319 1155 est.
331 1132 360 1151 ut
371 1124 580 1162 interpretantur
590 1123 636 1155 illi,
647 1123 731 1151 stratis
740 1121 860 1151 sedilibus
870 1122 978 1151 volebat
987 1133 1094 1152 coenare
1103 1125 1245 1153 duodecim
1256 1146 1263 1158 ‚
1283 1127 1372 1163 potius
1382 1135 1462 1164 quam
1470 1126 1569 1155 lectum
1579 1136 1716 1164 quartum,

156 1169 181 1193 δε
191 1163 304 1192 mensam
314 1164 425 1192 sternere
437 1185 444 1196 ‚
463 1173 512 1192 ceu
523 1174 577 1191 non
597 1164 713 1202 amplior
722 1160 774 1191 effe
792 1163 899 1191 deberet
909 1163 1100 1203 lestussquam
1111 1166 1156 1204 qui
1174 1174 1227 1193 tres
1237 1175 1352 1203 caperet,
1370 1166 1416 1194 niti
1428 1168 1545 1206 anguste.
1566 1168 1600 1195 Et
1611 1176 1682 1195 certe
1691 1168 1720 1195 in

155 1205 268 1244 speciem
278 1204 360 1233 videri
372 1202 451 1243 poffit
461 1214 491 1232 ea
500 1203 628 1232 sententia
637 1203 777 1242 plausibilis
789 1225 795 1237 ,
813 1203 855 1232 sed
865 1213 927 1232 cum
939 1214 1023 1243 neque
1033 1205 1186 1244 cujusquam
1196 1206 1333 1245 scriptoris
1344 1228 1350 1239 ,
1371 1217 1456 1245 neque
1467 1208 1561 1236 veteris
1573 1208 1716 1235 marn-ioris

155 1245 292 1275 autoritati
301 1245 430 1273 innitatur
439 1266 446 1278 ‚
469 1244 536 1273 haud
545 1244 598 1273 scio
607 1266 613 1277 ,
631 1255 663 1272 an
676 1254 776 1272 temere
794 1245 977 1283 ampiectenda
988 1245 1027 1273 lit.
1050 1246 1245 1274 Animadverto
1263 1248 1335 1275 enim
1353 1244 1460 1283 jacuiss'e
1470 1269 1476 1280 ‚
1494 1257 1540 1276 aut
1554 1258 1608 1276 non
1618 1245 1720 1280 sedisse,

158 1296 187 1314 ut
196 1286 307 1315 solemus
319 1307 325 1318 ,
346 1285 372 1313 id
383 1286 418 1313 est
430 1306 437 1318 ,
454 1294 484 1313 ut
495 1286 566 1324 spina
577 1295 639 1313 cum
649 1283 751 1313 femore
760 1286 863 1314 testum
874 1285 1003 1325 angulum
1012 1283 1141 1320 efficeret,
1154 1288 1256 1315 &item
1265 1285 1353 1316 femur
1363 1297 1425 1316 cum
1437 1288 1503 1316 tibia
1518 1301 1523 1319 ;
1536 1288 1576 1323 (id
1587 1290 1658 1316 enim
1667 1286 1722 1317 effe

156 1327 242 1355 sedere
252 1326 343 1355 docuit
353 1325 467 1353 Galenus
475 1326 544 1353 libro
552 1326 583 1354 de
591 1325 637 1354 usu
649 1327 764 1364 partium
775 1327 894 1364 corporis
907 1326 1016 1354 humani
1028 1328 1110 1355 tertio
1120 1349 1126 1359 ,
1149 1331 1175 1355 &
1188 1328 1274 1356 innuit
1284 1328 1438 1356 Aristoteles
1458 1328 1634 1357 mechanicon
1645 1339 1721 1368 quae-

159 1368 243 1396 stione
255 1368 333 1401 xxx.)
345 1366 386 1394 sed
395 1367 512 1394 distentis
520 1367 661 1405 aliquando
672 1367 996 1406 cruribus,nonnunquam
1004 1367 1100 1396 dextro
1112 1369 1213 1407 poplite
1224 1368 1320 1397 laevum
1330 1378 1479 1407 prementes
1490 1379 1572 1411 genu,
1584 1370 1721 1398 interdum

157 1408 317 1447 complicitis
336 1406 454 1435 cruribus
464 1408 491 1434 in
509 1408 621 1435 alternas
631 1404 821 1435 vicissitudines
831 1428 838 1438 ,
856 1407 999 1444 aliquando
1016 1409 1182 1441 incoxanoes,
1194 1408 1237 1437 seu
1247 1406 1343 1437 coffim
1355 1410 1511 1442 inlidentes3
1532 1410 1624 1445 (liceat
1642 1411 1717 1438 enim

159 1448 234 1479 mihi.
242 1448 259 1476 fi
270 1456 367 1478 vetera.
378 1456 404 1475 at
413 1456 486 1476 certe
497 1447 672 1487 fignificantia
683 1449 825 1486 Pomponii
836 1449 1020 1477 Atellanarum
1029 1448 1162 1488 scriptoris
1176 1449 1256 1478 verba
1266 1460 1404 1483 renovare,
1415 1454 1440 1478 &
1450 1451 1568 1483 mollire)
1581 1460 1635 1489 quo
1643 1451 1722 1490 gestu

158 1488 246 1517 sedere
258 1488 341 1516 solent
351 1487 478 1518 sartores.
497 1490 633 1517 &Turcas
644 1488 720 1516 edere
738 1488 863 1527 conspexi
880 1490 1008 1517 Venetiis.
1030 1490 1118 1518 Plures
1128 1492 1210 1518 etiam
1229 1490 1313 1519 tribus
1324 1492 1350 1518 in
1368 1491 1439 1519 leeco
1454 1491 1623 1519 accubitori'o
1637 1512 1643 1522 ,
1665 1491 1719 1519 live

157 1530 278 1561 stibadio,
288 1532 312 1557 8(
322 1527 447 1562 abaco,iis
457 1530 529 1557 enim
539 1529 674 1559 vocabulis
684 1539 724 1558 res
734 1530 826 1559 eadem
836 1529 1121 1570 fignificatur,jacuiffe
1132 1532 1230 1560 indicat
1244 1531 1375 1560 Martialis
1385 1533 1608 1572 Epigrammaton
1616 1530 1663 1560 lib.
1678 1541 1720 1560 ιι,

165 1571 193 1599 in
205 1570 385 1599 Mamurram:

490 1614 525 1638 Et
537 1610 702 1646 tcstudineum
712 1611 812 1647 mensus
822 1619 913 1649 quater
924 1611 1072 1639 hexaclinon

539 1653 669 1688 Ingemuit
678 1653 740 1679 citro
751 1662 798 1679 non
810 1653 876 1688 fiatis
886 1653 929 1689 effe
942 1653 997 1689 suo.

170 1692 343 1732 Qerebatur
362 1694 513 1722 Mamurra.
532 1691 605 1730 quod
615 1692 795 1720 accubitorius
806 1692 909 1720 laminis
926 1694 1052 1721 testarum
1060 1693 1222 1723 testudinum
1239 1695 1346 1723 vestitus
1357 1695 1457 1726 lectus,
1473 1703 1553 1732 quem
1565 1703 1720 1732 comparare

169 1735 237 1762 velle
247 1735 328 1762 videri
339 1734 449 1772 optabat
461 1753 468 1762 ,
488 1733 573 1760 minus
585 1733 723 1771 quadraret
733 1754 739 1764 ,
758 1742 820 1760 cum
831 1732 873 1760 sex
891 1742 996 1761 tanturn
1005 1743 1109 1771 caperet
1121 1755 1128 1767 ,
1149 1735 1225 1773 iplius
1237 1745 1302 1763 vero
1321 1736 1403 1763 citrea
1413 1734 1500 1763 mensa
1519 1735 1632 1773 amplior
1643 1730 1718 1766 effer,

168 1783 247 1812 :itque
258 1775 388 1812 capacior.
408 1774 461 1801 Illis
471 1781 559 1800 tamen
569 1772 772 1800 succensendum
783 1783 836 1800 non
848 1773 972 1806 arbitror,
982 1773 999 1800 fi
1008 1774 1181 1812 antiquorum
1193 1785 1296 1804 morem
1307 1776 1396 1803 nostro
1406 1776 1521 1814 tempori
1531 1795 1538 1806 ,
1555 1774 1643 1814 quoad
1664 1774 1721 1809 ejus

170 1813 228 1842 fieri
239 1815 328 1852 potuit
338 1836 344 1846 .
355 1814 559 1843 accommodare
571 1814 724 1842 studuerint.
747 1814 839 1840 Potuit
850 1822 938 1841 autem
949 1823 994 1841 eos
1006 1814 1104 1852 aliquid
1115 1813 1240 1848 moviffe,
1258 1816 1330 1853 quod
1345 1816 1444 1844 diutius
1463 1819 1487 1843 ὅ(
1498 1815 1651 1855 diligentius
1663 1824 1724 1853 per—

169 1853 347 1882 scrutantibus
357 1876 364 1887 ,
376 1863 455 1893 atque
467 1855 561 1881 recinis
572 1853 769 1881 consulentibus
780 1851 971 1882 satisfacturum
984 1864 1110 1883 nouerat.
1130 1859 1172 1884 De
1185 1866 1226 1884 me
1237 1856 1289 1885 hoc
1305 1866 1377 1884 certe
1388 1855 1528 1894 profiteor,
1546 1855 1642 1883 multas
1654 1855 1723 1882 inci-

170 1891 234 1922 diffe
244 1893 334 1932 saepius
346 1895 372 1922 in
385 1903 502 1922 mentem
515 1893 657 1921 sententias
669 1915 674 1926 ‚
685 1904 747 1932 quas
757 1903 815 1921 tum
828 1895 934 1932 quidem
944 1896 1072 1929 majorem
1083 1897 1108 1922 in
1120 1897 1230 1924 modum
1241 1896 1425 1935 probaverim:
1444 1896 1477 1924 de
1485 1896 1522 1924 eis
1535 1906 1599 1923 vero
1610 1905 1672 1923 cum
1683 1894 1725 1923 se-

169 1936 257 1963 verius
269 1940 293 1963 3<
303 1935 420 1963 exa&ius
431 1934 606 1972 anquirerem,
614 1945 716 1962 errores
726 1935 815 1962 inveni
824 1935 850 1961 in
861 1945 891 1962 ea
901 1944 973 1972 parte
984 1934 1046 1972 ipsa,
1056 1945 1113 1973 quae
1123 1932 1288 1975 potissimum
1297 1934 1458 1968 delectasset,
1472 1940 1497 1965 δὲ
1508 1936 1582 1965 valde
1592 1937 1725 1975 castigan-

171 1975 228 2003 dos.
240 1977 324 2004 Porro
336 1985 426 2003 autem
436 1977 478 2011 (ut
490 1974 630 2012 aliquando
639 1974 781 2012 susceptam
790 1984 846 2002 rem
858 1973 995 2009 finiamus>
1006 1975 1104 2003 mensas
1115 1978 1215 2015 mappis
1226 1987 1280 2004 nori
1291 1974 1433 2005 instraviffe
1445 1979 1593 2009 Romanos,
1603 1987 1637 2004 ex
1648 1978 1726 2003 Mar-

173 2016 241 2044 tialis
251 2016 297 2044 lib.
309 2027 333 2044 x.
342 2017 425 2055 epigr.
440 2016 466 2042 iri
478 2014 562 2043 Olum
573 2015 671 2050 conjici
682 2016 785 2053 potest:
805 2025 853 2052 pro
872 2014 896 2042 se
906 2024 994 2043 autem
1005 2025 1129 2054 quenque
1148 2018 1290 2045 convivam
1299 2016 1400 2045 adferre
1410 2015 1582 2049 consuevisse,
1593 2018 1664 2045 idem
1675 2016 1721 2044 lib.

173 2066 228 2094 xir.
245 2057 276 2084 de
286 2057 310 2085 H
318 2066 464 2096 ermogene
473 2054 587 2083 scribens
600 2056 707 2083 indicat.
730 2055 780 2083 Sed
792 2055 855 2083 illud
865 2055 910 2083 hic
921 2055 1104 2084 aestimandum
1115 2059 1232 2086 occurrit
1241 2079 1248 2090 ,
1266 2068 1329 2086 num
1341 2062 1365 2086 ὅ(
1375 2058 1407 2086 ad
1418 2057 1523 2086 eosdem
1533 2056 1625 2086 referri
1635 2054 1726 2095 poffir,

175 2097 250 2136 quod
270 2097 450 2136 quadantenus
466 2096 545 2123 tradit
563 2095 643 2124 Iulius
655 2095 750 2124 Pollux
766 2095 812 2124 lib.
825 2107 863 2124 vi.
876 2106 1002 2134 cap-xiv.
1023 2101 1048 2125 δε
1064 2098 1181 2136 apertius
1199 2097 1213 2126 ὲ
1225 2098 1349 2127 Pausania
1359 2100 1471 2128 Varinus
1492 2098 1655 2126 Phavorinus
1673 2099 1729 2124 Ca-

1385 2139 1543 2171 mers,allata
1554 2138 1611 2176 post
1620 2147 1728 2165 coenam

1387 2179 1528 2207 ablutionis
1541 2182 1565 2206 δε
1574 2177 1728 2205 mantilium

1388 2220 1451 2247 loco
1462 2218 1575 2246 medulla
1585 2218 1667 2256 panis,
1676 2217 1729 2245 hoc

1390 2260 1424 2287 est
1435 2259 1564 2298 magdalia
1575 2280 1581 2290 ‚
1599 2258 1651 2286 five
1663 2268 1731 2296 apo-

1391 2299 1522 2339 magdalia
1533 2320 1539 2332 ‚
1559 2298 1650 2326 solitos
1662 2308 1732 2326 con-

1393 2341 1463 2368 vivas
1484 2349 1576 2367 manus
1597 2339 1734 2378 absterge-

1394 2391 1420 2409 re
1431 2401 1438 2413 ,
1457 2390 1536 2419 quarn
1554 2380 1642 2419 postea
1658 2380 1733 2407 cani-

1393 2421 1441 2449 bus
1459 2422 1561 2448 darent.
1590 2420 1660 2447 Istud
1671 2419 1733 2458 qui—

1392 2461 1453 2490 dem
1471 2469 1544 2489 certe
1562 2461 1663 2488 constat
1677 2480 1684 2492 ,
1706 2463 1734 2487 ὃ(

1392 2511 1513 2530 autorem
1541 2500 1668 2528 habemus
1695 2501 1734 2526 A·

1396 2542 1528 2570 thenaeum
1547 2541 1607 2568 libr.
1623 2551 1632 2568 i
1645 2551 1669 2568 v.
1692 2539 1736 2567 so-

1395 2584 1470 2611 lenne
1492 2578 1567 2609 fui'ss'e
1587 2579 1735 2608 Arcadibus

1395 2623 1464 2651 suam
1475 2631 1596 2661 querique
1614 2631 1664 2660 qua
1678 2630 1736 2648 nia-

1396 2674 1442 2691 nus
1453 2659 1597 2691 detcrliffet
1608 2671 1738 2700 :ipomag-

1395 2704 1489 2731 daliam
1517 2701 1604 2731 secum
1633 2699 1736 2731 anferre

1396 2743 1431 2771 ob
1447 2744 1593 2772 nosturnos
1609 2751 1736 2773 terrores,

1395 2784 1440 2823 qui
1460 2785 1487 2812 in
1508 2784 1634 2822 compitis
1652 2783 1737 2811 solent

1396 2825 1523 2857 accidere,
1541 2825 1567 2852 id
1584 2825 1637 2857 est,
1655 2825 1737 2852 utin-

1395 2875 1538 2904 tcrpretor‚
1551 2874 1580 2893 ut
1591 2864 1737 2893 adorienti-

1395 2906 1442 2934 bus
1453 2906 1561 2935 canibus
1572 2905 1737 2941 objicerent:

1395 2957 1480 2986 neque
1491 2948 1564 2975 enim
1574 2944 1652 2974 fuerit
1669 2945 1695 2972 id
1710 2954 1739 2972 u-

1394 2988 1440 3016 tile
1451 2988 1607 3016 remedium.
1630 2989 1740 3014 Latera-

191 3032 276 3060 nenfiss
287 3054 294 3066 ι
313 3037 338 3061 &
349 3036 543 3065 Mutinenfiurn
554 3056 562 3068 ,
581 3033 654 3073 quod
669 3034 848 3073 pulcherrima
858 3032 1017 3062 videbantur
1029 3052 1035 3062 .
1054 3032 1081 3060 id
1098 3032 1134 3060 est
1145 3029 1286 3070 probanda:
1298 3028 1336 3057 rei
1345 3025 1619 3057 accommodatissima
1628 3049 1634 3060 ‚
1653 3033 1739 3062 quan-

190 3083 270 3112 quam
278 3072 465 3106 obsolescentia
473 3086 563 3107 tamen
571 3075 700 3105 &detrita
708 3086 774 3116 pene
784 3075 851 3111 haec,
859 3075 923 3105 illud
931 3072 1172 3116 integrius.figuras
1180 3071 1311 3109 subjunxi.
1325 3069 1392 3100 Vide
1404 3073 1428 3100 δε
1440 3069 1628 3101 Mercurialem
1636 3066 1667 3093 de
1678 3070 1739 3091 Art.

1643 3114 1740 3149 gymno

368 2155 557 2199 Lateranenfis
568 2155 604 2190 ὠ·
615 2156 813 2197 Mutinenfium
823 2167 995 2189 marmorum
1007 2154 1118 2198 formae.
