2023 3162
457 75 1092 115 DEARCHITECTVRA
1149 74 1382 113 L1B.111.
1698 91 1738 122 55

146 158 208 186 aut
221 146 403 186 robusteis
416 146 575 184 ustulatis
588 143 687 182 confi
692 155 814 194 garrit,
841 143 1067 194 sublicaequc
1079 144 1258 182 machinis
1269 144 1464 195 adigantur
1474 157 1586 195 quam
1599 149 1744 185 ereber-

146 207 257 241 rimae‚
281 202 582 251 carbonibusque
592 201 811 250 expleantur
822 201 1014 238 intervalla
1025 201 1212 252 palorum,
1228 203 1264 238 δε
1277 196 1368 238 tunc
1381 201 1564 239 structuris
1580 202 1746 241 solidissi-

144 261 216 297 mis
229 257 296 305 [d]
308 257 552 296 fundamenta
563 258 800 306 impleantur.
819 256 1002 293 Extruffis
1012 267 1136 293 autem
1146 256 1414 302 fundamentis,
1426 257 1471 294 ad
1482 257 1743 296 libramentum

144 315 334 364 stylobatae
348 316 428 352 sunt
442 312 671 352 collocandi.
696 312 813 364 Supra
823 311 1021 360 stylobatas
1035 313 1224 350 columnae
1237 313 1488 363 disponendae,
1501 315 1746 363 quemadmo-

145 371 234 409 dum
249 370 350 422 supra
361 371 537 422 seriptum
550 368 598 404 est
613 382 620 405 :
644 367 764 404 sivein
776 368 1012 417 pycnostylo,
1025 368 1348 417 quemadmodum
1359 369 1574 419 pycnostyla
1591 384 1598 406 :
1613 368 1683 407 sive
1696 370 1746 419 sy-

144 427 249 475 stylo,
264 437 325 464 aut
338 426 514 475 diastylo,
537 434 598 461 aut
610 423 750 472 eustylo
762 452 772 468 ‚
792 425 1114 473 quemadmodum
1127 423 1230 474 supra
1240 425 1369 477 scripta
1381 424 1464 462 sunt
1477 428 1514 463 ὅ(
1527 425 1741 463 constituta.

144 485 186 521 ln
200 483 394 531 araeostylis
412 483 510 518 euim
523 480 669 517 libertas
682 479 750 518 est,
773 490 958 529 quantum
971 481 1106 528 cuique
1118 480 1208 517 libet
1220 506 1228 519 ‚
1256 481 1526 519 constituendi:
1548 482 1668 518 sedita
1680 493 1746 518 co-

146 540 284 577 lumnae
298 540 334 575 in
346 537 534 590 peripteris
548 537 795 574 collocentur,
815 537 868 572 uti
883 545 978 583 quot
988 536 1279 572 intercolumnia
1291 536 1419 574 suntin
1432 537 1570 583 fronte,
1582 538 1746 574 totidem

145 597 201 632 bis
221 593 510 632 intercolumnia
531 591 620 628 fiant
639 593 675 627 in
689 590 874 628 lateribus.
909 592 962 627 Ita
974 592 1076 628 enim
1098 593 1166 628 erit
1179 591 1313 641 duplex
1334 593 1536 643 longitudo
1556 595 1679 643 operis
1699 593 1745 630 ad

145 650 393 689 latitudinem.
419 650 596 696 Namque
608 649 671 696 qui
685 648 952 684 columnarum
962 646 1235 696 duplicationes
1247 647 1428 687 fecerunt,
1442 649 1606 686 erravisse
1618 649 1743 686 videu-

146 716 205 744 tur
215 736 226 752 ,
249 706 355 755 quod
369 717 485 742 unum
498 703 838 740 intercolumnium
849 704 886 738 in
907 701 1141 750 longitudine
1154 704 1234 752 plus
1248 714 1362 752 quam
1374 714 1547 753 oporteat
1559 730 1567 743 ‚
1590 717 1745 754 procur-

145 774 224 799 rere
246 761 423 800 videatur.
453 759 597 796 Gradus
607 760 644 794 in
665 757 787 795 fronte
797 759 847 795 ita
868 757 1119 795 constituendi
1136 757 1229 801 sunt,
1243 760 1296 794 uti
1317 758 1385 794 sint
1404 760 1545 809 semper
1563 762 1721 810 impares
1736 776 1743 798 :

146 829 311 867 namque
324 829 411 854 cum
423 815 553 852 dextro
566 813 660 864 pede
673 816 814 863 primus
826 814 960 863 gradus
971 813 1204 852 ascendatur,
1221 814 1309 850 item
1320 816 1357 850 in
1370 815 1516 851 summo
1531 817 1587 860 [e]
1599 818 1745 865 templo

147 876 285 925 primus
306 875 372 910 erit
382 870 591 924 ponendus.
625 868 891 907 Crassitudiues
903 879 1029 906 autem
1041 872 1185 906 'eorum
1198 869 1383 919 graduum
1403 871 1453 907 ita
1465 870 1643 906 finiendas
1656 883 1743 908 cen-

146 929 221 974 seo,
237 939 276 966 ut
288 939 408 978 neque
420 925 610 964 crassiores
629 925 703 976 [f]
725 926 913 965 dextante,
927 937 1050 975 neque
1061 927 1249 963 tenuiores
1261 925 1442 963 dodrante
1454 925 1522 963 sint
1535 926 1744 964 collocatae:

146 985 195 1022 stc
207 986 308 1021 enim
321 984 432 1021 durus
446 994 523 1019 non
536 983 605 1020 erit
617 980 794 1018 ascensus.
829 983 896 1035 [g]
920 982 1180 1019 Reti-actiones
1193 991 1320 1018 autem
1331 982 1528 1031 graduum,
1541 993 1610 1017 nec
1624 983 1746 1018 minus

147 1051 260 1090 quam
270 1038 532 1090 sesquipedales
546 1068 556 1082 ‚
578 1050 648 1075 nec
665 1038 747 1088 plus
760 1046 873 1086 quam
893 1036 1078 1088 bipedales
1094 1037 1270 1075 faciendae
1292 1037 1474 1075 videntur.
1505 1038 1598 1074 Item
1611 1035 1636 1073 fi
1649 1038 1748 1073 circa

148 1096 265 1134 aedem
276 1096 406 1146 gradus
418 1094 530 1131 futuri
540 1093 685 1138 stmt,ad
696 1094 873 1131 eumdem
886 1094 1045 1131 modum
1056 1093 1135 1131 fieri
1147 1093 1295 1130 debent.
1308 1094 1371 1130 Sin
1383 1104 1510 1131 autem
1523 1093 1620 1130 circa
1630 1093 1746 1129 :edem

147 1164 191 1188 ex
203 1153 321 1189 tribus
336 1151 507 1189 lateribus
527 1150 686 1200 podium
699 1149 912 1186 faciendum
923 1151 992 1186 erit
1004 1179 1013 1194 ‚
1036 1149 1081 1186 ad
1094 1151 1130 1186 id
1142 1148 1405 1193 constituatur,
1429 1151 1482 1186 uti
1495 1145 1559 1194 [lo]
1583 1148 1743 1197 quadran

146 1208 244 1258 spirae
257 1233 265 1248 ‚
289 1209 424 1251 trunci,
440 1218 592 1243 coronae
606 1235 616 1250 ‚
638 1204 736 1254 lysis,
752 1205 798 1242 ad
810 1204 925 1255 ipsum
937 1205 1159 1253 stylobatam
1171 1231 1179 1244 ‚
1202 1207 1344 1253 quierit
1354 1204 1417 1242 sub
1431 1205 1618 1242 columnae
1630 1204 1742 1253 spiris,

149 1265 387 1301 conveniant.
421 1262 659 1311 Stylobatam
671 1263 717 1299 ita
727 1271 881 1310 oportet
891 1262 1094 1310 exaequari,
1109 1262 1163 1298 uti
1174 1260 1309 1298 habeat
1318 1272 1381 1311 per
1393 1260 1558 1296 medium
1571 1260 1746 1305 adjectio-

147 1330 235 1356 nem
247 1331 310 1370 per
321 1319 507 1371 scamillos
520 1320 691 1369 impares.
724 1318 761 1353 Si
774 1319 874 1354 enim
885 1316 929 1353 ad
939 1317 1107 1354 libellam
1118 1317 1312 1366 dirigetur,
1341 1317 1546 1353 alveolatus
1564 1316 1683 1352 oculo
1692 1318 1743 1352 vi-
1758 1313 1870 1371 Affgfia-

148 1376 306 1412 debitur.
337 1374 426 1411 Hoc
439 1384 578 1417 autem,
594 1374 648 1410 uti
660 1373 813 1410 scamilli
824 1373 869 1409 ad
881 1372 918 1409 id
927 1374 1192 1410 convenienter
1202 1372 1304 1417 fiant,
1317 1374 1406 1409 item
1417 1374 1454 1409 in
1467 1382 1636 1409 extremo
1648 1371 1744 1408 libro
1759 1354 1839 1382 bem

146 1431 271 1468 forma
283 1433 320 1467 ὃ(
334 1429 613 1468 demonstratio,
636 1431 703 1465 erit
713 1428 901 1479 descripta.
934 1429 1002 1465 His
1014 1428 1184 1478 perfeffls
1196 1430 1234 1465 in
1244 1428 1312 1464 suis
1323 1430 1419 1465 locis
1438 1427 1534 1478 spirae
1547 1428 1742 1463 collocen-

146 1495 206 1524 tur
219 1516 227 1531 ,
252 1497 378 1534 eaeque
390 1486 436 1522 ad
457 1486 720 1534 Symmetriam
742 1484 789 1521 sic
800 1484 1037 1535 perficiantur
1048 1514 1059 1530 ‚
1080 1485 1134 1522 uti
1144 1482 1343 1522 crassitudo
1365 1496 1451 1521 cum
1463 1483 1608 1533 plintho
1622 1481 1662 1518 fit
1674 1494 1741 1519 co-

147 1543 283 1579 lumnae
294 1554 336 1579 ex
348 1541 498 1578 dimidia
511 1540 742 1578 crassitudine
753 1570 762 1585 ,
779 1541 1107 1590 projesturamque
1118 1552 1232 1590 quam
1243 1540 1363 1577 Graeci
1380 1536 1546 1590 c'saqbofyiv
1557 1540 1741 1582 vocitant,

147 1597 306 1635 habeant
319 1597 576 1647 quadrantem.
610 1598 659 1633 Ita
673 1607 751 1633 tum
762 1598 834 1633 lata
847 1597 1007 1646 &longa
1026 1598 1094 1634 crit
1106 1598 1292 1633 columnae
1312 1594 1554 1632 crassitudinis
1575 1594 1687 1630 unius
1702 1595 1739 1630 &
1754 1606 1805 1631 Ar.
1814 1604 1872 1640 fix.

147 1653 319 1690 dimidia:
352 1653 530 1690 Altitudo
541 1655 631 1697 eius,
648 1651 670 1688 fi
683 1655 734 1697 [ι]
747 1654 944 1701 atticurges
956 1654 1024 1689 etit
1036 1677 1045 1690 ,
1067 1654 1117 1689 ita
1129 1651 1312 1688 dividatur
1325 1679 1334 1695 ‚
1349 1661 1389 1687 ut
1402 1650 1567 1701 superior
1577 1660 1658 1699 pars
1669 1660 1740 1685 ter·
1754 1652 1865 1672 “mum-

147 1709 197 1745 tia
210 1719 311 1758 parre
323 1708 362 1745 sit
375 1707 613 1745 crassitudinis
627 1710 834 1745 columnae,
859 1710 1042 1756 reliquum
1055 1706 1202 1757 plintho
1221 1707 1458 1755 relinquatur.
1490 1706 1629 1741 Demta
1647 1705 1742 1753 plin-

147 1764 228 1803 tho,
245 1765 430 1812 reliquum
441 1764 622 1800 dividatur
632 1765 668 1799 in
683 1773 801 1813 partes
813 1773 975 1811 quatuor
987 1776 993 1798 :
1009 1762 1072 1808 [k]
1087 1762 1223 1810 fiatque
1236 1760 1398 1811 superior
1409 1771 1516 1797 torus
1527 1770 1674 1809 quartae5
1688 1772 1742 1796 re-

146 1820 256 1868 liquae
269 1829 339 1855 tres
352 1821 539 1868 aequaliter
551 1819 769 1862 dividantur,
781 1821 817 1855 ὃ(
829 1831 901 1855 una
915 1817 955 1855 fit
966 1818 1119 1855 inferior
1129 1828 1244 1856 torus,
1260 1818 1369 1854 altera
1380 1827 1462 1866 pars
1473 1827 1560 1852 curn
1574 1814 1640 1851 suis
1651 1827 1740 1864 qua-

147 1875 219 1912 dris
240 1875 373 1913 scotia,
406 1887 519 1922 quam
539 1874 661 1910 Graeci
683 1873 840 1921 φξόχιλον
860 1874 1009 1911 dieunt.
1041 1874 1104 1909 Sin
1122 1882 1247 1909 autem
1265 1873 1404 1909 Ionica:
1424 1881 1530 1909 erunt
1547 1870 1738 1914 faciendae,

149 1930 379 1979 Symmetriae
391 1942 519 1968 earum
531 1929 580 1967 sie
592 1939 700 1966 erunt
713 1929 994 1974 constituendae,
1008 1930 1062 1966 uti
1071 1928 1229 1967 latitudo
1240 1926 1352 1978 spirae,
1367 1939 1527 1977 quoquo
1537 1926 1623 1965 vers
1617 1938 1656 1963 us
1670 1953 1677 1966 ,
1699 1926 1739 1962 fit

1593 1982 1742 2019 colum-

148 2107 178 2141 d]
203 2108 285 2136 [dem.
305 2109 488 2137 Fundamenta
505 2118 583 2137 vocat
594 2109 658 2147 ipsas
676 2105 753 2137 fossas
767 2130 773 2141 ,
790 2108 833 2137 ubi
844 2108 1010 2138 substruitur.
1025 2109 1090 2136 sicut
1110 2107 1156 2136 lib.
1170 2117 1292 2145 1.cap.5.
1310 2104 1481 2134 fundamenta
1493 2105 1526 2132 lic
1544 2102 1603 2130 sunt
1614 2099 1742 2134 facienda,

190 2150 229 2175 uti
239 2147 389 2181 fodiantur,
409 2153 459 2176 δεε.
479 2153 501 2177 ὃ(
512 2150 594 2177 lin-v.
607 2160 664 2187 cap.
679 2150 726 2177 ult.
748 2151 815 2177 inter
827 2150 957 2188 septiones
970 2146 1142 2177 fundamenta
1162 2146 1306 2176 fodiantur.
1325 2146 1410 2184 Ipsam
1422 2156 1485 2173 vero
1501 2144 1656 2173 structuram
1668 2146 1691 2171 i&
1704 2140 1744 2170 fa·

191 2187 293 2216 bricam
302 2189 414 2227 appellat
425 2188 702 2218 substructionemlib.
715 2201 737 2216 v.
748 2200 805 2227 cap.
821 2200 844 2224 3.

149 2229 174 2262 e]
198 2229 280 2257 Idem.
305 2233 334 2256 ln
345 2229 446 2268 aliquot
455 2231 568 2267 antiquis
579 2230 771 2267 exemplaribus
783 2234 805 2258 ὃς
815 2231 843 2257 in
854 2230 948 2258 codice
957 2229 1065 2268 Sulpicii
1074 2228 1182 2256 nomine
1193 2223 1318 2265 impresso
1325 2226 1395 2254 deest
1404 2226 1598 2262 dietiossaemmo.
1609 2228 1632 2253 δε
1646 2225 1743 2252 merito

183 2271 308 2307 quidem.
334 2280 394 2297 nam
405 2270 496 2297 nonin
506 2270 657 2297 summitate
669 2270 762 2307 templi
774 2291 780 2301 ,
798 2269 838 2297 sed
850 2272 876 2297 iu
887 2270 989 2297 summo
1001 2270 1155 2307 pavimento
1166 2269 1191 2295 id
1203 2267 1257 2295 fieri
1267 2276 1370 2295 certum
1382 2268 1426 2296 est.
1446 2268 1515 2296 Haec
1524 2267 1576 2294 ille.
1588 2266 1664 2305 Qid
1675 2266 1692 2293 li
1704 2265 1739 2293 lc-

182 2320 289 2349 gamus,
298 2310 403 2339 summo
411 2311 514 2348 templi.
524 2311 549 2337 id
560 2312 604 2341 est,
615 2310 699 2349 gradu
708 2310 812 2337 summo
823 2311 868 2348 qui
876 2310 982 2348 aequalis
992 2311 1026 2337 est
1036 2310 1191 2347 pavimento
1200 2308 1302 2347 templi.

144 2350 184 2387 f]
206 2352 291 2379 idem.
318 2352 407 2389 Aliqui
419 2352 527 2379 codices
539 2361 588 2386 pro
599 2352 722 2378 dextante
732 2350 1042 2385 liabentfi‘xtameJc-nsu
1050 2350 1126 2388 plane
1137 2348 1261 2381 absurdo,
1279 2348 1360 2380 idest,
1380 2356 1408 2376 ut
1420 2344 1603 2376 crassitudines
1614 2346 1744 2387 graduum

189 2393 224 2419 ita
234 2393 283 2420 iiut
293 2391 414 2421 finiendae
428 2413 434 2423 ,
455 2401 483 2419 ut
496 2401 581 2430 neque
592 2390 712 2429 superent
724 2391 812 2418 uncias
823 2391 884 2418 duas
896 2411 902 2421 ,
922 2390 947 2418 id
955 2390 1074 2421 est.du0s
1088 2390 1198 2428 pollices
1209 2410 1215 2419 ‚
1236 2389 1380 2428 nequeunt
1392 2390 1527 2417 tenuiores
1540 2390 1622 2416 unciis
1636 2395 1741 2414 noveni.

183 2433 209 2459 id
219 2433 265 2463 est,
277 2442 376 2460 novem
387 2433 538 2471 pollicibus.
552 2434 622 2466 Qus
632 2442 685 2459 non
698 2433 778 2462 videt,
789 2431 806 2459 ii
816 2432 853 2458 ita
865 2432 984 2471 legatur,
996 2428 1148 2458 crassiorem
1159 2430 1324 2467 praescribere
1334 2431 1512 2461 tenuitatem,
1530 2438 1609 2467 quam
1620 2426 1698 2466 ipsam
1708 2426 1746 2453 al-

183 2482 239 2501 tam
251 2470 449 2502 craffitudmem
458 2472 540 2502 finiat.
559 2473 618 2499 Nos
630 2482 677 2511 pro
685 2474 804 2510 sextante
813 2473 962 2499 dextantem
973 2471 1121 2502 scribimus,
1140 2472 1165 2498 id
1177 2472 1213 2499 cst
1224 2492 1230 2503 ‚
1243 2480 1271 2499 ut
1283 2480 1369 2509 neque
1379 2468 1512 2498 cmffiorcs
1522 2470 1569 2497 lint
1581 2469 1673 2496 decem
1683 2466 1744 2505 pol-

176 2514 281 2547 licibus,
293 2523 378 2553 neque
389 2516 525 2542 tenuiores
537 2523 644 2541 novem.

146 2557 178 2594 g]
204 2555 323 2583 Philand.
344 2556 530 2583 Retrat'tiones
541 2563 619 2583 vocat
631 2553 674 2582 ubi
687 2553 781 2594 gratius
794 2553 941 2585 calcantur,
950 2563 1017 2592 quos
1029 2554 1055 2581 iu
1066 2554 1172 2591 templis
1184 2553 1293 2591 impares
1304 2552 1492 2591 probaverunt.

149 2601 182 2637 h]
203 2603 286 2630 Idem.
308 2601 430 2640 Qadras
443 2622 449 2631 ‚
458 2601 522 2629 dum
534 2601 627 2628 melior
638 2611 692 2628 uon
704 2598 820 2628 adfertur
831 2599 959 2628 sententia
969 2621 975 2632 ,
994 2610 1042 2639 pro
1052 2600 1161 2638 plinthis
1170 2600 1350 2637 interpretor,
1371 2598 1447 2636 spiras
1459 2606 1505 2635 pro
1517 2595 1615 2632 reliqua
1627 2593 1679 2622 bafi
1688 2614 1694 2626 ,
1712 2601 1742 2621 ut

140 2672 144 2677 ,
184 2643 265 2683 paulo
277 2644 341 2682 post,
353 2652 461 2670 truncos
472 2652 520 2680 pro
529 2643 675 2680 exaequatis
687 2641 788 2669 mediis.
808 2643 918 2669 Corona
927 2641 989 2679 quid
999 2642 1027 2668 iit
1039 2640 1199 2679 intelligitur
1210 2653 1216 2671 3
1235 2640 1357 2668 corouix.
1370 2638 1447 2665 habet
1459 2636 1544 2674 lyfim,
1556 2636 1581 2662 id
1591 2636 1636 2668 est,
1649 2634 1742 2674 gulam

182 2683 321 2714 inversam,
331 2693 359 2711 ut
372 2683 456 2722 vulgo
470 2683 572 2711 dicunt.
598 2683 642 2709 Ait
653 2684 751 2720 itaque,
765 2691 889 2720 oportere
899 2683 970 2721 podii
984 2681 1211 2713 bafim‚mcdium,
1224 2684 1247 2707 ἃ
1261 2675 1678 2715 coronicemrespondereiisdcm
1690 2675 1742 2713 sty-

192 2725 290 2753 lobatae
298 2725 435 2752 resilientis
447 2723 573 2762 partibus.
595 2725 636 2751 De
646 2724 728 2761 podio
740 2723 797 2751 vide
807 2723 934 2750 Lexicon:
947 2723 987 2750 uti
998 2726 1022 2750 δὲ
1032 2723 1064 2750 de
1075 2721 1144 2760 Lysi:
1157 2725 1180 2748 ἃ
1191 2720 1330 2748 §camillis-

153 2766 175 2799 ι]
197 2766 281 2793 Idem.
304 2765 433 2794 Existimo
442 2761 492 2793 effe
504 2773 595 2792 earum
604 2764 789 2792 columnarum
798 2785 804 2795 ,
820 2773 882 2802 quas
894 2764 962 2791 I‘lin.
973 2763 1018 2790 lib.
1030 2773 1122 2790 xxxvi.
1133 2772 1191 2799 cap.
1203 2772 1244 2795 ις.
1268 2760 1372 2787 Atticas
1382 2758 1502 2798 appellat,
1516 2759 1650 2798 quaternis
1660 2766 1748 2797 angu-

188 2805 217 2833 lis
228 2808 281 2845 pari
292 2807 404 2835 laterum
413 2805 566 2834 intervallo.

156 2845 183 2879 k]
207 2847 290 2876 Idem.
310 2849 382 2876 Cum
393 2847 443 2874 sint
454 2846 519 2874 bafis
537 2855 621 2884 partes
630 2845 683 2873 duo
695 2846 765 2878 tori,
783 2844 900 2884 superior
911 2848 936 2872 3<
948 2842 1074 2877 inferior,
1097 2843 1195 2871 obtulit
1207 2841 1231 2870 se
1243 2840 1318 2869 nobis
1338 2843 1433 2869 Roma:
1445 2840 1586 2869 videndam
1596 2861 1603 2873 ‚
1623 2840 1641 2867 {i
1653 2847 1747 2867 contra

188 2886 369 2926 praescriptum
380 2909 387 2921 ,
403 2896 428 2915 at
441 2896 512 2915 certe
522 2897 576 2915 non
588 2886 733 2926 ineleganti
742 2897 828 2925 neque
839 2885 974 2913 invenusta
984 2883 1070 2913 forma
1078 2884 1142 2912 baiis
1154 2904 1160 2914 ‚
1180 2892 1237 2922 qux
1246 2891 1338 2921 prccter
1345 2881 1486 2920 scalpturas
1497 2892 1560 2921 quas
1570 2880 1684 2909 habebat
1697 2879 1748 2906 iin-

189 2926 258 2965 gulis
270 2928 385 2965 partibus
396 2929 489 2960 varias,
501 2938 549 2966 pro
558 2927 688 2965 superiore
699 2935 762 2955 toro
769 2927 883 2956 habebat
893 2925 1010 2955 adversas
1020 2925 1082 2955 duas
1093 2925 1177 2958 limas,
1188 2923 1215 2952 id
1224 2924 1270 2958 est,
1281 2931 1309 2952 ut
1319 2931 1387 2952 nunc
1399 2923 1546 2961 loquuntur
1558 2943 1564 2956 ,
1579 2922 1654 2962 gulas
1665 2921 1748 2947 redas

192 2967 254 2995 duas
264 2969 396 3007 oppositas
407 2989 415 3001 ,
436 2968 477 2998 sed
489 2968 612 2998 discretas
621 2977 672 2997 una
681 2967 783 3007 regula.
1629 3001 1650 3034 ι]
1659 2998 1732 3026 mem
