2023 3162
566 65 645 90 nr
701 51 1052 90 Pica-vna
1107 49 1318 89 L1B.11.
1693 67 1738 95 21

135 133 202 159 nes
216 149 227 165 ‚
247 120 353 158 suum
365 121 645 158 animimotum
664 120 828 157 maxime
845 130 917 168 prae
932 117 966 156 se
978 118 1111 156 ferent.
1142 119 1200 156 Fit
1211 129 1376 169 namque
1388 127 1519 156 natura
1530 149 1539 164 ‚
1560 133 1634 171 qua
1647 124 1740 161 nihil

134 177 190 214 sui
208 176 383 214 similium
402 178 568 227 rapacius
587 177 742 213 inveniri
759 175 880 224 potest
897 202 908 219 ‚
928 185 968 212 ut
987 175 1201 225 lugentibus
1224 175 1502 225 collugeamus:
1531 179 1739 216 ridentibus

135 233 384 270 arrideamus:
407 233 622 270 dolentibus
646 231 932 268 condoleamus,
961 230 1034 267 Sed
1054 231 1094 269 hi
1110 240 1240 268 motus
1257 233 1393 276 animi,
1413 243 1458 269 ex
1473 234 1640 271 motibus
1654 246 1736 271 eor-

133 289 238 339 poris
250 287 546 338 cognoscuntur.
577 288 681 325 Nam
692 286 860 324 videmus
874 315 884 330 ,
905 297 948 323 ut
967 286 1082 324 tristes
1094 313 1102 327 ‚
1124 286 1230 336 quod
1242 289 1336 324 curis
1346 286 1499 325 adstricti
1511 316 1522 332 ,
1543 287 1580 324 &
1592 292 1736 339 :egritu‘

135 346 222 381 dine
240 343 364 381 defeffi
374 344 442 382 sint
454 374 464 389 ‚
475 346 566 383 totis
576 341 736 381 sensibus
747 354 789 380 ac
800 341 938 380 viribus
949 352 1126 392 torpeant
1137 368 1145 381 ‚
1167 344 1338 392 interque
1349 344 1541 394 pallentia,
1557 346 1595 382 &
1606 346 1736 383 admo-

135 400 227 437 dum
238 401 402 438 labentia
413 401 583 438 membra
594 424 603 441 ‚
623 398 694 436 sese
704 399 794 437 lenti
804 399 1004 436 detineant.
1017 398 1076 437 Est
1087 397 1244 448 quidem
1260 399 1484 437 merentibus
1494 399 1605 451 pressa
1618 400 1737 447 frons,

135 458 263 494 cervix
284 456 454 506 languida
467 481 475 495 ‚
498 456 660 504 denique
679 457 810 492 omnia
831 455 948 493 veluti
968 454 1117 494 defessa,
1142 456 1180 492 ὃς
1200 456 1367 505 neglecta
1386 458 1602 506 procidunt.
1632 459 1736 494 Iratis

134 523 249 551 vero,
275 512 384 562 quod
394 513 512 549 animi
528 513 581 548 ira
601 512 848 548 incendantur
860 537 868 551 ,
891 512 930 548 ὅ(
950 510 1230 548 vultus&oculi
1248 511 1500 549 intumescunt
1512 541 1521 557 ‚
1533 524 1575 550 ac
1588 513 1735 553 rubent,

134 569 475 616 membrorumque
493 568 673 604 omnium
693 578 823 604 motus
837 595 846 611 ,
865 578 936 616 pro
955 566 1082 604 furore
1099 566 1315 607 iracundiae,
1336 569 1376 604 in
1396 566 1532 606 eisdem
1551 567 1736 607 acerrime

134 623 342 672 jactabundi
352 623 444 660 sunt.
478 623 574 660 Laeti
590 632 718 659 autem
731 624 768 659 ὅ(
780 621 909 659 hilares
927 633 1018 660 cum
1034 621 1180 662 sumus,
1201 633 1281 660 tum
1290 622 1431 661 solutos
1443 650 1451 664 ‚
1468 624 1735 674 &quibusdam

133 680 362 717 flexionibus
374 688 502 728 gratos
515 688 643 715 motus
653 677 846 714 habemus.
876 677 1064 715 Laudatur
1073 678 1313 728 Euphranor,
1333 680 1439 728 quod
1456 682 1494 717 in
1515 681 1736 719 Alexandro

131 736 271 773 Paridis
285 737 406 773 vultus
418 734 454 770 δέ
464 734 603 771 faeiem
616 731 782 770 effecerit
794 761 804 776 ‚
824 735 861 768 in
874 743 947 781 qua
957 733 1064 770 illum
1085 736 1123 771 ὃς
1140 734 1311 777 judicem
1322 736 1489 773 Dearum
1506 765 1515 780 ‚
1536 739 1573 774 ὅ(
1587 748 1733 775 amato-

130 804 212 829 rem
225 791 377 828 Helenae
389 819 398 833 ‚
418 791 456 826 ὃς
474 802 547 826 una
566 789 730 827 Achillis
748 787 1029 825 interfestorem
1041 787 1382 838 possisjagnoseere.
1402 791 1462 828 Est
1483 794 1520 829 δ(
1533 793 1731 830 Daemonis

129 848 284 898 piCtoris
297 845 452 885 mirifica
468 845 547 881 laus
559 870 567 884 ,
588 844 697 893 quod
710 844 745 880 iu
756 845 831 890 ejus
843 844 976 881 tabulis
989 842 1362 884 adefi'eiracundum‚
1385 846 1554 892 injustum
1569 872 1576 886 ‚
1599 851 1735 886 incon-

132 904 310 942 stantem,
345 912 491 950 unaque
511 900 549 937 &
571 899 822 938 exorabilem,
856 901 894 936 δε
912 900 1159 939 clementem,
1185 899 1484 940 misericordem,
1507 903 1710 950 gloriosum
1724 934 1735 950 ,

132 959 336 1003 humilem,
358 956 606 1006 ferocemque
623 955 731 993 facile
750 956 940 1004 intelligas,
970 955 1043 992 Sed
1063 956 1160 992 inter
1182 966 1337 993 caeteros
1354 955 1522 995 referunt
1533 959 1734 998 Aristidem

132 1015 375 1058 Thebanum,
387 1013 516 1064 Apelli
534 1013 715 1062 aequalem
726 1022 859 1063 prope,
877 1012 948 1048 hos
959 1012 1075 1048 animi
1087 1021 1219 1049 motus
1235 1012 1450 1062 expreffiffe,
1463 1026 1574 1062 quOS,
1588 1026 1735 1053 certum

130 1071 287 1120 quidem
300 1069 349 1106 est
361 1098 370 1114 ‚
389 1068 425 1106 &
435 1080 508 1106 nos
521 1080 691 1118 quoque,
707 1069 798 1105 dum
811 1069 848 1104 in
858 1078 898 1104 ea
911 1079 948 1105 re
959 1067 1119 1104 studium
1131 1067 1167 1104 ὃς
1177 1067 1407 1117 diligentiam
1421 1098 1431 1113 ‚
1443 1081 1626 1118 quantum
1645 1083 1738 1109 con-

130 1127 253 1171 venit,
275 1124 506 1176 posuerimus
520 1154 529 1168 ,
549 1124 701 1175 pulchre
724 1123 959 1172 assequimur.
990 1123 1130 1160 Pistori
1149 1136 1240 1174 ergo
1259 1125 1427 1175 corporis
1447 1136 1575 1162 motus
1595 1126 1738 1164 notissi-

129 1183 185 1220 mi
203 1181 271 1219 fint
290 1191 456 1232 oportet.
487 1191 587 1230 quos
605 1181 763 1229 quidem
785 1180 905 1216 multa
927 1179 1069 1217 solertia
1092 1178 1112 1216 a
1132 1190 1265 1217 natura
1276 1179 1458 1230 petendos
1470 1180 1611 1218 censeo.
1654 1183 1735 1220 Res

131 1240 234 1275 enim
247 1234 534 1287 perdifficilisest
553 1247 671 1287 prope
685 1265 694 1280 ‚
713 1235 865 1273 infinitis
885 1237 1002 1273 animi
1024 1235 1192 1273 motibus
1205 1262 1213 1276 ‚
1237 1238 1407 1287 corporis
1427 1234 1583 1286 quoque
1606 1249 1734 1276 motus

130 1295 286 1332 variare.
321 1294 424 1330 Tum
438 1294 522 1342 quis
533 1292 608 1329 hoc
622 1321 631 1337 ,
652 1291 718 1329 nisi
728 1294 790 1341 qui
804 1302 974 1341 expertus
985 1291 1027 1328 fit
1040 1318 1048 1330 ‚
1071 1291 1267 1329 crediderit
1279 1318 1288 1332 ,
1312 1291 1425 1342 usque
1444 1293 1540 1330 adeo
1553 1294 1621 1331 effe
1640 1294 1735 1332 diffi-

131 1350 204 1387 cile
216 1375 224 1389 ,
249 1360 338 1386 cum
358 1350 449 1387 velis
466 1348 627 1387 ridentes
649 1350 772 1386 vultus
784 1346 965 1397 effigiare,
984 1349 1097 1385 vitare
1115 1347 1151 1385 id
1164 1378 1174 1394 ‚
1193 1349 1478 1398 neplorabundi
1490 1350 1607 1399 magis
1620 1362 1735 1399 quam

131 1406 272 1443 alacres
293 1403 510 1443 videantur?
541 1405 649 1441 Tum
666 1416 759 1443 vero
780 1403 817 1440 δε
830 1405 911 1453 quis
922 1406 1060 1454 poterit
1079 1404 1155 1441 line
1174 1406 1343 1443 maximo
1357 1404 1476 1442 studio
1494 1407 1531 1443 ὃ(
1544 1406 1733 1454 diligentia

129 1463 258 1499 vultus
271 1462 494 1510 exprimere,
522 1462 559 1498 in
577 1461 715 1510 quibus
735 1460 848 1499 &os‚
873 1462 911 1498 δε
925 1470 1094 1498 mentum
1111 1490 1121 1505 ,
1138 1463 1176 1499 ὃς
1197 1460 1303 1498 oculi
1316 1490 1326 1506 ‚
1345 1463 1381 1499 ὅ(
1401 1473 1525 1512 genae,
1545 1463 1582 1500 ὅ(
1604 1461 1729 1506 frons,

131 1516 171 1554 &
191 1517 380 1567 supercilia
393 1546 403 1562 ,
416 1518 454 1554 in
466 1529 584 1555 unum
595 1517 641 1554 ad
662 1517 808 1554 lustum
826 1527 887 1554 aut
904 1516 950 1554 ad
967 1516 1191 1554 hilaritatem
1213 1518 1462 1555 conveniant?
1482 1519 1634 1556 Idcirco
1652 1518 1735 1556 dili-

129 1571 343 1623 gentissime
363 1586 408 1611 ex
424 1572 496 1624 ipsa
509 1585 636 1611 natura
645 1573 780 1611 cunsta
793 1572 1051 1622 perscrutanda
1060 1572 1140 1610 sunt
1152 1602 1161 1617 ‚
1174 1572 1390 1625 semperque
1400 1576 1637 1624 promptiora
1646 1576 1732 1612 imi-

130 1629 255 1666 tanda.
284 1630 411 1679 anue
422 1628 655 1680 potissimum
667 1629 854 1680 pingenda
870 1628 971 1668 sunt,
994 1641 1074 1679 quae
1094 1630 1174 1681 plus
1186 1629 1341 1670 animis,
1359 1629 1468 1679 quod
1487 1631 1705 1680 excogitent
1717 1659 1726 1675 ‚
1744 1644 1854 1680 Fingen-

130 1686 362 1734 relinquant,
385 1697 500 1735 quam
517 1698 598 1735 quae
619 1687 741 1723 oculis
758 1687 983 1723 intueantur.
1013 1685 1087 1723 Sed
1106 1697 1178 1723 nos
1196 1684 1401 1723 referamus
1418 1687 1604 1724 nonnulla
1616 1713 1624 1726 ,
1636 1699 1731 1736 quae
1744 1684 1778 1711 da
1795 1694 1848 1722 qu*

131 1740 362 1779 demotibus
379 1743 512 1792 partim
530 1741 792 1780 fabricavimus
812 1739 941 1778 nostro
961 1743 1134 1791 ingenio,
1155 1742 1288 1791 partim
1305 1741 1351 1778 ab
1371 1741 1444 1793 ipsa
1460 1752 1588 1780 natura
1606 1723 1803 1780 didici-fim'

130 1807 231 1834 mus.
262 1795 432 1836 Primum
453 1809 541 1835 reor
560 1808 762 1848 oportere,
783 1807 822 1833 ut
840 1799 971 1835 onmia
988 1799 1082 1835 inter
1099 1797 1131 1834 se
1143 1809 1303 1848 corpora
1313 1797 1358 1833 ad
1377 1810 1462 1835 eam
1482 1811 1582 1842 rem,
1597 1798 1643 1835 de
1662 1811 1736 1848 qua

131 1855 273 1902 agitur,
295 1855 551 1891 concinnitate
564 1854 727 1903 quadam
749 1864 987 1891 moveantur.
1018 1856 1121 1891 Tum
1131 1855 1255 1905 placet
1265 1854 1302 1890 in
1314 1853 1463 1891 historia
1474 1853 1591 1891 adesse
1600 1866 1733 1903 quem-

129 1911 254 1958 piam,
276 1910 341 1958 qui
353 1920 480 1946 earum
491 1921 573 1958 quae
585 1920 758 1959 gerantur
768 1921 891 1946 rerum
905 1939 913 1953 ‚
935 1909 1157 1960 spe&atores
1167 1909 1392 1953 admonear,
1412 1920 1473 1946 aut
1491 1921 1602 1946 manu
1617 1910 1663 1947 ad
1682 1911 1734 1948 vi-

129 1963 286 2001 sendum
296 1965 481 2010 advocet,
500 1975 582 2009 aut,
605 1965 708 2014 quasi
728 1965 766 2002 id
776 1967 982 2013 negocium
1001 1966 1185 2002 secretum
1204 1963 1271 2001 effe
1282 1967 1380 2003 velit,
1395 1965 1573 2010 vultu,ne
1584 1978 1632 2002 eo
1645 1977 1735 2015 pro-

131 2018 316 2058 ficiscare,
337 2023 451 2061 truci,
475 2022 770 2058 &torvisoculis
781 2021 996 2058 minitetur:
1016 2030 1078 2058 aut
1090 2021 1298 2071 periculum
1311 2049 1320 2065 ,
1337 2033 1468 2057 remve
1485 2022 1647 2069 aliquam
1658 2022 1732 2057 illic

130 2074 387 2112 admirandam
397 2076 644 2113 demonstret:
667 2088 728 2114 aut
739 2087 780 2113 ut
790 2089 863 2113 una
875 2077 1033 2113 arrideas
1043 2106 1054 2121 ‚
1066 2087 1129 2114 aut
1138 2086 1178 2113 ut
1189 2073 1616 2125 fimutdeplores‚1htstc
1628 2076 1732 2124 gesti-

132 2131 202 2168 bus
220 2131 368 2167 invitet:
382 2130 556 2179 denique,
569 2133 607 2169 ὃς
617 2144 697 2179 quae
709 2133 760 2168 illi
773 2143 862 2168 curn
872 2131 1120 2180 spenantibus
1131 2159 1142 2175 ‚
1162 2131 1198 2167 &
1209 2143 1289 2179 quae
1300 2132 1393 2168 inter
1403 2131 1423 2167 s
1417 2144 1436 2168 e
1447 2132 1533 2180 pisti
1545 2143 1733 2180 exequen-

131 2198 194 2225 tur
204 2215 213 2231 ‚
230 2186 383 2224 omnia,
396 2185 440 2223 ad
457 2186 639 2234 agendam
650 2186 686 2223 δε
697 2186 912 2223 docendam
921 2186 1112 2222 historiam
1124 2215 1134 2230 ‚
1147 2197 1351 2235 congruant
1362 2185 1505 2224 necess'e
1515 2187 1575 2223 est.
1588 2187 1733 2225 Lauda-

132 2254 192 2281 tur
211 2241 438 2279 Thimantes
456 2242 616 2291 Cyprius
635 2243 673 2277 in
691 2253 733 2277 ea
751 2241 874 2278 tabula
893 2266 901 2280 ‚
922 2253 996 2290 qua
1015 2242 1280 2279 Colloteicum
1298 2243 1406 2278 vicit:
1440 2242 1562 2292 Qod
1581 2255 1673 2280 eum
1691 2244 1732 2280 in

132 2299 335 2349 Iphigenia:
355 2298 621 2335 immolatione
641 2296 779 2334 tristem
792 2297 1018 2336 Chalcanta‚
1035 2297 1234 2334 tristiorem
1252 2296 1391 2336 feciss'et
1407 2297 1594 2348 Ulyffem:
1617 2300 1731 2348 inque

133 2355 315 2394 Menelao
326 2380 335 2394 ‚
350 2365 519 2391 moerore
530 2350 665 2390 affefito
679 2379 686 2393 ,
699 2365 856 2390 omnem
866 2363 981 2390 artem
995 2352 1234 2402 &ingenium
1248 2352 1485 2404 exposuiss'et:
1502 2354 1733 2404 consumptis

135 2409 328 2448 affeffibus
339 2421 419 2447 non
429 2411 614 2460 reperiens
625 2433 636 2450 ‚
657 2421 736 2458 quo
750 2409 860 2458 digne
873 2409 993 2446 modo
1003 2408 1308 2459 tristiffimipatris
1325 2411 1448 2448 vultus
1460 2410 1626 2448 referret,
1642 2423 1732 2460 pan-

136 2468 193 2504 nis
210 2467 367 2503 involvit
377 2467 451 2513 ejus
463 2475 593 2516 caput:
615 2475 654 2503 ut
669 2466 804 2514 cuique
817 2466 897 2515 plus
910 2466 1131 2514 relinqueret
1147 2464 1255 2515 quod
1274 2465 1320 2504 de
1338 2467 1436 2503 illius
1450 2466 1582 2504 dolore
1600 2468 1730 2504 animo

136 2522 403 2565 meditaretur,
423 2533 540 2571 quam
559 2520 665 2570 quod
682 2521 801 2572 posset
819 2520 896 2559 visu
916 2520 1127 2558 discernere.
1163 2520 1400 2560 Laudatur&
1413 2524 1513 2559 navis
1531 2522 1628 2573 apud
1646 2523 1732 2558 Ro-

135 2590 262 2624 mam,
289 2579 379 2615 eain
390 2589 462 2627 qua
473 2577 595 2614 noster
606 2575 778 2614 Etruscus
788 2578 907 2628 pistor
918 2577 1092 2623 Giottus‚
1111 2577 1288 2615 undecim
1310 2588 1411 2615 metu
1431 2581 1468 2615 δε
1489 2578 1635 2631 stupore
1654 2590 1734 2628 per-

137 2633 259 2673 culsos
273 2663 283 2678 ,
304 2634 356 2671 ob
372 2634 516 2671 socium
529 2663 538 2678 ‚
557 2645 674 2683 quem
684 2633 786 2683 supra
798 2633 914 2670 undas
928 2644 1120 2672 meantem
1130 2633 1306 2672 videbant
1317 2660 1325 2674 ‚
1347 2632 1517 2684 expressit
1529 2663 1538 2679 ‚
1555 2636 1606 2671 ita
1615 2646 1686 2684 pro
1698 2632 1732 2670 se

137 2702 329 2740 quemque
339 2689 448 2727 suum
466 2690 602 2728 turbati
621 2691 735 2726 animi
754 2689 934 2727 indicium
953 2691 1057 2727 vultu
1075 2692 1112 2727 ὅ(
1124 2700 1212 2727 toro
1226 2701 1387 2739 corpore
1406 2690 1659 2741 praeferentem
1671 2717 1679 2731 ‚
1692 2699 1733 2727 ut

138 2748 177 2784 in
201 2746 348 2797 lingulis
376 2745 509 2796 singuli
529 2743 771 2783 affectionum
789 2756 918 2783 motus
935 2756 1147 2796 appareant.
1189 2745 1263 2783 Sed
1282 2746 1393 2783 decet
1412 2747 1512 2783 hunc
1530 2756 1654 2784 totum
1673 2747 1733 2783 lo-

140 2815 230 2840 cum
250 2803 297 2841 de
322 2803 488 2852 motibus
505 2800 715 2839 breviflime
735 2801 955 2851 transigere.
985 2802 1079 2839 Sunt
1097 2814 1262 2851 namque
1281 2812 1411 2839 motus
1429 2803 1489 2840 alii
1506 2804 1839 2845 animorum‚Motm.

140 2871 242 2906 quos
253 2858 357 2897 dosti
367 2857 581 2897 affee‘tiones
591 2868 829 2908 nuncupant,
844 2868 883 2895 ut
899 2859 950 2895 ira
963 2887 973 2902 ‚
991 2857 1104 2894 dolor
1115 2887 1124 2902 ‚
1135 2858 1313 2907 gaudium
1326 2883 1333 2897 ‚
1345 2859 1478 2899 timor,
1493 2858 1710 2896 desiderium
1722 2885 1733 2900 ‚

142 2914 397 2963 &eiusmodh
415 2914 494 2953 sunt
511 2916 550 2953 ὅς
569 2915 629 2953 alii
649 2926 869 2967 corporum.
899 2914 1000 2952 Nam
1019 2913 1193 2952 dicuntur
1215 2915 1360 2954 moveri
1382 2927 1541 2966 corpora
1551 2913 1734 2966 plerisque

1049 2983 1065 3006 ί
1095 2984 1117 3013 5
1594 2968 1733 3015 modis,
