<?xml version="1.0" encoding="UTF-8"?>
<!DOCTYPE html PUBLIC "-//W3C//DTD XHTML 1.0 Transitional//EN"
    "http://www.w3.org/TR/xhtml1/DTD/xhtml1-transitional.dtd">
<html xmlns="http://www.w3.org/1999/xhtml" xml:lang="en" lang="en">
 <head>
  <title>
</title>
<meta http-equiv="Content-Type" content="text/html;charset=utf-8" />
  <meta name='ocr-system' content='tesseract 3.04.00' />
  <meta name='ocr-capabilities' content='ocr_page ocr_carea ocr_par ocr_line ocrx_word'/>
</head>
<body>
  <div class='ocr_page' id='page_1' title='image "./vitruviipollioni00vitr_0176.png"; bbox 0 0 2023 3162; ppageno 0'>
   <div class='ocr_carea' id='block_1_1' title="bbox 255 66 1475 114">
    <p class='ocr_par' dir='ltr' id='par_1_1' title="bbox 255 66 1475 114">
     <span class='ocr_line' id='line_1_1' title="bbox 255 66 1475 114; baseline -0.006 -3"><span class='ocrx_word' id='word_1_1' title='bbox 255 83 325 114; x_wconf 71' lang='lat'>123</span> <span class='ocrx_word' id='word_1_2' title='bbox 634 66 1475 109; x_wconf 71' lang='lat' dir='ltr'>M.V1‘rRtJ-v11Porr.1oNrs</span> 
     </span>
    </p>
   </div>
   <div class='ocr_carea' id='block_1_2' title="bbox 246 135 1851 1736">
    <p class='ocr_par' dir='ltr' id='par_1_2' title="bbox 246 135 1851 1695">
     <span class='ocr_line' id='line_1_2' title="bbox 246 135 1839 192; baseline -0.001 -12"><span class='ocrx_word' id='word_1_3' title='bbox 246 154 375 181; x_wconf 85' lang='lat' dir='ltr'>torum</span> <span class='ocrx_word' id='word_1_4' title='bbox 395 138 622 192; x_wconf 80' lang='lat' dir='ltr'>compositio</span> <span class='ocrx_word' id='word_1_5' title='bbox 642 139 791 189; x_wconf 81' lang='lat' dir='ltr'>planam</span> <span class='ocrx_word' id='word_1_6' title='bbox 802 137 1038 174; x_wconf 85' lang='lat' dir='ltr'>habeatinter</span> <span class='ocrx_word' id='word_1_7' title='bbox 1047 135 1082 173; x_wconf 92' lang='lat' dir='ltr'>se</span> <span class='ocrx_word' id='word_1_8' title='bbox 1093 135 1350 173; x_wconf 65' lang='lat' dir='ltr'>directionem.</span> <span class='ocrx_word' id='word_1_9' title='bbox 1383 135 1420 172; x_wconf 90' lang='lat' dir='ltr'>Si</span> <span class='ocrx_word' id='word_1_10' title='bbox 1432 135 1565 175; x_wconf 73' lang='lat' dir='ltr'>tess&#39;eris</span> <span class='ocrx_word' id='word_1_11' title='bbox 1575 136 1748 178; x_wconf 71' lang='lat' dir='ltr'>stru&#39;Ctum</span> <span class='ocrx_word' id='word_1_12' title='bbox 1761 142 1839 181; x_wconf 79' lang='lat' dir='ltr'>erit,</span> 
     </span>
     <span class='ocr_line' id='line_1_3' title="bbox 249 190 1843 244; baseline -0.001 -8"><span class='ocrx_word' id='word_1_13' title='bbox 249 210 291 236; x_wconf 85' lang='lat' dir='ltr'>ut</span> <span class='ocrx_word' id='word_1_14' title='bbox 312 209 361 235; x_wconf 87' lang='lat' dir='ltr'>eae</span> <span class='ocrx_word' id='word_1_15' title='bbox 382 208 517 234; x_wconf 89' lang='lat' dir='ltr'>omues</span> <span class='ocrx_word' id='word_1_16' title='bbox 535 196 692 244; x_wconf 85' lang='lat' dir='ltr'>angulos</span> <span class='ocrx_word' id='word_1_17' title='bbox 705 192 866 230; x_wconf 87' lang='lat' dir='ltr'>habeant</span> <span class='ocrx_word' id='word_1_18' title='bbox 875 193 1054 241; x_wconf 84' lang='lat' dir='ltr'>aequales‚</span> <span class='ocrx_word' id='word_1_19' title='bbox 1080 191 1288 240; x_wconf 89' lang='lat' dir='ltr'>nullibique</span> <span class='ocrx_word' id='word_1_20' title='bbox 1307 191 1328 227; x_wconf 80' lang='lat' dir='ltr'>a</span> <span class='ocrx_word' id='word_1_21' title='bbox 1347 190 1519 229; x_wconf 84' lang='lat' dir='ltr'>fricatura</span> <span class='ocrx_word' id='word_1_22' title='bbox 1536 204 1715 233; x_wconf 82' lang='lat' dir='ltr'>extantes.</span> <span class='ocrx_word' id='word_1_23' title='bbox 1738 197 1843 235; x_wconf 81' lang='lat' dir='ltr'>Cum</span> 
     </span>
     <span class='ocr_line' id='line_1_4' title="bbox 249 248 1840 302; baseline 0 -11"><span class='ocrx_word' id='word_1_24' title='bbox 249 256 353 291; x_wconf 86' lang='lat' dir='ltr'>enim</span> <span class='ocrx_word' id='word_1_25' title='bbox 373 254 496 302; x_wconf 86' lang='lat' dir='ltr'>anguli</span> <span class='ocrx_word' id='word_1_26' title='bbox 514 262 593 288; x_wconf 87' lang='lat' dir='ltr'>uon</span> <span class='ocrx_word' id='word_1_27' title='bbox 610 249 748 286; x_wconf 86' lang='lat' dir='ltr'>fuerint</span> <span class='ocrx_word' id='word_1_28' title='bbox 764 259 901 284; x_wconf 90' lang='lat' dir='ltr'>omnes</span> <span class='ocrx_word' id='word_1_29' title='bbox 911 249 1096 297; x_wconf 83' lang='lat' dir='ltr'>aequaliter</span> <span class='ocrx_word' id='word_1_30' title='bbox 1112 248 1232 297; x_wconf 87' lang='lat' dir='ltr'>plani,</span> <span class='ocrx_word' id='word_1_31' title='bbox 1254 258 1334 283; x_wconf 92' lang='lat' dir='ltr'>non</span> <span class='ocrx_word' id='word_1_32' title='bbox 1357 248 1424 284; x_wconf 87' lang='lat' dir='ltr'>erit</span> <span class='ocrx_word' id='word_1_33' title='bbox 1443 249 1588 292; x_wconf 60' lang='lat' dir='ltr'>exacta,</span> <span class='ocrx_word' id='word_1_34' title='bbox 1608 260 1648 288; x_wconf 88' lang='lat' dir='ltr'>ut</span> <span class='ocrx_word' id='word_1_35' title='bbox 1668 262 1840 301; x_wconf 76' lang='lat' dir='ltr'>oportet,</span> 
     </span>
     <span class='ocr_line' id='line_1_5' title="bbox 250 302 1843 353; baseline -0.001 -6"><span class='ocrx_word' id='word_1_36' title='bbox 250 310 437 346; x_wconf 86' lang='lat' dir='ltr'>fricatura.</span> <span class='ocrx_word' id='word_1_37' title='bbox 468 308 565 343; x_wconf 86' lang='lat' dir='ltr'>Item</span> <span class='ocrx_word' id='word_1_38' title='bbox 583 304 735 341; x_wconf 83' lang='lat' dir='ltr'>testacea</span> <span class='ocrx_word' id='word_1_39' title='bbox 744 303 764 339; x_wconf 89' lang='lat' dir='ltr'>s</span> <span class='ocrx_word' id='word_1_40' title='bbox 759 305 880 353; x_wconf 87' lang='lat' dir='ltr'>picata</span> <span class='ocrx_word' id='word_1_41' title='bbox 890 303 1090 341; x_wconf 85' lang='lat' dir='ltr'>Tiburtina</span> <span class='ocrx_word' id='word_1_42' title='bbox 1103 303 1184 351; x_wconf 76' lang='lat' dir='ltr'>sunt</span> <span class='ocrx_word' id='word_1_43' title='bbox 1203 302 1398 351; x_wconf 86' lang='lat' dir='ltr'>diligenter</span> <span class='ocrx_word' id='word_1_44' title='bbox 1413 305 1610 353; x_wconf 86' lang='lat' dir='ltr'>exigenda,</span> <span class='ocrx_word' id='word_1_45' title='bbox 1628 316 1668 342; x_wconf 91' lang='lat' dir='ltr'>ut</span> <span class='ocrx_word' id='word_1_46' title='bbox 1687 319 1765 344; x_wconf 90' lang='lat' dir='ltr'>non</span> <span class='ocrx_word' id='word_1_47' title='bbox 1780 308 1843 345; x_wconf 89' lang='lat' dir='ltr'>ha-</span> 
     </span>
     <span class='ocr_line' id='line_1_6' title="bbox 252 357 1844 412; baseline -0.001 -9"><span class='ocrx_word' id='word_1_48' title='bbox 252 366 360 402; x_wconf 80' lang='lat' dir='ltr'>beant</span> <span class='ocrx_word' id='word_1_49' title='bbox 378 364 525 401; x_wconf 83' lang='lat' dir='ltr'>lacunas</span> <span class='ocrx_word' id='word_1_50' title='bbox 539 391 548 405; x_wconf 90' lang='lat'>,</span> <span class='ocrx_word' id='word_1_51' title='bbox 570 371 643 397; x_wconf 88' lang='lat' dir='ltr'>nec</span> <span class='ocrx_word' id='word_1_52' title='bbox 663 368 830 396; x_wconf 84' lang='lat' dir='ltr'>extantes</span> <span class='ocrx_word' id='word_1_53' title='bbox 846 360 1036 398; x_wconf 84' lang='lat' dir='ltr'>tumulos,</span> <span class='ocrx_word' id='word_1_54' title='bbox 1061 357 1121 396; x_wconf 92' lang='lat' dir='ltr'>sed</span> <span class='ocrx_word' id='word_1_55' title='bbox 1139 357 1207 395; x_wconf 80' lang='lat' dir='ltr'>sint</span> <span class='ocrx_word' id='word_1_56' title='bbox 1219 368 1386 398; x_wconf 85' lang='lat' dir='ltr'>extenta,</span> <span class='ocrx_word' id='word_1_57' title='bbox 1410 361 1447 396; x_wconf 83' lang='lat'>&amp;</span> <span class='ocrx_word' id='word_1_58' title='bbox 1468 359 1513 395; x_wconf 89' lang='lat' dir='ltr'>ad</span> <span class='ocrx_word' id='word_1_59' title='bbox 1532 360 1696 410; x_wconf 88' lang='lat' dir='ltr'>regulam</span> <span class='ocrx_word' id='word_1_60' title='bbox 1717 364 1844 412; x_wconf 85' lang='lat' dir='ltr'>perfri-</span> 
     </span>
     <span class='ocr_line' id='line_1_7' title="bbox 252 414 1844 468; baseline -0.001 -10"><span class='ocrx_word' id='word_1_61' title='bbox 252 432 344 458; x_wconf 79' lang='lat' dir='ltr'>cata.</span> <span class='ocrx_word' id='word_1_62' title='bbox 375 421 493 468; x_wconf 84' lang='lat' dir='ltr'>Super</span> <span class='ocrx_word' id='word_1_63' title='bbox 510 416 724 453; x_wconf 86' lang='lat' dir='ltr'>fricatutam</span> <span class='ocrx_word' id='word_1_64' title='bbox 744 415 1056 464; x_wconf 81' lang='lat' dir='ltr'>(levigationibus</span> <span class='ocrx_word' id='word_1_65' title='bbox 1076 415 1113 451; x_wconf 72' lang='grc' dir='ltr'>ὅ(</span> <span class='ocrx_word' id='word_1_66' title='bbox 1134 414 1303 464; x_wconf 87' lang='lat' dir='ltr'>polituris</span> <span class='ocrx_word' id='word_1_67' title='bbox 1326 426 1417 451; x_wconf 88' lang='lat' dir='ltr'>cum</span> <span class='ocrx_word' id='word_1_68' title='bbox 1436 414 1571 452; x_wconf 88' lang='lat' dir='ltr'>fuerint</span> <span class='ocrx_word' id='word_1_69' title='bbox 1582 415 1766 467; x_wconf 66' lang='lat' dir='ltr'>perfcth)</span> <span class='ocrx_word' id='word_1_70' title='bbox 1787 421 1844 456; x_wconf 91' lang='lat' dir='ltr'>in-</span> 
     </span>
     <span class='ocr_line' id='line_1_8' title="bbox 252 469 1842 526; baseline -0.003 -12"><span class='ocrx_word' id='word_1_71' title='bbox 252 486 423 514; x_wconf 83' lang='lat' dir='ltr'>cernatur</span> <span class='ocrx_word' id='word_1_72' title='bbox 436 483 620 511; x_wconf 82' lang='lat' dir='ltr'>marmor,</span> <span class='ocrx_word' id='word_1_73' title='bbox 642 470 680 507; x_wconf 84' lang='lat'>&amp;</span> <span class='ocrx_word' id='word_1_74' title='bbox 699 469 804 520; x_wconf 88' lang='lat' dir='ltr'>supra</span> <span class='ocrx_word' id='word_1_75' title='bbox 827 473 904 517; x_wconf 93' lang='lat' dir='ltr'>[r]</span> <span class='ocrx_word' id='word_1_76' title='bbox 925 472 1050 508; x_wconf 83' lang='lat' dir='ltr'>loricae</span> <span class='ocrx_word' id='word_1_77' title='bbox 1070 481 1113 506; x_wconf 86' lang='lat' dir='ltr'>cx</span> <span class='ocrx_word' id='word_1_78' title='bbox 1132 470 1236 507; x_wconf 89' lang='lat' dir='ltr'>calce</span> <span class='ocrx_word' id='word_1_79' title='bbox 1249 471 1285 506; x_wconf 70' lang='grc' dir='ltr'>ὃ(</span> <span class='ocrx_word' id='word_1_80' title='bbox 1298 470 1647 509; x_wconf 85' lang='lat' dir='ltr'>arenaiuducantur.</span> <span class='ocrx_word' id='word_1_81' title='bbox 1677 473 1752 510; x_wconf 87' lang='lat' dir='ltr'>Sub</span> <span class='ocrx_word' id='word_1_82' title='bbox 1773 470 1842 526; x_wconf 82' lang='lat' dir='ltr'>[f]</span> 
     </span>
     <span class='ocr_line' id='line_1_9' title="bbox 253 525 1845 576; baseline -0.001 -8"><span class='ocrx_word' id='word_1_83' title='bbox 253 533 318 569; x_wconf 87' lang='lat' dir='ltr'>dio</span> <span class='ocrx_word' id='word_1_84' title='bbox 337 542 427 567; x_wconf 78' lang='lat' dir='ltr'>vcro</span> <span class='ocrx_word' id='word_1_85' title='bbox 449 529 613 564; x_wconf 86' lang='lat' dir='ltr'>maxime</span> <span class='ocrx_word' id='word_1_86' title='bbox 630 526 767 563; x_wconf 88' lang='lat' dir='ltr'>idonea</span> <span class='ocrx_word' id='word_1_87' title='bbox 785 525 958 563; x_wconf 88' lang='lat' dir='ltr'>faciunda</span> <span class='ocrx_word' id='word_1_88' title='bbox 977 526 1060 563; x_wconf 86' lang='lat' dir='ltr'>sunt</span> <span class='ocrx_word' id='word_1_89' title='bbox 1078 526 1291 575; x_wconf 80' lang='lat' dir='ltr'>pavimenta</span> <span class='ocrx_word' id='word_1_90' title='bbox 1303 554 1313 569; x_wconf 96' lang='lat'>,</span> <span class='ocrx_word' id='word_1_91' title='bbox 1331 526 1437 575; x_wconf 86' lang='lat' dir='ltr'>quod</span> <span class='ocrx_word' id='word_1_92' title='bbox 1457 529 1758 576; x_wconf 78' lang='lat' dir='ltr'>contignationes</span> <span class='ocrx_word' id='word_1_93' title='bbox 1776 530 1845 568; x_wconf 86' lang='lat' dir='ltr'>hu-</span> 
     </span>
     <span class='ocr_line' id='line_1_10' title="bbox 252 580 1843 632; baseline -0.002 -7"><span class='ocrx_word' id='word_1_94' title='bbox 252 598 361 625; x_wconf 86' lang='lat' dir='ltr'>more</span> <span class='ocrx_word' id='word_1_95' title='bbox 381 582 604 628; x_wconf 78' lang='lat' dir='ltr'>crescentes,</span> <span class='ocrx_word' id='word_1_96' title='bbox 622 592 684 620; x_wconf 87' lang='lat' dir='ltr'>aut</span> <span class='ocrx_word' id='word_1_97' title='bbox 705 581 864 620; x_wconf 84' lang='lat' dir='ltr'>siccitate</span> <span class='ocrx_word' id='word_1_98' title='bbox 883 581 1160 625; x_wconf 85' lang='lat' dir='ltr'>decrescentes,</span> <span class='ocrx_word' id='word_1_99' title='bbox 1178 580 1237 618; x_wconf 86' lang='lat' dir='ltr'>seu</span> <span class='ocrx_word' id='word_1_100' title='bbox 1250 582 1535 632; x_wconf 80' lang='lat' dir='ltr'>pandationibus</span> <span class='ocrx_word' id='word_1_101' title='bbox 1560 583 1737 629; x_wconf 82' lang='lat' dir='ltr'>sidentes,</span> <span class='ocrx_word' id='word_1_102' title='bbox 1756 597 1843 622; x_wconf 89' lang='lat' dir='ltr'>mo-</span> 
     </span>
     <span class='ocr_line' id='line_1_11' title="bbox 252 637 1844 690; baseline 0 -12"><span class='ocrx_word' id='word_1_103' title='bbox 252 640 377 681; x_wconf 78' lang='lat' dir='ltr'>vendo</span> <span class='ocrx_word' id='word_1_104' title='bbox 397 639 431 677; x_wconf 87' lang='lat' dir='ltr'>se</span> <span class='ocrx_word' id='word_1_105' title='bbox 444 665 452 679; x_wconf 87' lang='lat'>,</span> <span class='ocrx_word' id='word_1_106' title='bbox 472 638 614 676; x_wconf 86' lang='lat' dir='ltr'>faciunt</span> <span class='ocrx_word' id='word_1_107' title='bbox 631 638 718 675; x_wconf 84' lang='lat' dir='ltr'>vitia</span> <span class='ocrx_word' id='word_1_108' title='bbox 737 639 967 688; x_wconf 90' lang='lat' dir='ltr'>pavimentis.</span> <span class='ocrx_word' id='word_1_109' title='bbox 1005 637 1182 675; x_wconf 81' lang='lat' dir='ltr'>Praetetea</span> <span class='ocrx_word' id='word_1_110' title='bbox 1199 637 1370 686; x_wconf 86' lang='lat' dir='ltr'>gelicidia</span> <span class='ocrx_word' id='word_1_111' title='bbox 1389 640 1427 675; x_wconf 70' lang='grc' dir='ltr'>ὃς</span> <span class='ocrx_word' id='word_1_112' title='bbox 1449 640 1584 689; x_wconf 83' lang='lat' dir='ltr'>pruinae</span> <span class='ocrx_word' id='word_1_113' title='bbox 1601 651 1680 676; x_wconf 90' lang='lat' dir='ltr'>non</span> <span class='ocrx_word' id='word_1_114' title='bbox 1700 642 1844 690; x_wconf 88' lang='lat' dir='ltr'>patiun-</span> 
     </span>
     <span class='ocr_line' id='line_1_12' title="bbox 251 692 1842 745; baseline -0.001 -10"><span class='ocrx_word' id='word_1_115' title='bbox 251 709 308 735; x_wconf 87' lang='lat' dir='ltr'>tur</span> <span class='ocrx_word' id='word_1_116' title='bbox 327 709 370 733; x_wconf 87' lang='lat' dir='ltr'>ea</span> <span class='ocrx_word' id='word_1_117' title='bbox 387 697 529 745; x_wconf 86' lang='lat' dir='ltr'>integra</span> <span class='ocrx_word' id='word_1_118' title='bbox 540 705 764 745; x_wconf 89' lang='lat' dir='ltr'>permanere.</span> <span class='ocrx_word' id='word_1_119' title='bbox 796 695 923 743; x_wconf 89' lang='lat' dir='ltr'>Itaque</span> <span class='ocrx_word' id='word_1_120' title='bbox 932 694 958 730; x_wconf 84' lang='lat' dir='ltr'>si</span> <span class='ocrx_word' id='word_1_121' title='bbox 968 692 1160 731; x_wconf 77' lang='lat' dir='ltr'>necessitas</span> <span class='ocrx_word' id='word_1_122' title='bbox 1171 705 1219 730; x_wconf 92' lang='lat' dir='ltr'>co</span> <span class='ocrx_word' id='word_1_123' title='bbox 1226 694 1244 728; x_wconf 72' lang='grc' dir='ltr'><strong>ἓ</strong></span> <span class='ocrx_word' id='word_1_124' title='bbox 1249 693 1342 740; x_wconf 88' lang='lat' dir='ltr'>gerit</span> <span class='ocrx_word' id='word_1_125' title='bbox 1352 722 1363 738; x_wconf 98' lang='lat'>,</span> <span class='ocrx_word' id='word_1_126' title='bbox 1377 703 1416 731; x_wconf 89' lang='lat' dir='ltr'>ut</span> <span class='ocrx_word' id='word_1_127' title='bbox 1428 696 1580 731; x_wconf 89' lang='lat' dir='ltr'>minime</span> <span class='ocrx_word' id='word_1_128' title='bbox 1598 696 1726 732; x_wconf 88' lang='lat' dir='ltr'>vitiosa</span> <span class='ocrx_word' id='word_1_129' title='bbox 1738 695 1842 741; x_wconf 82' lang='lat' dir='ltr'>fiant,</span> 
     </span>
     <span class='ocr_line' id='line_1_13' title="bbox 251 748 1845 798; baseline -0.001 -8"><span class='ocrx_word' id='word_1_130' title='bbox 251 752 300 790; x_wconf 85' lang='lat' dir='ltr'>sic</span> <span class='ocrx_word' id='word_1_131' title='bbox 319 754 386 790; x_wconf 90' lang='lat' dir='ltr'>erit</span> <span class='ocrx_word' id='word_1_132' title='bbox 404 751 630 788; x_wconf 82' lang='lat' dir='ltr'>faciundum.</span> <span class='ocrx_word' id='word_1_133' title='bbox 654 750 757 787; x_wconf 86' lang='lat' dir='ltr'>Cum</span> <span class='ocrx_word' id='word_1_134' title='bbox 770 750 970 788; x_wconf 82' lang='lat' dir='ltr'>coaffatum</span> <span class='ocrx_word' id='word_1_135' title='bbox 986 749 1096 787; x_wconf 88' lang='lat' dir='ltr'>fucrit</span> <span class='ocrx_word' id='word_1_136' title='bbox 1107 779 1117 793; x_wconf 88' lang='lat'><em>‚</em></span> <span class='ocrx_word' id='word_1_137' title='bbox 1130 748 1234 798; x_wconf 89' lang='lat' dir='ltr'>super</span> <span class='ocrx_word' id='word_1_138' title='bbox 1244 748 1352 786; x_wconf 86' lang='lat' dir='ltr'>altera</span> <span class='ocrx_word' id='word_1_139' title='bbox 1365 749 1542 787; x_wconf 78' lang='lat' dir='ltr'>coass&#39;atio</span> <span class='ocrx_word' id='word_1_140' title='bbox 1555 750 1749 789; x_wconf 84' lang='lat' dir='ltr'>transversa</span> <span class='ocrx_word' id='word_1_141' title='bbox 1762 751 1845 789; x_wconf 89' lang='lat' dir='ltr'>stet-</span> 
     </span>
     <span class='ocr_line' id='line_1_14' title="bbox 251 804 1847 857; baseline -0.001 -11"><span class='ocrx_word' id='word_1_142' title='bbox 251 819 355 846; x_wconf 85' lang='lat' dir='ltr'>natur</span> <span class='ocrx_word' id='word_1_143' title='bbox 375 833 384 848; x_wconf 86' lang='lat'>‚</span> <span class='ocrx_word' id='word_1_144' title='bbox 415 806 600 856; x_wconf 86' lang='lat' dir='ltr'>clavisque</span> <span class='ocrx_word' id='word_1_145' title='bbox 621 805 694 842; x_wconf 84' lang='lat' dir='ltr'>fixa</span> <span class='ocrx_word' id='word_1_146' title='bbox 712 805 902 855; x_wconf 86' lang='lat' dir='ltr'>duplicem</span> <span class='ocrx_word' id='word_1_147' title='bbox 923 804 1079 857; x_wconf 85' lang='lat' dir='ltr'>ptaebeat</span> <span class='ocrx_word' id='word_1_148' title='bbox 1097 805 1373 853; x_wconf 81' lang='lat' dir='ltr'>contignationi</span> <span class='ocrx_word' id='word_1_149' title='bbox 1392 805 1677 844; x_wconf 87' lang='lat' dir='ltr'>loricationem:</span> <span class='ocrx_word' id='word_1_150' title='bbox 1711 807 1847 845; x_wconf 85' lang='lat' dir='ltr'>deinde</span> 
     </span>
     <span class='ocr_line' id='line_1_15' title="bbox 252 857 1846 913; baseline -0.001 -11"><span class='ocrx_word' id='word_1_151' title='bbox 252 864 373 902; x_wconf 88' lang='lat' dir='ltr'>ruderi</span> <span class='ocrx_word' id='word_1_152' title='bbox 384 874 489 900; x_wconf 89' lang='lat' dir='ltr'>novo</span> <span class='ocrx_word' id='word_1_153' title='bbox 501 864 606 899; x_wconf 89' lang='lat' dir='ltr'>tertia</span> <span class='ocrx_word' id='word_1_154' title='bbox 624 873 705 912; x_wconf 87' lang='lat' dir='ltr'>pars</span> <span class='ocrx_word' id='word_1_155' title='bbox 717 861 812 898; x_wconf 81' lang='lat' dir='ltr'>testae</span> <span class='ocrx_word' id='word_1_156' title='bbox 832 861 915 899; x_wconf 79' lang='lat' dir='ltr'>tusae</span> <span class='ocrx_word' id='word_1_157' title='bbox 927 861 1188 901; x_wconf 83' lang='lat' dir='ltr'>admisceatur,</span> <span class='ocrx_word' id='word_1_158' title='bbox 1204 857 1252 911; x_wconf 85' lang='lat' dir='ltr'>[t]</span> <span class='ocrx_word' id='word_1_159' title='bbox 1267 860 1448 910; x_wconf 83' lang='lat' dir='ltr'>calcisque</span> <span class='ocrx_word' id='word_1_160' title='bbox 1460 861 1541 899; x_wconf 85' lang='lat' dir='ltr'>duae</span> <span class='ocrx_word' id='word_1_161' title='bbox 1551 872 1670 912; x_wconf 88' lang='lat' dir='ltr'>partes</span> <span class='ocrx_word' id='word_1_162' title='bbox 1683 863 1727 900; x_wconf 90' lang='lat' dir='ltr'>ad</span> <span class='ocrx_word' id='word_1_163' title='bbox 1737 864 1846 913; x_wconf 89' lang='lat' dir='ltr'>quin-</span> 
     </span>
     <span class='ocr_line' id='line_1_16' title="bbox 253 915 1848 970; baseline -0.001 -13"><span class='ocrx_word' id='word_1_164' title='bbox 253 932 328 970; x_wconf 88' lang='lat' dir='ltr'>que</span> <span class='ocrx_word' id='word_1_165' title='bbox 346 919 515 956; x_wconf 89' lang='lat' dir='ltr'>mortarii</span> <span class='ocrx_word' id='word_1_166' title='bbox 535 917 779 955; x_wconf 84' lang='lat' dir='ltr'>mixtionibus</span> <span class='ocrx_word' id='word_1_167' title='bbox 791 917 956 967; x_wconf 80' lang='lat' dir='ltr'>praesteut</span> <span class='ocrx_word' id='word_1_168' title='bbox 965 915 1189 967; x_wconf 83' lang='lat' dir='ltr'>responsum.</span> <span class='ocrx_word' id='word_1_169' title='bbox 1219 915 1528 954; x_wconf 89' lang='lat' dir='ltr'>Statuminatione</span> <span class='ocrx_word' id='word_1_170' title='bbox 1540 917 1651 958; x_wconf 72' lang='lat' dir='ltr'>faCta,</span> <span class='ocrx_word' id='word_1_171' title='bbox 1668 918 1778 956; x_wconf 91' lang='lat' dir='ltr'>rudus</span> <span class='ocrx_word' id='word_1_172' title='bbox 1791 920 1848 955; x_wconf 88' lang='lat' dir='ltr'>in-</span> 
     </span>
     <span class='ocr_line' id='line_1_17' title="bbox 253 970 1848 1023; baseline -0.002 -10"><span class='ocrx_word' id='word_1_173' title='bbox 253 977 429 1018; x_wconf 87' lang='lat' dir='ltr'>ducatur,</span> <span class='ocrx_word' id='word_1_174' title='bbox 451 975 562 1023; x_wconf 82' lang='lat' dir='ltr'>idque</span> <span class='ocrx_word' id='word_1_175' title='bbox 582 973 725 1023; x_wconf 83' lang='lat' dir='ltr'>pinsum</span> <span class='ocrx_word' id='word_1_176' title='bbox 743 971 955 1010; x_wconf 83' lang='lat' dir='ltr'>absolutum</span> <span class='ocrx_word' id='word_1_177' title='bbox 974 984 1020 1009; x_wconf 89' lang='lat' dir='ltr'>ne</span> <span class='ocrx_word' id='word_1_178' title='bbox 1032 974 1154 1009; x_wconf 84' lang='lat' dir='ltr'>minus</span> <span class='ocrx_word' id='word_1_179' title='bbox 1165 971 1257 1023; x_wconf 86' lang='lat' dir='ltr'>pede</span> <span class='ocrx_word' id='word_1_180' title='bbox 1268 970 1309 1009; x_wconf 77' lang='lat' dir='ltr'>sit</span> <span class='ocrx_word' id='word_1_181' title='bbox 1321 973 1483 1010; x_wconf 78' lang='lat' dir='ltr'>crassum.</span> <span class='ocrx_word' id='word_1_182' title='bbox 1514 974 1765 1012; x_wconf 86' lang='lat' dir='ltr'>Tuncautem</span> <span class='ocrx_word' id='word_1_183' title='bbox 1782 975 1848 1020; x_wconf 81' lang='lat' dir='ltr'>[u]</span> 
     </span>
     <span class='ocr_line' id='line_1_18' title="bbox 253 1025 1849 1080; baseline -0.001 -12"><span class='ocrx_word' id='word_1_184' title='bbox 253 1033 393 1068; x_wconf 87' lang='lat' dir='ltr'>nucleo</span> <span class='ocrx_word' id='word_1_185' title='bbox 418 1030 570 1067; x_wconf 62' lang='lat' dir='ltr'>inducto</span> <span class='ocrx_word' id='word_1_186' title='bbox 591 1030 669 1076; x_wconf 86' lang='lat' dir='ltr'>(uti</span> <span class='ocrx_word' id='word_1_187' title='bbox 687 1027 789 1078; x_wconf 87' lang='lat' dir='ltr'>supra</span> <span class='ocrx_word' id='word_1_188' title='bbox 807 1028 981 1080; x_wconf 83' lang='lat' dir='ltr'>scriptum</span> <span class='ocrx_word' id='word_1_189' title='bbox 1001 1027 1074 1075; x_wconf 74' lang='lat' dir='ltr'>est)</span> <span class='ocrx_word' id='word_1_190' title='bbox 1097 1030 1353 1078; x_wconf 84' lang='lat' dir='ltr'>pavimentum</span> <span class='ocrx_word' id='word_1_191' title='bbox 1373 1025 1393 1064; x_wconf 84' lang='grc' dir='ltr'>ὲ</span> <span class='ocrx_word' id='word_1_192' title='bbox 1417 1028 1542 1066; x_wconf 70' lang='lat' dir='ltr'>tessera</span> <span class='ocrx_word' id='word_1_193' title='bbox 1554 1030 1680 1078; x_wconf 87' lang='lat' dir='ltr'>grandi</span> <span class='ocrx_word' id='word_1_194' title='bbox 1702 1032 1849 1068; x_wconf 88' lang='lat' dir='ltr'>circiter</span> 
     </span>
     <span class='ocr_line' id='line_1_19' title="bbox 254 1082 1850 1135; baseline -0.001 -12"><span class='ocrx_word' id='word_1_195' title='bbox 254 1087 388 1123; x_wconf 87' lang='lat' dir='ltr'>binum</span> <span class='ocrx_word' id='word_1_196' title='bbox 397 1086 558 1134; x_wconf 77' lang='lat' dir='ltr'>digitum</span> <span class='ocrx_word' id='word_1_197' title='bbox 572 1083 657 1121; x_wconf 86' lang='lat' dir='ltr'>caesa</span> <span class='ocrx_word' id='word_1_198' title='bbox 671 1084 834 1129; x_wconf 87' lang='lat' dir='ltr'>struatur,</span> <span class='ocrx_word' id='word_1_199' title='bbox 850 1083 1034 1133; x_wconf 85' lang='lat' dir='ltr'>fastigium</span> <span class='ocrx_word' id='word_1_200' title='bbox 1054 1083 1194 1121; x_wconf 91' lang='lat' dir='ltr'>habens</span> <span class='ocrx_word' id='word_1_201' title='bbox 1215 1084 1252 1119; x_wconf 92' lang='lat' dir='ltr'>in</span> <span class='ocrx_word' id='word_1_202' title='bbox 1278 1082 1335 1132; x_wconf 81' lang='lat' dir='ltr'>[x]</span> <span class='ocrx_word' id='word_1_203' title='bbox 1359 1085 1472 1134; x_wconf 87' lang='lat' dir='ltr'>pedes</span> <span class='ocrx_word' id='word_1_204' title='bbox 1485 1085 1602 1122; x_wconf 89' lang='lat' dir='ltr'>denos</span> <span class='ocrx_word' id='word_1_205' title='bbox 1616 1114 1625 1129; x_wconf 91' lang='lat'>,</span> <span class='ocrx_word' id='word_1_206' title='bbox 1638 1085 1777 1135; x_wconf 81' lang='lat' dir='ltr'>digitos</span> <span class='ocrx_word' id='word_1_207' title='bbox 1796 1086 1850 1122; x_wconf 89' lang='lat' dir='ltr'>bi-</span> 
     </span>
     <span class='ocr_line' id='line_1_20' title="bbox 254 1138 1850 1191; baseline -0.002 -11"><span class='ocrx_word' id='word_1_208' title='bbox 254 1154 345 1180; x_wconf 87' lang='lat' dir='ltr'>nos:</span> <span class='ocrx_word' id='word_1_209' title='bbox 377 1140 481 1191; x_wconf 90' lang='lat' dir='ltr'>quod</span> <span class='ocrx_word' id='word_1_210' title='bbox 503 1140 527 1177; x_wconf 84' lang='lat' dir='ltr'>fi</span> <span class='ocrx_word' id='word_1_211' title='bbox 547 1141 642 1177; x_wconf 92' lang='lat' dir='ltr'>bene</span> <span class='ocrx_word' id='word_1_212' title='bbox 663 1141 949 1190; x_wconf 74' lang='lat' dir='ltr'>temperabitur,</span> <span class='ocrx_word' id='word_1_213' title='bbox 973 1138 1010 1177; x_wconf 66' lang='grc' dir='ltr'>ὃς</span> <span class='ocrx_word' id='word_1_214' title='bbox 1029 1139 1126 1177; x_wconf 69' lang='grc' dir='ltr'>ῐεᾶε</span> <span class='ocrx_word' id='word_1_215' title='bbox 1146 1139 1318 1177; x_wconf 89' lang='lat' dir='ltr'>fricatum</span> <span class='ocrx_word' id='word_1_216' title='bbox 1338 1140 1469 1185; x_wconf 90' lang='lat' dir='ltr'>fuerit,</span> <span class='ocrx_word' id='word_1_217' title='bbox 1491 1142 1536 1178; x_wconf 82' lang='lat' dir='ltr'>ab</span> <span class='ocrx_word' id='word_1_218' title='bbox 1555 1142 1732 1179; x_wconf 86' lang='lat' dir='ltr'>omnibus</span> <span class='ocrx_word' id='word_1_219' title='bbox 1753 1142 1850 1179; x_wconf 83' lang='lat' dir='ltr'>vitiis</span> 
     </span>
     <span class='ocr_line' id='line_1_21' title="bbox 253 1193 1846 1249; baseline -0.001 -14"><span class='ocrx_word' id='word_1_220' title='bbox 253 1200 320 1235; x_wconf 87' lang='lat' dir='ltr'>crit</span> <span class='ocrx_word' id='word_1_221' title='bbox 339 1207 472 1235; x_wconf 88' lang='lat' dir='ltr'>tutum.</span> <span class='ocrx_word' id='word_1_222' title='bbox 513 1195 586 1233; x_wconf 90' lang='lat' dir='ltr'>Uti</span> <span class='ocrx_word' id='word_1_223' title='bbox 607 1205 731 1233; x_wconf 87' lang='lat' dir='ltr'>autem</span> <span class='ocrx_word' id='word_1_224' title='bbox 743 1196 838 1234; x_wconf 87' lang='lat' dir='ltr'>inter</span> <span class='ocrx_word' id='word_1_225' title='bbox 849 1205 1073 1245; x_wconf 85' lang='lat' dir='ltr'>coagmenta</span> <span class='ocrx_word' id='word_1_226' title='bbox 1091 1196 1263 1234; x_wconf 82' lang='lat' dir='ltr'>materies</span> <span class='ocrx_word' id='word_1_227' title='bbox 1283 1194 1328 1232; x_wconf 86' lang='lat' dir='ltr'>ab</span> <span class='ocrx_word' id='word_1_228' title='bbox 1344 1196 1523 1245; x_wconf 83' lang='lat' dir='ltr'>gelicidiis</span> <span class='ocrx_word' id='word_1_229' title='bbox 1543 1208 1589 1234; x_wconf 87' lang='lat' dir='ltr'>ne</span> <span class='ocrx_word' id='word_1_230' title='bbox 1612 1197 1767 1235; x_wconf 81' lang='lat' dir='ltr'>laboret,</span> <span class='ocrx_word' id='word_1_231' title='bbox 1787 1193 1846 1249; x_wconf 86' lang='lat' dir='ltr'>[y]</span> 
     </span>
     <span class='ocr_line' id='line_1_22' title="bbox 254 1252 1850 1303; baseline -0.001 -12"><span class='ocrx_word' id='word_1_232' title='bbox 254 1254 415 1291; x_wconf 80' lang='lat' dir='ltr'>fracibus</span> <span class='ocrx_word' id='word_1_233' title='bbox 435 1252 640 1302; x_wconf 85' lang='lat' dir='ltr'>quotannis</span> <span class='ocrx_word' id='word_1_234' title='bbox 659 1261 745 1289; x_wconf 90' lang='lat' dir='ltr'>ante</span> <span class='ocrx_word' id='word_1_235' title='bbox 764 1252 939 1300; x_wconf 87' lang='lat' dir='ltr'>hyemem</span> <span class='ocrx_word' id='word_1_236' title='bbox 957 1253 1155 1290; x_wconf 87' lang='lat' dir='ltr'>saturetur:</span> <span class='ocrx_word' id='word_1_237' title='bbox 1174 1253 1224 1289; x_wconf 87' lang='lat' dir='ltr'>ita</span> <span class='ocrx_word' id='word_1_238' title='bbox 1234 1262 1311 1289; x_wconf 92' lang='lat' dir='ltr'>non</span> <span class='ocrx_word' id='word_1_239' title='bbox 1323 1253 1479 1301; x_wconf 90' lang='lat' dir='ltr'>patietur</span> <span class='ocrx_word' id='word_1_240' title='bbox 1496 1254 1534 1289; x_wconf 89' lang='lat' dir='ltr'>in</span> <span class='ocrx_word' id='word_1_241' title='bbox 1552 1252 1587 1288; x_wconf 90' lang='lat' dir='ltr'>se</span> <span class='ocrx_word' id='word_1_242' title='bbox 1607 1254 1770 1303; x_wconf 88' lang='lat' dir='ltr'>recipere</span> <span class='ocrx_word' id='word_1_243' title='bbox 1782 1264 1850 1302; x_wconf 89' lang='lat' dir='ltr'>ge-</span> 
     </span>
     <span class='ocr_line' id='line_1_23' title="bbox 253 1306 1849 1359; baseline -0.001 -12"><span class='ocrx_word' id='word_1_244' title='bbox 253 1309 368 1347; x_wconf 85' lang='lat' dir='ltr'>licidii</span> <span class='ocrx_word' id='word_1_245' title='bbox 387 1310 569 1359; x_wconf 87' lang='lat' dir='ltr'>pruinam.</span> <span class='ocrx_word' id='word_1_246' title='bbox 602 1307 663 1343; x_wconf 91' lang='lat' dir='ltr'>Sin</span> <span class='ocrx_word' id='word_1_247' title='bbox 687 1317 812 1345; x_wconf 89' lang='lat' dir='ltr'>autem</span> <span class='ocrx_word' id='word_1_248' title='bbox 835 1307 1011 1345; x_wconf 83' lang='lat' dir='ltr'>curiosius</span> <span class='ocrx_word' id='word_1_249' title='bbox 1034 1307 1219 1345; x_wconf 80' lang='lat' dir='ltr'>videbitur</span> <span class='ocrx_word' id='word_1_250' title='bbox 1239 1306 1316 1344; x_wconf 89' lang='lat' dir='ltr'>fieti</span> <span class='ocrx_word' id='word_1_251' title='bbox 1327 1318 1527 1359; x_wconf 86' lang='lat' dir='ltr'>oportere,</span> <span class='ocrx_word' id='word_1_252' title='bbox 1549 1310 1617 1354; x_wconf 76' lang='lat' dir='ltr'>[z]</span> <span class='ocrx_word' id='word_1_253' title='bbox 1637 1309 1771 1359; x_wconf 84' lang='lat' dir='ltr'>tegulae</span> <span class='ocrx_word' id='word_1_254' title='bbox 1793 1308 1849 1345; x_wconf 89' lang='lat' dir='ltr'>bi-</span> 
     </span>
     <span class='ocr_line' id='line_1_24' title="bbox 255 1362 1850 1416; baseline 0 -14"><span class='ocrx_word' id='word_1_255' title='bbox 255 1365 402 1416; x_wconf 81' lang='lat' dir='ltr'>pedales</span> <span class='ocrx_word' id='word_1_256' title='bbox 423 1365 519 1401; x_wconf 87' lang='lat' dir='ltr'>inter</span> <span class='ocrx_word' id='word_1_257' title='bbox 538 1363 571 1399; x_wconf 87' lang='lat' dir='ltr'>se</span> <span class='ocrx_word' id='word_1_258' title='bbox 593 1373 864 1412; x_wconf 79' lang='lat' dir='ltr'>coagmentatae</span> <span class='ocrx_word' id='word_1_259' title='bbox 885 1363 988 1414; x_wconf 88' lang='lat' dir='ltr'>supra</span> <span class='ocrx_word' id='word_1_260' title='bbox 1015 1363 1127 1400; x_wconf 89' lang='lat' dir='ltr'>rudus</span> <span class='ocrx_word' id='word_1_261' title='bbox 1146 1362 1313 1401; x_wconf 87' lang='lat' dir='ltr'>substrata</span> <span class='ocrx_word' id='word_1_262' title='bbox 1330 1365 1480 1402; x_wconf 87' lang='lat' dir='ltr'>materia</span> <span class='ocrx_word' id='word_1_263' title='bbox 1501 1364 1764 1410; x_wconf 87' lang='lat' dir='ltr'>collocentur,</span> <span class='ocrx_word' id='word_1_264' title='bbox 1787 1363 1850 1403; x_wconf 90' lang='lat' dir='ltr'>ha-</span> 
     </span>
     <span class='ocr_line' id='line_1_25' title="bbox 255 1417 1851 1469; baseline 0.001 -12"><span class='ocrx_word' id='word_1_265' title='bbox 255 1421 385 1458; x_wconf 90' lang='lat' dir='ltr'>bentes</span> <span class='ocrx_word' id='word_1_266' title='bbox 403 1418 551 1469; x_wconf 87' lang='lat' dir='ltr'>fingulis</span> <span class='ocrx_word' id='word_1_267' title='bbox 564 1430 882 1469; x_wconf 86' lang='lat' dir='ltr'>coagmentorum</span> <span class='ocrx_word' id='word_1_268' title='bbox 898 1418 1084 1457; x_wconf 86' lang='lat' dir='ltr'>frontibus</span> <span class='ocrx_word' id='word_1_269' title='bbox 1104 1417 1245 1457; x_wconf 87' lang='lat' dir='ltr'>excisos</span> <span class='ocrx_word' id='word_1_270' title='bbox 1267 1420 1497 1458; x_wconf 85' lang='lat' dir='ltr'>canaliculos</span> <span class='ocrx_word' id='word_1_271' title='bbox 1509 1419 1694 1469; x_wconf 86' lang='lat' dir='ltr'>digitales:</span> <span class='ocrx_word' id='word_1_272' title='bbox 1714 1420 1851 1469; x_wconf 84' lang='lat' dir='ltr'>quibus</span> 
     </span>
     <span class='ocr_line' id='line_1_26' title="bbox 252 1474 1850 1526; baseline 0.001 -13"><span class='ocrx_word' id='word_1_273' title='bbox 252 1475 386 1523; x_wconf 61' lang='lat' dir='ltr'>junctis</span> <span class='ocrx_word' id='word_1_274' title='bbox 405 1475 627 1526; x_wconf 81' lang='lat' dir='ltr'>impleantur</span> <span class='ocrx_word' id='word_1_275' title='bbox 647 1475 747 1512; x_wconf 89' lang='lat' dir='ltr'>calce</span> <span class='ocrx_word' id='word_1_276' title='bbox 765 1487 809 1512; x_wconf 91' lang='lat' dir='ltr'>ex</span> <span class='ocrx_word' id='word_1_277' title='bbox 828 1475 920 1513; x_wconf 89' lang='lat' dir='ltr'>oleo</span> <span class='ocrx_word' id='word_1_278' title='bbox 932 1474 1097 1521; x_wconf 66' lang='lat' dir='ltr'>subacta,</span> <span class='ocrx_word' id='word_1_279' title='bbox 1120 1474 1447 1525; x_wconf 89' lang='lat' dir='ltr'>confricenturque</span> <span class='ocrx_word' id='word_1_280' title='bbox 1464 1478 1557 1514; x_wconf 85' lang='lat' dir='ltr'>inter</span> <span class='ocrx_word' id='word_1_281' title='bbox 1577 1474 1610 1513; x_wconf 89' lang='lat' dir='ltr'>se</span> <span class='ocrx_word' id='word_1_282' title='bbox 1623 1486 1850 1526; x_wconf 86' lang='lat' dir='ltr'>coagmenta</span> 
     </span>
     <span class='ocr_line' id='line_1_27' title="bbox 255 1530 1851 1582; baseline 0.001 -14"><span class='ocrx_word' id='word_1_283' title='bbox 255 1530 475 1581; x_wconf 68' lang='lat' dir='ltr'>compressa.</span> <span class='ocrx_word' id='word_1_284' title='bbox 509 1531 559 1568; x_wconf 87' lang='lat' dir='ltr'>Ita</span> <span class='ocrx_word' id='word_1_285' title='bbox 581 1531 682 1574; x_wconf 90' lang='lat' dir='ltr'>calx,</span> <span class='ocrx_word' id='word_1_286' title='bbox 701 1542 781 1580; x_wconf 85' lang='lat' dir='ltr'>quae</span> <span class='ocrx_word' id='word_1_287' title='bbox 800 1532 868 1568; x_wconf 88' lang='lat' dir='ltr'>crit</span> <span class='ocrx_word' id='word_1_288' title='bbox 885 1531 1074 1568; x_wconf 85' lang='lat' dir='ltr'>haerensin</span> <span class='ocrx_word' id='word_1_289' title='bbox 1088 1531 1276 1569; x_wconf 87' lang='lat' dir='ltr'>canalibus</span> <span class='ocrx_word' id='word_1_290' title='bbox 1291 1560 1300 1575; x_wconf 94' lang='lat'>‚</span> <span class='ocrx_word' id='word_1_291' title='bbox 1320 1530 1570 1576; x_wconf 89' lang='lat' dir='ltr'>durescendo,</span> <span class='ocrx_word' id='word_1_292' title='bbox 1595 1543 1672 1569; x_wconf 92' lang='lat' dir='ltr'>non</span> <span class='ocrx_word' id='word_1_293' title='bbox 1691 1533 1851 1582; x_wconf 79' lang='lat' dir='ltr'>patietur</span> 
     </span>
     <span class='ocr_line' id='line_1_28' title="bbox 255 1586 1851 1638; baseline 0.001 -14"><span class='ocrx_word' id='word_1_294' title='bbox 255 1598 390 1636; x_wconf 82' lang='lat' dir='ltr'>aquam</span> <span class='ocrx_word' id='word_1_295' title='bbox 401 1615 411 1631; x_wconf 96' lang='lat'>,</span> <span class='ocrx_word' id='word_1_296' title='bbox 429 1597 551 1635; x_wconf 89' lang='lat' dir='ltr'>neque</span> <span class='ocrx_word' id='word_1_297' title='bbox 569 1586 676 1623; x_wconf 80' lang='lat' dir='ltr'>aliam</span> <span class='ocrx_word' id='word_1_298' title='bbox 689 1597 766 1622; x_wconf 88' lang='lat' dir='ltr'>rem</span> <span class='ocrx_word' id='word_1_299' title='bbox 779 1598 844 1636; x_wconf 91' lang='lat' dir='ltr'>per</span> <span class='ocrx_word' id='word_1_300' title='bbox 856 1597 1083 1636; x_wconf 85' lang='lat' dir='ltr'>coagmenta</span> <span class='ocrx_word' id='word_1_301' title='bbox 1094 1586 1250 1624; x_wconf 82' lang='lat' dir='ltr'>transire.</span> <span class='ocrx_word' id='word_1_302' title='bbox 1284 1587 1385 1624; x_wconf 90' lang='lat' dir='ltr'>Cum</span> <span class='ocrx_word' id='word_1_303' title='bbox 1396 1600 1485 1638; x_wconf 88' lang='lat' dir='ltr'>ergo</span> <span class='ocrx_word' id='word_1_304' title='bbox 1497 1587 1605 1625; x_wconf 88' lang='lat' dir='ltr'>fuerit</span> <span class='ocrx_word' id='word_1_305' title='bbox 1622 1587 1698 1625; x_wconf 91' lang='lat' dir='ltr'>hoc</span> <span class='ocrx_word' id='word_1_306' title='bbox 1709 1589 1757 1625; x_wconf 86' lang='lat' dir='ltr'>ita</span> <span class='ocrx_word' id='word_1_307' title='bbox 1768 1600 1851 1638; x_wconf 89' lang='lat' dir='ltr'>per-</span> 
     </span>
     <span class='ocr_line' id='line_1_29' title="bbox 257 1641 1850 1695; baseline -0.001 -14"><span class='ocrx_word' id='word_1_308' title='bbox 257 1642 407 1681; x_wconf 83' lang='lat' dir='ltr'>stratum</span> <span class='ocrx_word' id='word_1_309' title='bbox 425 1671 436 1688; x_wconf 94' lang='lat'>,</span> <span class='ocrx_word' id='word_1_310' title='bbox 456 1642 558 1693; x_wconf 86' lang='lat' dir='ltr'>supra</span> <span class='ocrx_word' id='word_1_311' title='bbox 578 1643 734 1680; x_wconf 89' lang='lat' dir='ltr'>nucleus</span> <span class='ocrx_word' id='word_1_312' title='bbox 753 1641 972 1688; x_wconf 89' lang='lat' dir='ltr'>inducatur,</span> <span class='ocrx_word' id='word_1_313' title='bbox 1006 1641 1043 1679; x_wconf 65' lang='grc' dir='ltr'>ὃς</span> <span class='ocrx_word' id='word_1_314' title='bbox 1061 1644 1159 1689; x_wconf 80' lang='lat' dir='ltr'>[aa]</span> <span class='ocrx_word' id='word_1_315' title='bbox 1178 1643 1288 1693; x_wconf 82' lang='lat' dir='ltr'>virgis</span> <span class='ocrx_word' id='word_1_316' title='bbox 1309 1643 1486 1682; x_wconf 67' lang='lat' dir='ltr'>caedendo</span> <span class='ocrx_word' id='word_1_317' title='bbox 1505 1643 1700 1695; x_wconf 88' lang='lat' dir='ltr'>subigatur.</span> <span class='ocrx_word' id='word_1_318' title='bbox 1732 1645 1850 1694; x_wconf 85' lang='lat' dir='ltr'>Supra</span> 
     </span>
    </p>

    <p class='ocr_par' dir='ltr' id='par_1_3' title="bbox 1719 1708 1846 1736">
     <span class='ocr_line' id='line_1_30' title="bbox 1719 1708 1846 1736; baseline 0 0"><span class='ocrx_word' id='word_1_319' title='bbox 1719 1708 1846 1736; x_wconf 89' lang='lat' dir='ltr'>autem</span> 
     </span>
    </p>
   </div>
   <div class='ocr_carea' id='block_1_3' title="bbox 251 1790 1851 2675">
    <p class='ocr_par' dir='ltr' id='par_1_4' title="bbox 256 1790 1851 2031">
     <span class='ocr_line' id='line_1_31' title="bbox 256 1790 1850 1832; baseline -0.001 -16"><span class='ocrx_word' id='word_1_320' title='bbox 256 1791 283 1824; x_wconf 80' lang='lat' dir='ltr'>r]</span> <span class='ocrx_word' id='word_1_321' title='bbox 313 1790 460 1818; x_wconf 86' lang='lat' dir='ltr'>Philander.</span> <span class='ocrx_word' id='word_1_322' title='bbox 482 1791 513 1818; x_wconf 87' lang='lat' dir='ltr'>Id</span> <span class='ocrx_word' id='word_1_323' title='bbox 523 1792 568 1824; x_wconf 81' lang='lat' dir='ltr'>est,</span> <span class='ocrx_word' id='word_1_324' title='bbox 578 1794 734 1825; x_wconf 66' lang='lat' dir='ltr'>tectorium,</span> <span class='ocrx_word' id='word_1_325' title='bbox 744 1794 827 1822; x_wconf 85' lang='lat' dir='ltr'>crusta</span> <span class='ocrx_word' id='word_1_326' title='bbox 837 1815 843 1827; x_wconf 89' lang='lat'><strong><em>‚</em></strong></span> <span class='ocrx_word' id='word_1_327' title='bbox 856 1795 969 1822; x_wconf 88' lang='lat' dir='ltr'>corium.</span> <span class='ocrx_word' id='word_1_328' title='bbox 987 1793 1063 1822; x_wconf 88' lang='lat' dir='ltr'>Vnde</span> <span class='ocrx_word' id='word_1_329' title='bbox 1074 1793 1186 1822; x_wconf 84' lang='lat' dir='ltr'>loricare</span> <span class='ocrx_word' id='word_1_330' title='bbox 1194 1793 1305 1832; x_wconf 83' lang='lat' dir='ltr'>parietes</span> <span class='ocrx_word' id='word_1_331' title='bbox 1315 1794 1428 1821; x_wconf 86' lang='lat' dir='ltr'>Varroni</span> <span class='ocrx_word' id='word_1_332' title='bbox 1439 1794 1471 1821; x_wconf 89' lang='lat' dir='ltr'>de</span> <span class='ocrx_word' id='word_1_333' title='bbox 1482 1803 1508 1821; x_wconf 84' lang='lat' dir='ltr'>re</span> <span class='ocrx_word' id='word_1_334' title='bbox 1521 1793 1606 1820; x_wconf 84' lang='lat' dir='ltr'>rustic.</span> <span class='ocrx_word' id='word_1_335' title='bbox 1615 1790 1662 1819; x_wconf 88' lang='lat' dir='ltr'>lib.</span> <span class='ocrx_word' id='word_1_336' title='bbox 1676 1799 1694 1816; x_wconf 85' lang='lat' dir='ltr'>r.</span> <span class='ocrx_word' id='word_1_337' title='bbox 1707 1798 1763 1827; x_wconf 80' lang='lat' dir='ltr'>cap.</span> <span class='ocrx_word' id='word_1_338' title='bbox 1776 1797 1850 1832; x_wconf 63' lang='lat' dir='ltr'>xvrr3</span> 
     </span>
     <span class='ocr_line' id='line_1_32' title="bbox 298 1828 1849 1873; baseline -0.001 -17"><span class='ocrx_word' id='word_1_339' title='bbox 298 1829 365 1857; x_wconf 85' lang='lat' dir='ltr'>Plin.</span> <span class='ocrx_word' id='word_1_340' title='bbox 376 1830 407 1857; x_wconf 90' lang='lat' dir='ltr'>de</span> <span class='ocrx_word' id='word_1_341' title='bbox 418 1830 600 1860; x_wconf 85' lang='lat' dir='ltr'>Ichneumone</span> <span class='ocrx_word' id='word_1_342' title='bbox 613 1833 725 1871; x_wconf 88' lang='lat' dir='ltr'>loquens</span> <span class='ocrx_word' id='word_1_343' title='bbox 736 1854 743 1865; x_wconf 92' lang='lat'>,</span> <span class='ocrx_word' id='word_1_344' title='bbox 762 1834 808 1862; x_wconf 87' lang='lat' dir='ltr'>lib.</span> <span class='ocrx_word' id='word_1_345' title='bbox 819 1844 887 1862; x_wconf 78' lang='lat' dir='ltr'>vrri.</span> <span class='ocrx_word' id='word_1_346' title='bbox 906 1845 962 1872; x_wconf 78' lang='lat' dir='ltr'>cap.</span> <span class='ocrx_word' id='word_1_347' title='bbox 975 1844 1019 1866; x_wconf 86' lang='lat'>24.</span> <span class='ocrx_word' id='word_1_348' title='bbox 1038 1834 1116 1864; x_wconf 89' lang='lat' dir='ltr'>dicit,</span> <span class='ocrx_word' id='word_1_349' title='bbox 1129 1844 1190 1862; x_wconf 90' lang='lat' dir='ltr'>eum</span> <span class='ocrx_word' id='word_1_350' title='bbox 1201 1834 1265 1861; x_wconf 90' lang='lat' dir='ltr'>limo</span> <span class='ocrx_word' id='word_1_351' title='bbox 1276 1834 1300 1862; x_wconf 92' lang='lat' dir='ltr'>se</span> <span class='ocrx_word' id='word_1_352' title='bbox 1312 1844 1441 1873; x_wconf 84' lang='lat' dir='ltr'>mergere,</span> <span class='ocrx_word' id='word_1_353' title='bbox 1454 1834 1599 1869; x_wconf 87' lang='lat' dir='ltr'>ficcareque</span> <span class='ocrx_word' id='word_1_354' title='bbox 1610 1830 1673 1858; x_wconf 86' lang='lat' dir='ltr'>sole,</span> <span class='ocrx_word' id='word_1_355' title='bbox 1684 1832 1707 1857; x_wconf 85' lang='lat'>&amp;</span> <span class='ocrx_word' id='word_1_356' title='bbox 1719 1828 1849 1865; x_wconf 75' lang='lat' dir='ltr'>ejusmodi</span> 
     </span>
     <span class='ocr_line' id='line_1_33' title="bbox 298 1867 1848 1911; baseline -0.001 -14"><span class='ocrx_word' id='word_1_357' title='bbox 298 1870 379 1897; x_wconf 80' lang='lat' dir='ltr'>coriis</span> <span class='ocrx_word' id='word_1_358' title='bbox 390 1868 412 1897; x_wconf 74' lang='lat' dir='ltr'>ie</span> <span class='ocrx_word' id='word_1_359' title='bbox 423 1870 542 1899; x_wconf 85' lang='lat' dir='ltr'>loricare.</span> <span class='ocrx_word' id='word_1_360' title='bbox 564 1873 763 1901; x_wconf 86' lang='lat' dir='ltr'>Loricationem</span> <span class='ocrx_word' id='word_1_361' title='bbox 775 1884 838 1901; x_wconf 90' lang='lat' dir='ltr'>vero</span> <span class='ocrx_word' id='word_1_362' title='bbox 850 1874 928 1911; x_wconf 84' lang='lat' dir='ltr'>paulo</span> <span class='ocrx_word' id='word_1_363' title='bbox 937 1875 993 1911; x_wconf 85' lang='lat' dir='ltr'>post</span> <span class='ocrx_word' id='word_1_364' title='bbox 1003 1883 1065 1901; x_wconf 88' lang='lat' dir='ltr'>cum</span> <span class='ocrx_word' id='word_1_365' title='bbox 1074 1874 1149 1906; x_wconf 85' lang='lat' dir='ltr'>dicit,</span> <span class='ocrx_word' id='word_1_366' title='bbox 1162 1884 1215 1901; x_wconf 91' lang='lat' dir='ltr'>non</span> <span class='ocrx_word' id='word_1_367' title='bbox 1226 1875 1328 1901; x_wconf 88' lang='lat' dir='ltr'>corium</span> <span class='ocrx_word' id='word_1_368' title='bbox 1338 1874 1469 1901; x_wconf 86' lang='lat' dir='ltr'>intellexit</span> <span class='ocrx_word' id='word_1_369' title='bbox 1481 1893 1486 1904; x_wconf 82' lang='lat'>,</span> <span class='ocrx_word' id='word_1_370' title='bbox 1508 1871 1579 1910; x_wconf 86' lang='lat' dir='ltr'>quod</span> <span class='ocrx_word' id='word_1_371' title='bbox 1589 1867 1743 1908; x_wconf 81' lang='lat' dir='ltr'>quibusdam</span> <span class='ocrx_word' id='word_1_372' title='bbox 1753 1868 1848 1901; x_wconf 80' lang='lat' dir='ltr'>visum,</span> 
     </span>
     <span class='ocr_line' id='line_1_34' title="bbox 296 1908 1847 1951; baseline -0.001 -14"><span class='ocrx_word' id='word_1_373' title='bbox 296 1908 338 1937; x_wconf 91' lang='lat' dir='ltr'>sed</span> <span class='ocrx_word' id='word_1_374' title='bbox 349 1910 604 1939; x_wconf 42' lang='lat' dir='ltr'>contabulationem.</span> <span class='ocrx_word' id='word_1_375' title='bbox 617 1913 722 1951; x_wconf 84' lang='lat' dir='ltr'>Duplici</span> <span class='ocrx_word' id='word_1_376' title='bbox 733 1915 804 1941; x_wconf 89' lang='lat' dir='ltr'>enim</span> <span class='ocrx_word' id='word_1_377' title='bbox 813 1913 916 1941; x_wconf 86' lang='lat' dir='ltr'>illarum</span> <span class='ocrx_word' id='word_1_378' title='bbox 927 1914 1055 1942; x_wconf 72' lang='lat' dir='ltr'>sestilium</span> <span class='ocrx_word' id='word_1_379' title='bbox 1067 1913 1217 1941; x_wconf 85' lang='lat' dir='ltr'>tabulatum</span> <span class='ocrx_word' id='word_1_380' title='bbox 1228 1922 1342 1944; x_wconf 78' lang='lat' dir='ltr'>textura.</span> <span class='ocrx_word' id='word_1_381' title='bbox 1355 1913 1553 1941; x_wconf 71' lang='lat' dir='ltr'>arrec‘tariarum</span> <span class='ocrx_word' id='word_1_382' title='bbox 1563 1914 1586 1939; x_wconf 87' lang='lat'>&amp;</span> <span class='ocrx_word' id='word_1_383' title='bbox 1596 1908 1847 1941; x_wconf 80' lang='lat' dir='ltr'>transversariarum,</span> 
     </span>
     <span class='ocr_line' id='line_1_35' title="bbox 299 1948 1851 1991; baseline 0.001 -14"><span class='ocrx_word' id='word_1_384' title='bbox 299 1952 425 1988; x_wconf 86' lang='lat' dir='ltr'>(quarum</span> <span class='ocrx_word' id='word_1_385' title='bbox 435 1952 522 1989; x_wconf 84' lang='lat' dir='ltr'>capita</span> <span class='ocrx_word' id='word_1_386' title='bbox 532 1949 702 1980; x_wconf 81' lang='lat' dir='ltr'>neceffarium</span> <span class='ocrx_word' id='word_1_387' title='bbox 731 1952 823 1991; x_wconf 73' lang='lat' dir='ltr'>razfigi,</span> <span class='ocrx_word' id='word_1_388' title='bbox 836 1963 866 1980; x_wconf 92' lang='lat' dir='ltr'>ne</span> <span class='ocrx_word' id='word_1_389' title='bbox 878 1948 1068 1991; x_wconf 62' lang='lat' dir='ltr'>tdrqueautur)</span> <span class='ocrx_word' id='word_1_390' title='bbox 1087 1953 1182 1980; x_wconf 78' lang='lat' dir='ltr'>eodem</span> <span class='ocrx_word' id='word_1_391' title='bbox 1191 1961 1284 1981; x_wconf 85' lang='lat' dir='ltr'>tenore</span> <span class='ocrx_word' id='word_1_392' title='bbox 1294 1963 1342 1981; x_wconf 89' lang='lat' dir='ltr'>ceu</span> <span class='ocrx_word' id='word_1_393' title='bbox 1354 1954 1452 1981; x_wconf 82' lang='lat' dir='ltr'>catenis</span> <span class='ocrx_word' id='word_1_394' title='bbox 1470 1950 1624 1990; x_wconf 84' lang='lat' dir='ltr'>quibusdam</span> <span class='ocrx_word' id='word_1_395' title='bbox 1636 1951 1711 1990; x_wconf 80' lang='lat' dir='ltr'>rigna</span> <span class='ocrx_word' id='word_1_396' title='bbox 1729 1950 1851 1978; x_wconf 83' lang='lat' dir='ltr'>retinen-</span> 
     </span>
     <span class='ocr_line' id='line_1_36' title="bbox 298 1992 1850 2031; baseline -0.001 -13"><span class='ocrx_word' id='word_1_397' title='bbox 298 1999 351 2021; x_wconf 80' lang='lat' dir='ltr'>tur.</span> <span class='ocrx_word' id='word_1_398' title='bbox 363 2001 395 2018; x_wconf 90' lang='lat' dir='ltr'>ne</span> <span class='ocrx_word' id='word_1_399' title='bbox 405 1992 516 2029; x_wconf 69' lang='lat' dir='ltr'>pand-are</span> <span class='ocrx_word' id='word_1_400' title='bbox 528 1995 552 2020; x_wconf 60' lang='grc' dir='ltr'>ἃ</span> <span class='ocrx_word' id='word_1_401' title='bbox 564 1992 643 2020; x_wconf 81' lang='lat' dir='ltr'>fidere</span> <span class='ocrx_word' id='word_1_402' title='bbox 655 2003 688 2030; x_wconf 87' lang='lat' dir='ltr'>po</span> <span class='ocrx_word' id='word_1_403' title='bbox 714 2001 762 2026; x_wconf 73' lang='lat' dir='ltr'>int3</span> <span class='ocrx_word' id='word_1_404' title='bbox 775 1997 799 2021; x_wconf 69' lang='grc' dir='ltr'>δι</span> <span class='ocrx_word' id='word_1_405' title='bbox 811 1993 939 2028; x_wconf 85' lang='lat' dir='ltr'>ejusmodi</span> <span class='ocrx_word' id='word_1_406' title='bbox 951 1993 1118 2031; x_wconf 85' lang='lat' dir='ltr'>operimento</span> <span class='ocrx_word' id='word_1_407' title='bbox 1129 1992 1161 2019; x_wconf 79' lang='lat' dir='ltr'>ab</span> <span class='ocrx_word' id='word_1_408' title='bbox 1176 1994 1270 2027; x_wconf 78' lang='lat' dir='ltr'>injuria</span> <span class='ocrx_word' id='word_1_409' title='bbox 1280 1994 1372 2020; x_wconf 67' lang='lat' dir='ltr'>:estatis</span> <span class='ocrx_word' id='word_1_410' title='bbox 1383 2001 1461 2031; x_wconf 83' lang='lat' dir='ltr'>atque</span> <span class='ocrx_word' id='word_1_411' title='bbox 1473 1993 1591 2020; x_wconf 88' lang='lat' dir='ltr'>humoris</span> <span class='ocrx_word' id='word_1_412' title='bbox 1602 1992 1780 2019; x_wconf 77' lang='lat' dir='ltr'>vindicantur.</span> <span class='ocrx_word' id='word_1_413' title='bbox 1792 1992 1850 2018; x_wconf 86' lang='lat' dir='ltr'>Lo-</span> 
     </span>
    </p>

    <p class='ocr_par' dir='ltr' id='par_1_5' title="bbox 262 2028 1850 2111">
     <span class='ocr_line' id='line_1_37' title="bbox 262 2028 1850 2071; baseline 0 -13"><span class='ocrx_word' id='word_1_414' title='bbox 262 2046 266 2050; x_wconf 52' lang='grc' dir='ltr'><em>ι</em></span> <span class='ocrx_word' id='word_1_415' title='bbox 301 2031 384 2059; x_wconf 84' lang='lat' dir='ltr'>ricatn</span> <span class='ocrx_word' id='word_1_416' title='bbox 395 2031 560 2069; x_wconf 84' lang='lat' dir='ltr'>interpretati</span> <span class='ocrx_word' id='word_1_417' title='bbox 569 2031 654 2060; x_wconf 88' lang='lat' dir='ltr'>sumus</span> <span class='ocrx_word' id='word_1_418' title='bbox 666 2032 711 2060; x_wconf 85' lang='lat' dir='ltr'>lib.</span> <span class='ocrx_word' id='word_1_419' title='bbox 724 2029 817 2061; x_wconf 82' lang='lat' dir='ltr'>rr.effe</span> <span class='ocrx_word' id='word_1_420' title='bbox 828 2033 967 2061; x_wconf 84' lang='lat' dir='ltr'>testaceam</span> <span class='ocrx_word' id='word_1_421' title='bbox 979 2033 1134 2061; x_wconf 73' lang='lat' dir='ltr'>struisturam</span> <span class='ocrx_word' id='word_1_422' title='bbox 1143 2054 1149 2066; x_wconf 87' lang='lat'>‚</span> <span class='ocrx_word' id='word_1_423' title='bbox 1168 2033 1193 2060; x_wconf 94' lang='lat' dir='ltr'>id</span> <span class='ocrx_word' id='word_1_424' title='bbox 1204 2033 1239 2060; x_wconf 82' lang='lat' dir='ltr'>est</span> <span class='ocrx_word' id='word_1_425' title='bbox 1251 2033 1332 2061; x_wconf 90' lang='lat' dir='ltr'>veluti</span> <span class='ocrx_word' id='word_1_426' title='bbox 1343 2034 1483 2061; x_wconf 87' lang='lat' dir='ltr'>coronices</span> <span class='ocrx_word' id='word_1_427' title='bbox 1492 2032 1623 2071; x_wconf 63' lang='lat' dir='ltr'>projectas</span> <span class='ocrx_word' id='word_1_428' title='bbox 1635 2052 1641 2064; x_wconf 88' lang='lat'>‚</span> <span class='ocrx_word' id='word_1_429' title='bbox 1653 2031 1704 2059; x_wconf 80' lang='lat' dir='ltr'>five</span> <span class='ocrx_word' id='word_1_430' title='bbox 1715 2028 1850 2060; x_wconf 86' lang='lat' dir='ltr'>semifasti-</span> 
     </span>
     <span class='ocr_line' id='line_1_38' title="bbox 299 2071 932 2111; baseline 0.005 -13"><span class='ocrx_word' id='word_1_431' title='bbox 299 2071 344 2110; x_wconf 76' lang='lat' dir='ltr'>gia</span> <span class='ocrx_word' id='word_1_432' title='bbox 355 2092 361 2101; x_wconf 89' lang='lat'>,</span> <span class='ocrx_word' id='word_1_433' title='bbox 379 2081 437 2110; x_wconf 83' lang='lat' dir='ltr'>quae</span> <span class='ocrx_word' id='word_1_434' title='bbox 451 2072 611 2100; x_wconf 86' lang='lat' dir='ltr'>stillicidium</span> <span class='ocrx_word' id='word_1_435' title='bbox 623 2072 637 2100; x_wconf 71' lang='lat' dir='ltr'>a</span> <span class='ocrx_word' id='word_1_436' title='bbox 651 2072 932 2111; x_wconf 71' lang='lat' dir='ltr'>parietibus-arcerent.</span> 
     </span>
    </p>

    <p class='ocr_par' dir='ltr' id='par_1_6' title="bbox 251 2111 1849 2194">
     <span class='ocr_line' id='line_1_39' title="bbox 251 2111 1849 2152; baseline 0.002 -14"><span class='ocrx_word' id='word_1_437' title='bbox 251 2112 288 2148; x_wconf 86' lang='lat' dir='ltr'>s]</span> <span class='ocrx_word' id='word_1_438' title='bbox 310 2111 393 2139; x_wconf 85' lang='lat' dir='ltr'>[dem.</span> <span class='ocrx_word' id='word_1_439' title='bbox 415 2111 726 2151; x_wconf 74' lang='lat' dir='ltr'>Subdialiapavimenta,</span> <span class='ocrx_word' id='word_1_440' title='bbox 745 2123 809 2152; x_wconf 85' lang='lat' dir='ltr'>quas</span> <span class='ocrx_word' id='word_1_441' title='bbox 825 2115 877 2142; x_wconf 88' lang='lat' dir='ltr'>mei</span> <span class='ocrx_word' id='word_1_442' title='bbox 896 2121 1022 2142; x_wconf 73' lang='lat' dir='ltr'>terraceas</span> <span class='ocrx_word' id='word_1_443' title='bbox 1039 2114 1131 2142; x_wconf 89' lang='lat' dir='ltr'>dicunt</span> <span class='ocrx_word' id='word_1_444' title='bbox 1144 2135 1150 2144; x_wconf 95' lang='lat'>‚</span> <span class='ocrx_word' id='word_1_445' title='bbox 1169 2115 1256 2142; x_wconf 76' lang='lat' dir='ltr'>Graeci</span> <span class='ocrx_word' id='word_1_446' title='bbox 1274 2115 1450 2146; x_wconf 87' lang='lat' dir='ltr'>invenerunt,</span> <span class='ocrx_word' id='word_1_447' title='bbox 1473 2123 1501 2142; x_wconf 84' lang='lat' dir='ltr'>ut</span> <span class='ocrx_word' id='word_1_448' title='bbox 1512 2112 1602 2141; x_wconf 86' lang='lat' dir='ltr'>scribit</span> <span class='ocrx_word' id='word_1_449' title='bbox 1619 2113 1687 2142; x_wconf 86' lang='lat' dir='ltr'>Plin.</span> <span class='ocrx_word' id='word_1_450' title='bbox 1698 2111 1742 2141; x_wconf 87' lang='lat' dir='ltr'>lib.</span> <span class='ocrx_word' id='word_1_451' title='bbox 1751 2121 1849 2141; x_wconf 81' lang='lat' dir='ltr'>xxxvr.</span> 
     </span>
     <span class='ocr_line' id='line_1_40' title="bbox 299 2152 1374 2194; baseline 0.003 -15"><span class='ocrx_word' id='word_1_452' title='bbox 299 2162 356 2190; x_wconf 78' lang='lat' dir='ltr'>cap.</span> <span class='ocrx_word' id='word_1_453' title='bbox 371 2163 412 2187; x_wconf 64' lang='grc' dir='ltr'>ις.</span> <span class='ocrx_word' id='word_1_454' title='bbox 430 2152 534 2181; x_wconf 84' lang='lat' dir='ltr'>Eodem</span> <span class='ocrx_word' id='word_1_455' title='bbox 545 2153 608 2182; x_wconf 78' lang='lat' dir='ltr'>loco</span> <span class='ocrx_word' id='word_1_456' title='bbox 617 2153 805 2193; x_wconf 79' lang='lat' dir='ltr'>subtegulanea</span> <span class='ocrx_word' id='word_1_457' title='bbox 816 2155 966 2192; x_wconf 81' lang='lat' dir='ltr'>pavimenta</span> <span class='ocrx_word' id='word_1_458' title='bbox 978 2163 1055 2183; x_wconf 85' lang='lat' dir='ltr'>vocat</span> <span class='ocrx_word' id='word_1_459' title='bbox 1064 2164 1122 2194; x_wconf 82' lang='lat' dir='ltr'>quae</span> <span class='ocrx_word' id='word_1_460' title='bbox 1132 2154 1178 2182; x_wconf 91' lang='lat' dir='ltr'>sub</span> <span class='ocrx_word' id='word_1_461' title='bbox 1188 2155 1233 2182; x_wconf 90' lang='lat' dir='ltr'>dio</span> <span class='ocrx_word' id='word_1_462' title='bbox 1245 2165 1298 2182; x_wconf 89' lang='lat' dir='ltr'>non</span> <span class='ocrx_word' id='word_1_463' title='bbox 1308 2155 1374 2183; x_wconf 86' lang='lat' dir='ltr'>sunt.</span> 
     </span>
    </p>

    <p class='ocr_par' dir='ltr' id='par_1_7' title="bbox 257 2191 1849 2312">
     <span class='ocr_line' id='line_1_41' title="bbox 257 2191 1847 2234; baseline 0.001 -14"><span class='ocrx_word' id='word_1_464' title='bbox 257 2194 281 2228; x_wconf 80' lang='lat' dir='ltr'>t]</span> <span class='ocrx_word' id='word_1_465' title='bbox 313 2193 396 2220; x_wconf 83' lang='lat' dir='ltr'>Idem.</span> <span class='ocrx_word' id='word_1_466' title='bbox 419 2192 564 2231; x_wconf 78' lang='lat' dir='ltr'>Propertio</span> <span class='ocrx_word' id='word_1_467' title='bbox 572 2194 607 2222; x_wconf 84' lang='lat' dir='ltr'>est</span> <span class='ocrx_word' id='word_1_468' title='bbox 616 2194 872 2233; x_wconf 83' lang='lat' dir='ltr'>duplasesquialtera.</span> <span class='ocrx_word' id='word_1_469' title='bbox 895 2195 1014 2223; x_wconf 85' lang='lat' dir='ltr'>Adverte</span> <span class='ocrx_word' id='word_1_470' title='bbox 1024 2204 1114 2223; x_wconf 81' lang='lat' dir='ltr'>autem</span> <span class='ocrx_word' id='word_1_471' title='bbox 1126 2216 1131 2225; x_wconf 87' lang='lat'>.</span> <span class='ocrx_word' id='word_1_472' title='bbox 1143 2194 1267 2223; x_wconf 86' lang='lat' dir='ltr'>hocloco</span> <span class='ocrx_word' id='word_1_473' title='bbox 1286 2196 1443 2224; x_wconf 82' lang='lat' dir='ltr'>mortarium</span> <span class='ocrx_word' id='word_1_474' title='bbox 1453 2195 1506 2222; x_wconf 91' lang='lat' dir='ltr'>dici</span> <span class='ocrx_word' id='word_1_475' title='bbox 1519 2204 1571 2222; x_wconf 87' lang='lat' dir='ltr'>non</span> <span class='ocrx_word' id='word_1_476' title='bbox 1584 2204 1633 2233; x_wconf 90' lang='lat' dir='ltr'>pro</span> <span class='ocrx_word' id='word_1_477' title='bbox 1643 2191 1700 2234; x_wconf 87' lang='lat' dir='ltr'>ipso</span> <span class='ocrx_word' id='word_1_478' title='bbox 1711 2194 1782 2225; x_wconf 84' lang='lat' dir='ltr'>lacu.</span> <span class='ocrx_word' id='word_1_479' title='bbox 1801 2193 1847 2222; x_wconf 84' lang='lat' dir='ltr'>ubi</span> 
     </span>
     <span class='ocr_line' id='line_1_42' title="bbox 299 2232 1849 2275; baseline 0.002 -16"><span class='ocrx_word' id='word_1_480' title='bbox 299 2241 375 2260; x_wconf 88' lang='lat' dir='ltr'>rutro</span> <span class='ocrx_word' id='word_1_481' title='bbox 385 2232 523 2273; x_wconf 80' lang='lat' dir='ltr'>subigitur,</span> <span class='ocrx_word' id='word_1_482' title='bbox 538 2243 567 2262; x_wconf 89' lang='lat' dir='ltr'>ut</span> <span class='ocrx_word' id='word_1_483' title='bbox 578 2233 651 2273; x_wconf 85' lang='lat' dir='ltr'>supra</span> <span class='ocrx_word' id='word_1_484' title='bbox 668 2234 714 2263; x_wconf 87' lang='lat' dir='ltr'>lib.</span> <span class='ocrx_word' id='word_1_485' title='bbox 726 2245 750 2263; x_wconf 87' lang='lat' dir='ltr'>v.</span> <span class='ocrx_word' id='word_1_486' title='bbox 764 2245 821 2274; x_wconf 85' lang='lat' dir='ltr'>cap.</span> <span class='ocrx_word' id='word_1_487' title='bbox 833 2235 881 2263; x_wconf 85' lang='lat' dir='ltr'>ult.</span> <span class='ocrx_word' id='word_1_488' title='bbox 895 2256 902 2269; x_wconf 89' lang='lat'>‚</span> <span class='ocrx_word' id='word_1_489' title='bbox 915 2234 956 2263; x_wconf 91' lang='lat' dir='ltr'>sed</span> <span class='ocrx_word' id='word_1_490' title='bbox 966 2246 1016 2275; x_wconf 89' lang='lat' dir='ltr'>pro</span> <span class='ocrx_word' id='word_1_491' title='bbox 1027 2235 1083 2275; x_wconf 87' lang='lat' dir='ltr'>ipso</span> <span class='ocrx_word' id='word_1_492' title='bbox 1093 2236 1186 2264; x_wconf 77' lang='lat' dir='ltr'>rudere</span> <span class='ocrx_word' id='word_1_493' title='bbox 1197 2256 1203 2269; x_wconf 86' lang='lat'>‚</span> <span class='ocrx_word' id='word_1_494' title='bbox 1215 2235 1266 2264; x_wconf 78' lang='lat' dir='ltr'>five</span> <span class='ocrx_word' id='word_1_495' title='bbox 1276 2237 1395 2265; x_wconf 83' lang='lat' dir='ltr'>materia.</span> <span class='ocrx_word' id='word_1_496' title='bbox 1419 2237 1449 2264; x_wconf 87' lang='lat' dir='ltr'>Id</span> <span class='ocrx_word' id='word_1_497' title='bbox 1458 2236 1490 2263; x_wconf 88' lang='lat' dir='ltr'>ad</span> <span class='ocrx_word' id='word_1_498' title='bbox 1499 2234 1581 2264; x_wconf 86' lang='lat' dir='ltr'>finem</span> <span class='ocrx_word' id='word_1_499' title='bbox 1596 2235 1642 2264; x_wconf 91' lang='lat' dir='ltr'>lib.</span> <span class='ocrx_word' id='word_1_500' title='bbox 1653 2245 1723 2264; x_wconf 79' lang='lat' dir='ltr'>vm.</span> <span class='ocrx_word' id='word_1_501' title='bbox 1744 2234 1849 2273; x_wconf 84' lang='lat' dir='ltr'>usurpa-</span> 
     </span>
     <span class='ocr_line' id='line_1_43' title="bbox 301 2275 828 2312; baseline 0.006 -13"><span class='ocrx_word' id='word_1_502' title='bbox 301 2281 360 2300; x_wconf 87' lang='lat' dir='ltr'>tum</span> <span class='ocrx_word' id='word_1_503' title='bbox 371 2283 491 2312; x_wconf 85' lang='lat' dir='ltr'>reperies.</span> <span class='ocrx_word' id='word_1_504' title='bbox 511 2275 577 2303; x_wconf 90' lang='lat' dir='ltr'>Vide</span> <span class='ocrx_word' id='word_1_505' title='bbox 593 2275 659 2303; x_wconf 89' lang='lat' dir='ltr'>Pliu.</span> <span class='ocrx_word' id='word_1_506' title='bbox 673 2275 746 2304; x_wconf 72' lang='lat' dir='ltr'>dieto</span> <span class='ocrx_word' id='word_1_507' title='bbox 756 2275 828 2304; x_wconf 86' lang='lat' dir='ltr'>loco.</span> 
     </span>
    </p>

    <p class='ocr_par' dir='ltr' id='par_1_8' title="bbox 258 2311 1848 2436">
     <span class='ocr_line' id='line_1_44' title="bbox 258 2311 1846 2356; baseline 0.001 -16"><span class='ocrx_word' id='word_1_508' title='bbox 258 2314 289 2348; x_wconf 80' lang='lat' dir='ltr'>u]</span> <span class='ocrx_word' id='word_1_509' title='bbox 310 2312 393 2341; x_wconf 86' lang='lat' dir='ltr'>ldem.</span> <span class='ocrx_word' id='word_1_510' title='bbox 421 2311 515 2342; x_wconf 85' lang='lat' dir='ltr'>Crasso</span> <span class='ocrx_word' id='word_1_511' title='bbox 528 2314 571 2343; x_wconf 84' lang='lat' dir='ltr'>sex</span> <span class='ocrx_word' id='word_1_512' title='bbox 582 2315 698 2354; x_wconf 80' lang='lat' dir='ltr'>digitos,</span> <span class='ocrx_word' id='word_1_513' title='bbox 721 2325 749 2344; x_wconf 89' lang='lat' dir='ltr'>ut</span> <span class='ocrx_word' id='word_1_514' title='bbox 760 2317 878 2355; x_wconf 82' lang='lat' dir='ltr'>praecipit</span> <span class='ocrx_word' id='word_1_515' title='bbox 891 2317 956 2344; x_wconf 86' lang='lat' dir='ltr'>Plin.</span> <span class='ocrx_word' id='word_1_516' title='bbox 967 2316 1041 2346; x_wconf 67' lang='lat' dir='ltr'>disto</span> <span class='ocrx_word' id='word_1_517' title='bbox 1053 2326 1109 2355; x_wconf 81' lang='lat' dir='ltr'>cap.</span> <span class='ocrx_word' id='word_1_518' title='bbox 1121 2327 1184 2344; x_wconf 90' lang='lat' dir='ltr'>xxv.</span> <span class='ocrx_word' id='word_1_519' title='bbox 1193 2315 1245 2344; x_wconf 88' lang='lat' dir='ltr'>hoc</span> <span class='ocrx_word' id='word_1_520' title='bbox 1256 2318 1291 2345; x_wconf 84' lang='lat' dir='ltr'>est</span> <span class='ocrx_word' id='word_1_521' title='bbox 1300 2316 1382 2356; x_wconf 82' lang='lat' dir='ltr'>sesqui</span> <span class='ocrx_word' id='word_1_522' title='bbox 1391 2318 1516 2355; x_wconf 81' lang='lat' dir='ltr'>palmum.</span> <span class='ocrx_word' id='word_1_523' title='bbox 1534 2316 1622 2356; x_wconf 82' lang='lat' dir='ltr'>Digiti</span> <span class='ocrx_word' id='word_1_524' title='bbox 1632 2317 1704 2345; x_wconf 87' lang='lat' dir='ltr'>enim</span> <span class='ocrx_word' id='word_1_525' title='bbox 1714 2325 1762 2354; x_wconf 86' lang='lat' dir='ltr'>pro</span> <span class='ocrx_word' id='word_1_526' title='bbox 1773 2314 1846 2353; x_wconf 82' lang='lat' dir='ltr'>pedis</span> 
     </span>
     <span class='ocr_line' id='line_1_45' title="bbox 300 2353 1848 2397; baseline 0.002 -16"><span class='ocrx_word' id='word_1_527' title='bbox 300 2353 409 2381; x_wconf 86' lang='lat' dir='ltr'>decimis</span> <span class='ocrx_word' id='word_1_528' title='bbox 420 2353 495 2381; x_wconf 83' lang='lat' dir='ltr'>sextis</span> <span class='ocrx_word' id='word_1_529' title='bbox 506 2355 623 2393; x_wconf 82' lang='lat' dir='ltr'>partibus</span> <span class='ocrx_word' id='word_1_530' title='bbox 632 2377 639 2386; x_wconf 87' lang='lat'><em>‚</em></span> <span class='ocrx_word' id='word_1_531' title='bbox 650 2360 674 2385; x_wconf 63' lang='grc' dir='ltr'>δι’</span> <span class='ocrx_word' id='word_1_532' title='bbox 684 2357 793 2394; x_wconf 80' lang='lat' dir='ltr'>pollices</span> <span class='ocrx_word' id='word_1_533' title='bbox 803 2367 851 2396; x_wconf 88' lang='lat' dir='ltr'>pro</span> <span class='ocrx_word' id='word_1_534' title='bbox 861 2357 1026 2386; x_wconf 74' lang='lat' dir='ltr'>duodecimis</span> <span class='ocrx_word' id='word_1_535' title='bbox 1034 2358 1101 2397; x_wconf 87' lang='lat' dir='ltr'>apud</span> <span class='ocrx_word' id='word_1_536' title='bbox 1110 2366 1216 2386; x_wconf 81' lang='lat' dir='ltr'>autores</span> <span class='ocrx_word' id='word_1_537' title='bbox 1225 2357 1393 2397; x_wconf 84' lang='lat' dir='ltr'>intelligendi</span> <span class='ocrx_word' id='word_1_538' title='bbox 1404 2379 1412 2392; x_wconf 88' lang='lat'>,</span> <span class='ocrx_word' id='word_1_539' title='bbox 1434 2368 1467 2386; x_wconf 76' lang='lat' dir='ltr'>ne</span> <span class='ocrx_word' id='word_1_540' title='bbox 1478 2360 1579 2386; x_wconf 82' lang='lat' dir='ltr'>incerta</span> <span class='ocrx_word' id='word_1_541' title='bbox 1588 2357 1619 2385; x_wconf 82' lang='lat' dir='ltr'>lit</span> <span class='ocrx_word' id='word_1_542' title='bbox 1630 2357 1795 2386; x_wconf 79' lang='lat' dir='ltr'>mensurandi</span> <span class='ocrx_word' id='word_1_543' title='bbox 1805 2366 1848 2384; x_wconf 84' lang='lat' dir='ltr'>ra-</span> 
     </span>
     <span class='ocr_line' id='line_1_46' title="bbox 300 2393 968 2436; baseline 0.007 -15"><span class='ocrx_word' id='word_1_544' title='bbox 300 2394 350 2421; x_wconf 83' lang='lat' dir='ltr'>tio.</span> <span class='ocrx_word' id='word_1_545' title='bbox 373 2394 439 2422; x_wconf 86' lang='lat' dir='ltr'>Plin.</span> <span class='ocrx_word' id='word_1_546' title='bbox 449 2393 495 2421; x_wconf 88' lang='lat' dir='ltr'>lib.</span> <span class='ocrx_word' id='word_1_547' title='bbox 506 2405 549 2423; x_wconf 87' lang='lat' dir='ltr'>xv.</span> <span class='ocrx_word' id='word_1_548' title='bbox 559 2405 615 2434; x_wconf 78' lang='lat' dir='ltr'>cap.</span> <span class='ocrx_word' id='word_1_549' title='bbox 630 2407 675 2429; x_wconf 85' lang='lat'>24.</span> <span class='ocrx_word' id='word_1_550' title='bbox 687 2400 711 2425; x_wconf 68' lang='lat' dir='ltr'>Sc</span> <span class='ocrx_word' id='word_1_551' title='bbox 721 2397 766 2424; x_wconf 90' lang='lat' dir='ltr'>lib.</span> <span class='ocrx_word' id='word_1_552' title='bbox 779 2407 847 2426; x_wconf 84' lang='lat' dir='ltr'>xut.</span> <span class='ocrx_word' id='word_1_553' title='bbox 859 2408 916 2436; x_wconf 80' lang='lat' dir='ltr'>cap.</span> <span class='ocrx_word' id='word_1_554' title='bbox 927 2409 968 2432; x_wconf 81' lang='lat'>²3-</span> 
     </span>
    </p>

    <p class='ocr_par' dir='ltr' id='par_1_9' title="bbox 260 2434 1850 2675">
     <span class='ocr_line' id='line_1_47' title="bbox 260 2434 1850 2478; baseline 0.001 -15"><span class='ocrx_word' id='word_1_555' title='bbox 260 2435 291 2469; x_wconf 67' lang='grc' dir='ltr'>εκ]</span> <span class='ocrx_word' id='word_1_556' title='bbox 313 2434 398 2462; x_wconf 86' lang='lat' dir='ltr'>Idem.</span> <span class='ocrx_word' id='word_1_557' title='bbox 422 2434 519 2463; x_wconf 87' lang='lat' dir='ltr'>Plinius</span> <span class='ocrx_word' id='word_1_558' title='bbox 536 2434 706 2474; x_wconf 88' lang='lat' dir='ltr'>sesquuncem</span> <span class='ocrx_word' id='word_1_559' title='bbox 715 2437 790 2468; x_wconf 88' lang='lat' dir='ltr'>dicit,</span> <span class='ocrx_word' id='word_1_560' title='bbox 801 2438 827 2466; x_wconf 91' lang='lat' dir='ltr'>id</span> <span class='ocrx_word' id='word_1_561' title='bbox 838 2439 873 2466; x_wconf 91' lang='lat' dir='ltr'>est</span> <span class='ocrx_word' id='word_1_562' title='bbox 893 2440 997 2467; x_wconf 85' lang='lat' dir='ltr'>unciam</span> <span class='ocrx_word' id='word_1_563' title='bbox 1009 2447 1069 2468; x_wconf 86' lang='lat' dir='ltr'>cum</span> <span class='ocrx_word' id='word_1_564' title='bbox 1079 2439 1188 2467; x_wconf 85' lang='lat' dir='ltr'>dimidia</span> <span class='ocrx_word' id='word_1_565' title='bbox 1199 2459 1206 2471; x_wconf 91' lang='lat'>,</span> <span class='ocrx_word' id='word_1_566' title='bbox 1223 2439 1275 2467; x_wconf 85' lang='lat' dir='ltr'>five</span> <span class='ocrx_word' id='word_1_567' title='bbox 1287 2438 1414 2478; x_wconf 84' lang='lat' dir='ltr'>pollicem</span> <span class='ocrx_word' id='word_1_568' title='bbox 1425 2447 1488 2466; x_wconf 89' lang='lat' dir='ltr'>cum</span> <span class='ocrx_word' id='word_1_569' title='bbox 1507 2435 1608 2467; x_wconf 83' lang='lat' dir='ltr'>semiffe</span> <span class='ocrx_word' id='word_1_570' title='bbox 1619 2458 1626 2470; x_wconf 88' lang='lat'>,</span> <span class='ocrx_word' id='word_1_571' title='bbox 1646 2438 1691 2476; x_wconf 83' lang='lat' dir='ltr'>qui</span> <span class='ocrx_word' id='word_1_572' title='bbox 1701 2437 1758 2466; x_wconf 84' lang='lat' dir='ltr'>sunt</span> <span class='ocrx_word' id='word_1_573' title='bbox 1768 2436 1850 2478; x_wconf 74' lang='lat' dir='ltr'>digiti</span> 
     </span>
     <span class='ocr_line' id='line_1_48' title="bbox 300 2475 1848 2519; baseline 0.003 -17"><span class='ocrx_word' id='word_1_574' title='bbox 300 2475 362 2502; x_wconf 91' lang='lat' dir='ltr'>duo.</span> <span class='ocrx_word' id='word_1_575' title='bbox 383 2477 450 2503; x_wconf 84' lang='lat' dir='ltr'>Sane</span> <span class='ocrx_word' id='word_1_576' title='bbox 459 2476 537 2504; x_wconf 85' lang='lat' dir='ltr'>uncia</span> <span class='ocrx_word' id='word_1_577' title='bbox 546 2478 668 2504; x_wconf 88' lang='lat' dir='ltr'>continet</span> <span class='ocrx_word' id='word_1_578' title='bbox 687 2478 802 2517; x_wconf 80' lang='lat' dir='ltr'>digitum</span> <span class='ocrx_word' id='word_1_579' title='bbox 813 2488 896 2506; x_wconf 89' lang='lat' dir='ltr'>unum</span> <span class='ocrx_word' id='word_1_580' title='bbox 914 2482 939 2506; x_wconf 66' lang='grc'>8(</span> <span class='ocrx_word' id='word_1_581' title='bbox 959 2480 1066 2507; x_wconf 79' lang='lat' dir='ltr'>tertiam</span> <span class='ocrx_word' id='word_1_582' title='bbox 1076 2479 1156 2519; x_wconf 83' lang='lat' dir='ltr'>digiti</span> <span class='ocrx_word' id='word_1_583' title='bbox 1171 2488 1274 2519; x_wconf 83' lang='lat' dir='ltr'>partem</span> <span class='ocrx_word' id='word_1_584' title='bbox 1283 2500 1290 2511; x_wconf 83' lang='lat'><strong><em>‚</em></strong></span> <span class='ocrx_word' id='word_1_585' title='bbox 1303 2478 1404 2507; x_wconf 86' lang='lat' dir='ltr'>sextans</span> <span class='ocrx_word' id='word_1_586' title='bbox 1415 2478 1482 2507; x_wconf 88' lang='lat' dir='ltr'>duos</span> <span class='ocrx_word' id='word_1_587' title='bbox 1493 2483 1518 2508; x_wconf 67' lang='grc' dir='ltr'>ὃ(</span> <span class='ocrx_word' id='word_1_588' title='bbox 1528 2480 1591 2507; x_wconf 78' lang='lat' dir='ltr'>duas</span> <span class='ocrx_word' id='word_1_589' title='bbox 1602 2480 1703 2510; x_wconf 82' lang='lat' dir='ltr'>tertias.</span> <span class='ocrx_word' id='word_1_590' title='bbox 1718 2479 1848 2516; x_wconf 78' lang='lat' dir='ltr'>quadrans</span> 
     </span>
     <span class='ocr_line' id='line_1_49' title="bbox 301 2516 1850 2558; baseline 0.001 -15"><span class='ocrx_word' id='word_1_591' title='bbox 301 2525 425 2553; x_wconf 82' lang='lat' dir='ltr'>quatuor,</span> <span class='ocrx_word' id='word_1_592' title='bbox 440 2517 485 2554; x_wconf 88' lang='lat' dir='ltr'>qui</span> <span class='ocrx_word' id='word_1_593' title='bbox 494 2516 528 2544; x_wconf 87' lang='lat' dir='ltr'>est</span> <span class='ocrx_word' id='word_1_594' title='bbox 539 2516 638 2554; x_wconf 84' lang='lat' dir='ltr'>palmus</span> <span class='ocrx_word' id='word_1_595' title='bbox 649 2518 737 2544; x_wconf 87' lang='lat' dir='ltr'>minor</span> <span class='ocrx_word' id='word_1_596' title='bbox 748 2538 754 2550; x_wconf 84' lang='grc'><em>,</em></span> <span class='ocrx_word' id='word_1_597' title='bbox 772 2518 798 2546; x_wconf 86' lang='lat' dir='ltr'>id</span> <span class='ocrx_word' id='word_1_598' title='bbox 809 2519 845 2546; x_wconf 86' lang='lat' dir='ltr'>est</span> <span class='ocrx_word' id='word_1_599' title='bbox 855 2518 974 2550; x_wconf 54' lang='grc' dir='ltr'>παλαιςη*</span> <span class='ocrx_word' id='word_1_600' title='bbox 984 2540 990 2550; x_wconf 92' lang='grc'>,</span> <span class='ocrx_word' id='word_1_601' title='bbox 1009 2521 1091 2547; x_wconf 87' lang='lat' dir='ltr'>triens</span> <span class='ocrx_word' id='word_1_602' title='bbox 1102 2521 1218 2558; x_wconf 86' lang='lat' dir='ltr'>quinque</span> <span class='ocrx_word' id='word_1_603' title='bbox 1227 2523 1251 2548; x_wconf 83' lang='lat'>&amp;</span> <span class='ocrx_word' id='word_1_604' title='bbox 1260 2529 1338 2548; x_wconf 78' lang='lat' dir='ltr'>unani</span> <span class='ocrx_word' id='word_1_605' title='bbox 1349 2520 1456 2547; x_wconf 80' lang='lat' dir='ltr'>tertiam</span> <span class='ocrx_word' id='word_1_606' title='bbox 1466 2539 1474 2549; x_wconf 89' lang='lat'>,</span> <span class='ocrx_word' id='word_1_607' title='bbox 1486 2521 1622 2558; x_wconf 86' lang='lat' dir='ltr'>quincunx</span> <span class='ocrx_word' id='word_1_608' title='bbox 1632 2518 1673 2547; x_wconf 88' lang='lat' dir='ltr'>sex</span> <span class='ocrx_word' id='word_1_609' title='bbox 1684 2523 1708 2547; x_wconf 67' lang='grc' dir='ltr'>ὅ.-</span> <span class='ocrx_word' id='word_1_610' title='bbox 1718 2520 1780 2546; x_wconf 84' lang='lat' dir='ltr'>duas</span> <span class='ocrx_word' id='word_1_611' title='bbox 1793 2528 1850 2546; x_wconf 78' lang='lat' dir='ltr'>ter-</span> 
     </span>
     <span class='ocr_line' id='line_1_50' title="bbox 301 2555 1831 2596; baseline 0.002 -13"><span class='ocrx_word' id='word_1_612' title='bbox 301 2556 351 2583; x_wconf 82' lang='lat' dir='ltr'>tias</span> <span class='ocrx_word' id='word_1_613' title='bbox 364 2577 370 2587; x_wconf 84' lang='lat'>,</span> <span class='ocrx_word' id='word_1_614' title='bbox 389 2555 464 2584; x_wconf 86' lang='lat' dir='ltr'>semis</span> <span class='ocrx_word' id='word_1_615' title='bbox 475 2556 525 2584; x_wconf 85' lang='lat' dir='ltr'>five</span> <span class='ocrx_word' id='word_1_616' title='bbox 532 2556 641 2596; x_wconf 82' lang='lat' dir='ltr'>semipes</span> <span class='ocrx_word' id='word_1_617' title='bbox 653 2559 717 2585; x_wconf 64' lang='lat' dir='ltr'>ocio</span> <span class='ocrx_word' id='word_1_618' title='bbox 727 2579 733 2589; x_wconf 72' lang='grc'>,</span> <span class='ocrx_word' id='word_1_619' title='bbox 754 2557 863 2596; x_wconf 88' lang='lat' dir='ltr'>septunx</span> <span class='ocrx_word' id='word_1_620' title='bbox 875 2569 973 2587; x_wconf 88' lang='lat' dir='ltr'>novem</span> <span class='ocrx_word' id='word_1_621' title='bbox 984 2563 1007 2587; x_wconf 73' lang='grc' dir='ltr'>δε</span> <span class='ocrx_word' id='word_1_622' title='bbox 1018 2570 1097 2588; x_wconf 85' lang='lat' dir='ltr'>unam</span> <span class='ocrx_word' id='word_1_623' title='bbox 1107 2562 1224 2593; x_wconf 78' lang='lat' dir='ltr'>tertiam,</span> <span class='ocrx_word' id='word_1_624' title='bbox 1236 2560 1280 2588; x_wconf 86' lang='lat' dir='ltr'>bes</span> <span class='ocrx_word' id='word_1_625' title='bbox 1290 2560 1382 2587; x_wconf 89' lang='lat' dir='ltr'>decem</span> <span class='ocrx_word' id='word_1_626' title='bbox 1394 2563 1418 2587; x_wconf 62' lang='grc' dir='ltr'>ἃ</span> <span class='ocrx_word' id='word_1_627' title='bbox 1429 2559 1490 2587; x_wconf 82' lang='lat' dir='ltr'>duas</span> <span class='ocrx_word' id='word_1_628' title='bbox 1502 2561 1592 2588; x_wconf 77' lang='lat' dir='ltr'>tertias</span> <span class='ocrx_word' id='word_1_629' title='bbox 1603 2581 1609 2592; x_wconf 83' lang='grc'>,</span> <span class='ocrx_word' id='word_1_630' title='bbox 1621 2559 1735 2587; x_wconf 84' lang='lat' dir='ltr'>dodrans</span> <span class='ocrx_word' id='word_1_631' title='bbox 1745 2559 1831 2587; x_wconf 89' lang='lat' dir='ltr'>duode</span> 
     </span>
     <span class='ocr_line' id='line_1_51' title="bbox 301 2596 1846 2639; baseline 0.003 -17"><span class='ocrx_word' id='word_1_632' title='bbox 301 2597 365 2627; x_wconf 81' lang='lat' dir='ltr'>cim.</span> <span class='ocrx_word' id='word_1_633' title='bbox 374 2597 461 2635; x_wconf 80' lang='lat' dir='ltr'>estque</span> <span class='ocrx_word' id='word_1_634' title='bbox 473 2599 573 2625; x_wconf 87' lang='lat' dir='ltr'>Graecis</span> <span class='ocrx_word' id='word_1_635' title='bbox 584 2596 714 2633; x_wconf 62' lang='grc' dir='ltr'>απτῖυιμῆτ</span> <span class='ocrx_word' id='word_1_636' title='bbox 728 2598 837 2626; x_wconf 79' lang='lat' dir='ltr'>dextans</span> <span class='ocrx_word' id='word_1_637' title='bbox 849 2599 979 2627; x_wconf 80' lang='lat' dir='ltr'>tredecim</span> <span class='ocrx_word' id='word_1_638' title='bbox 988 2603 1011 2628; x_wconf 67' lang='grc' dir='ltr'>ὅς</span> <span class='ocrx_word' id='word_1_639' title='bbox 1021 2610 1101 2628; x_wconf 81' lang='lat' dir='ltr'>unam</span> <span class='ocrx_word' id='word_1_640' title='bbox 1110 2601 1218 2629; x_wconf 82' lang='lat' dir='ltr'>tertiam</span> <span class='ocrx_word' id='word_1_641' title='bbox 1227 2600 1327 2628; x_wconf 83' lang='lat' dir='ltr'>:deunx</span> <span class='ocrx_word' id='word_1_642' title='bbox 1339 2601 1542 2639; x_wconf 83' lang='lat' dir='ltr'>quatuordecim</span> <span class='ocrx_word' id='word_1_643' title='bbox 1554 2604 1578 2629; x_wconf 54' lang='grc' dir='ltr'>ξε</span> <span class='ocrx_word' id='word_1_644' title='bbox 1590 2600 1652 2628; x_wconf 83' lang='lat' dir='ltr'>duas</span> <span class='ocrx_word' id='word_1_645' title='bbox 1664 2600 1764 2628; x_wconf 83' lang='lat' dir='ltr'>tertias.</span> <span class='ocrx_word' id='word_1_646' title='bbox 1787 2600 1846 2632; x_wconf 62' lang='lat' dir='ltr'>Pes,</span> 
     </span>
     <span class='ocr_line' id='line_1_52' title="bbox 301 2637 917 2675; baseline 0.003 -12"><span class='ocrx_word' id='word_1_647' title='bbox 301 2637 344 2673; x_wconf 87' lang='lat' dir='ltr'>qui</span> <span class='ocrx_word' id='word_1_648' title='bbox 355 2647 380 2664; x_wconf 81' lang='lat' dir='ltr'>as</span> <span class='ocrx_word' id='word_1_649' title='bbox 392 2640 416 2664; x_wconf 61' lang='grc' dir='ltr'>ὃς</span> <span class='ocrx_word' id='word_1_650' title='bbox 427 2638 517 2675; x_wconf 88' lang='lat' dir='ltr'>pondo</span> <span class='ocrx_word' id='word_1_651' title='bbox 529 2637 649 2670; x_wconf 80' lang='lat' dir='ltr'>habetur,</span> <span class='ocrx_word' id='word_1_652' title='bbox 663 2637 776 2666; x_wconf 82' lang='lat' dir='ltr'>sedecim</span> <span class='ocrx_word' id='word_1_653' title='bbox 785 2640 917 2667; x_wconf 76' lang='lat' dir='ltr'>continet.</span> 
     </span>
    </p>
   </div>
   <div class='ocr_carea' id='block_1_4' title="bbox 251 2676 1856 3043">
    <p class='ocr_par' dir='ltr' id='par_1_10' title="bbox 251 2676 1847 2757">
     <span class='ocr_line' id='line_1_53' title="bbox 251 2676 1845 2713; baseline 0.006 -12"><span class='ocrx_word' id='word_1_654' title='bbox 251 2676 286 2713; x_wconf 75' lang='lat' dir='ltr'>y]</span> <span class='ocrx_word' id='word_1_655' title='bbox 309 2676 391 2703; x_wconf 78' lang='lat' dir='ltr'>Idem.</span> <span class='ocrx_word' id='word_1_656' title='bbox 415 2678 444 2705; x_wconf 88' lang='lat' dir='ltr'>Id</span> <span class='ocrx_word' id='word_1_657' title='bbox 455 2678 490 2706; x_wconf 88' lang='lat' dir='ltr'>est</span> <span class='ocrx_word' id='word_1_658' title='bbox 501 2678 554 2707; x_wconf 88' lang='lat' dir='ltr'>olei</span> <span class='ocrx_word' id='word_1_659' title='bbox 563 2676 676 2711; x_wconf 82' lang='lat' dir='ltr'>fecibus,</span> <span class='ocrx_word' id='word_1_660' title='bbox 686 2689 792 2707; x_wconf 80' lang='lat' dir='ltr'>amurca</span> <span class='ocrx_word' id='word_1_661' title='bbox 803 2700 809 2712; x_wconf 90' lang='lat'>,</span> <span class='ocrx_word' id='word_1_662' title='bbox 822 2681 981 2709; x_wconf 86' lang='lat' dir='ltr'>retrimento</span> <span class='ocrx_word' id='word_1_663' title='bbox 990 2680 1051 2709; x_wconf 85' lang='lat' dir='ltr'>olei.</span> <span class='ocrx_word' id='word_1_664' title='bbox 1061 2683 1125 2710; x_wconf 89' lang='lat' dir='ltr'>Sunt</span> <span class='ocrx_word' id='word_1_665' title='bbox 1137 2682 1208 2711; x_wconf 88' lang='lat' dir='ltr'>enim</span> <span class='ocrx_word' id='word_1_666' title='bbox 1216 2679 1301 2711; x_wconf 81' lang='lat' dir='ltr'>fraces</span> <span class='ocrx_word' id='word_1_667' title='bbox 1311 2681 1428 2710; x_wconf 84' lang='lat' dir='ltr'>olearum</span> <span class='ocrx_word' id='word_1_668' title='bbox 1439 2690 1538 2713; x_wconf 83' lang='lat' dir='ltr'>carnes,</span> <span class='ocrx_word' id='word_1_669' title='bbox 1559 2682 1655 2710; x_wconf 81' lang='lat' dir='ltr'>&amp;inde</span> <span class='ocrx_word' id='word_1_670' title='bbox 1666 2679 1744 2712; x_wconf 84' lang='lat' dir='ltr'>feces.</span> <span class='ocrx_word' id='word_1_671' title='bbox 1758 2684 1845 2711; x_wconf 78' lang='lat' dir='ltr'>Autor</span> 
     </span>
     <span class='ocr_line' id='line_1_54' title="bbox 302 2716 1847 2757; baseline 0.006 -16"><span class='ocrx_word' id='word_1_672' title='bbox 302 2716 545 2757; x_wconf 67' lang='lat' dir='ltr'>Piin.1ib.xv.cap.</span> <span class='ocrx_word' id='word_1_673' title='bbox 559 2725 585 2748; x_wconf 84' lang='lat'>6.</span> <span class='ocrx_word' id='word_1_674' title='bbox 1844 2717 1847 2719; x_wconf 77' lang='grc'><em>“</em></span> 
     </span>
    </p>

    <p class='ocr_par' dir='ltr' id='par_1_11' title="bbox 262 2755 1856 2921">
     <span class='ocr_line' id='line_1_55' title="bbox 262 2755 1845 2803; baseline 0.006 -22"><span class='ocrx_word' id='word_1_675' title='bbox 262 2756 293 2788; x_wconf 58' lang='grc' dir='ltr'>ι]</span> <span class='ocrx_word' id='word_1_676' title='bbox 316 2755 460 2799; x_wconf 69' lang='lat' dir='ltr'>l‘hilandcr.</span> <span class='ocrx_word' id='word_1_677' title='bbox 486 2760 569 2788; x_wconf 86' lang='lat' dir='ltr'>Hunc</span> <span class='ocrx_word' id='word_1_678' title='bbox 580 2760 672 2789; x_wconf 87' lang='lat' dir='ltr'>locum</span> <span class='ocrx_word' id='word_1_679' title='bbox 682 2761 718 2789; x_wconf 79' lang='lat' dir='ltr'>ita</span> <span class='ocrx_word' id='word_1_680' title='bbox 728 2761 762 2789; x_wconf 88' lang='lat' dir='ltr'>est</span> <span class='ocrx_word' id='word_1_681' title='bbox 773 2761 891 2790; x_wconf 79' lang='lat' dir='ltr'>imitatus</span> <span class='ocrx_word' id='word_1_682' title='bbox 905 2762 1032 2791; x_wconf 76' lang='lat' dir='ltr'>Palladius</span> <span class='ocrx_word' id='word_1_683' title='bbox 1042 2762 1134 2791; x_wconf 53' lang='lat' dir='ltr'>libwr.</span> <span class='ocrx_word' id='word_1_684' title='bbox 1146 2773 1200 2803; x_wconf 80' lang='lat' dir='ltr'>cap.</span> <span class='ocrx_word' id='word_1_685' title='bbox 1213 2774 1249 2791; x_wconf 83' lang='lat' dir='ltr'>xi.</span> <span class='ocrx_word' id='word_1_686' title='bbox 1272 2768 1346 2791; x_wconf 81' lang='lat' dir='ltr'>Tunc</span> <span class='ocrx_word' id='word_1_687' title='bbox 1355 2771 1496 2800; x_wconf 61' lang='lat' dir='ltr'>antequam</span> <span class='ocrx_word' id='word_1_688' title='bbox 1508 2764 1588 2791; x_wconf 68' lang='lat' dir='ltr'>rasim</span> <span class='ocrx_word' id='word_1_689' title='bbox 1599 2762 1708 2801; x_wconf 79' lang='lat' dir='ltr'>ficcetur</span> <span class='ocrx_word' id='word_1_690' title='bbox 1721 2784 1727 2795; x_wconf 82' lang='lat'><em>.</em></span> <span class='ocrx_word' id='word_1_691' title='bbox 1746 2762 1845 2801; x_wconf 75' lang='lat' dir='ltr'>bipedas</span> 
     </span>
     <span class='ocr_line' id='line_1_56' title="bbox 303 2797 1856 2841; baseline 0.007 -20"><span class='ocrx_word' id='word_1_692' title='bbox 303 2797 436 2836; x_wconf 67' lang='lat' dir='ltr'>(intellige</span> <span class='ocrx_word' id='word_1_693' title='bbox 448 2800 566 2837; x_wconf 77' lang='lat' dir='ltr'>regulas)</span> <span class='ocrx_word' id='word_1_694' title='bbox 586 2811 636 2839; x_wconf 68' lang='lat' dir='ltr'>qua</span> <span class='ocrx_word' id='word_1_695' title='bbox 645 2809 688 2839; x_wconf 82' lang='lat' dir='ltr'>per</span> <span class='ocrx_word' id='word_1_696' title='bbox 708 2805 794 2829; x_wconf 76' lang='lat' dir='ltr'>omnia</span> <span class='ocrx_word' id='word_1_697' title='bbox 803 2802 887 2830; x_wconf 74' lang='lat' dir='ltr'>latera</span> <span class='ocrx_word' id='word_1_698' title='bbox 897 2803 1048 2831; x_wconf 73' lang='lat' dir='ltr'>c.mal1culos</span> <span class='ocrx_word' id='word_1_699' title='bbox 1065 2804 1180 2832; x_wconf 72' lang='lat' dir='ltr'>habeam</span> <span class='ocrx_word' id='word_1_700' title='bbox 1192 2804 1311 2841; x_wconf 74' lang='lat' dir='ltr'>digitales</span> <span class='ocrx_word' id='word_1_701' title='bbox 1321 2823 1328 2832; x_wconf 88' lang='lat'><em>,</em></span> <span class='ocrx_word' id='word_1_702' title='bbox 1341 2806 1478 2841; x_wconf 67' lang='lat' dir='ltr'>jungemus</span> <span class='ocrx_word' id='word_1_703' title='bbox 1490 2807 1544 2834; x_wconf 76' lang='lat' dir='ltr'>ita,</span> <span class='ocrx_word' id='word_1_704' title='bbox 1563 2811 1593 2831; x_wconf 82' lang='lat' dir='ltr'>ut</span> <span class='ocrx_word' id='word_1_705' title='bbox 1603 2804 1670 2832; x_wconf 73' lang='lat' dir='ltr'>talce</span> <span class='ocrx_word' id='word_1_706' title='bbox 1680 2806 1748 2831; x_wconf 68' lang='lat' dir='ltr'>viva</span> <span class='ocrx_word' id='word_1_707' title='bbox 1758 2815 1789 2832; x_wconf 68' lang='lat' dir='ltr'>ex</span> <span class='ocrx_word' id='word_1_708' title='bbox 1799 2805 1856 2832; x_wconf 79' lang='lat' dir='ltr'>oleo·</span> 
     </span>
     <span class='ocr_line' id='line_1_57' title="bbox 302 2839 1847 2882; baseline 0.006 -17"><span class='ocrx_word' id='word_1_709' title='bbox 302 2843 445 2872; x_wconf 70' lang='lat' dir='ltr'>tempemta</span> <span class='ocrx_word' id='word_1_710' title='bbox 454 2859 460 2869; x_wconf 88' lang='lat'>,</span> <span class='ocrx_word' id='word_1_711' title='bbox 476 2839 623 2874; x_wconf 63' lang='lat' dir='ltr'>bspedarum</span> <span class='ocrx_word' id='word_1_712' title='bbox 641 2843 741 2870; x_wconf 73' lang='lat' dir='ltr'>canales</span> <span class='ocrx_word' id='word_1_713' title='bbox 752 2863 758 2875; x_wconf 82' lang='lat'>,</span> <span class='ocrx_word' id='word_1_714' title='bbox 773 2845 818 2881; x_wconf 85' lang='lat' dir='ltr'>qui</span> <span class='ocrx_word' id='word_1_715' title='bbox 827 2844 892 2870; x_wconf 73' lang='lat' dir='ltr'>inter</span> <span class='ocrx_word' id='word_1_716' title='bbox 905 2844 930 2879; x_wconf 53' lang='grc' dir='ltr'>ᾗ.)</span> <span class='ocrx_word' id='word_1_717' title='bbox 949 2845 1107 2872; x_wconf 67' lang='lat' dir='ltr'>conneHendi</span> <span class='ocrx_word' id='word_1_718' title='bbox 1116 2845 1180 2880; x_wconf 81' lang='lat' dir='ltr'>fimt</span> <span class='ocrx_word' id='word_1_719' title='bbox 1191 2866 1197 2877; x_wconf 91' lang='lat'>,</span> <span class='ocrx_word' id='word_1_720' title='bbox 1220 2845 1373 2882; x_wconf 74' lang='lat' dir='ltr'>impleamur</span> <span class='ocrx_word' id='word_1_721' title='bbox 1392 2864 1398 2873; x_wconf 87' lang='lat'><em>,</em></span> <span class='ocrx_word' id='word_1_722' title='bbox 1424 2840 1457 2873; x_wconf 56' lang='grc' dir='ltr'>ὅ</span> <span class='ocrx_word' id='word_1_723' title='bbox 1477 2854 1566 2871; x_wconf 67' lang='lat' dir='ltr'>earum</span> <span class='ocrx_word' id='word_1_724' title='bbox 1585 2847 1751 2881; x_wconf 61' lang='lat' dir='ltr'>conjunth&#39;one</span> <span class='ocrx_word' id='word_1_725' title='bbox 1767 2845 1847 2873; x_wconf 70' lang='lat' dir='ltr'>rudus</span> 
     </span>
     <span class='ocr_line' id='line_1_58' title="bbox 301 2881 1725 2921; baseline 0.008 -20"><span class='ocrx_word' id='word_1_726' title='bbox 301 2885 373 2902; x_wconf 68' lang='lat' dir='ltr'>omne</span> <span class='ocrx_word' id='word_1_727' title='bbox 383 2885 537 2914; x_wconf 67' lang='lat' dir='ltr'>coopertatur</span> <span class='ocrx_word' id='word_1_728' title='bbox 547 2894 555 2908; x_wconf 91' lang='lat'>.·</span> <span class='ocrx_word' id='word_1_729' title='bbox 566 2892 627 2909; x_wconf 83' lang='lat' dir='ltr'>nam</span> <span class='ocrx_word' id='word_1_730' title='bbox 641 2881 741 2916; x_wconf 70' lang='lat' dir='ltr'>siccata</span> <span class='ocrx_word' id='word_1_731' title='bbox 751 2885 829 2911; x_wconf 58' lang='lat' dir='ltr'>onmis</span> <span class='ocrx_word' id='word_1_732' title='bbox 837 2887 949 2911; x_wconf 60' lang='lat' dir='ltr'>mate-ria</span> <span class='ocrx_word' id='word_1_733' title='bbox 959 2894 1040 2911; x_wconf 73' lang='lat' dir='ltr'>unum</span> <span class='ocrx_word' id='word_1_734' title='bbox 1048 2892 1132 2921; x_wconf 78' lang='lat' dir='ltr'>corpus</span> <span class='ocrx_word' id='word_1_735' title='bbox 1142 2883 1231 2919; x_wconf 81' lang='lat' dir='ltr'>efficiet</span> <span class='ocrx_word' id='word_1_736' title='bbox 1241 2906 1247 2915; x_wconf 88' lang='lat'>‚</span> <span class='ocrx_word' id='word_1_737' title='bbox 1264 2885 1297 2919; x_wconf 61' lang='lat'>&amp;-</span> <span class='ocrx_word' id='word_1_738' title='bbox 1308 2885 1407 2911; x_wconf 78' lang='lat' dir='ltr'>nullum</span> <span class='ocrx_word' id='word_1_739' title='bbox 1416 2885 1574 2919; x_wconf 67' lang='lat' dir='ltr'>tranfim&#39;ttet</span> <span class='ocrx_word' id='word_1_740' title='bbox 1584 2884 1725 2912; x_wconf 77' lang='lat' dir='ltr'>humcrcm.</span> 
     </span>
    </p>

    <p class='ocr_par' dir='ltr' id='par_1_12' title="bbox 258 2915 1846 3003">
     <span class='ocr_line' id='line_1_59' title="bbox 258 2915 1846 2962; baseline 0.003 -13"><span class='ocrx_word' id='word_1_741' title='bbox 258 2916 304 2949; x_wconf 54' lang='grc' dir='ltr'>αὖ]</span> <span class='ocrx_word' id='word_1_742' title='bbox 328 2915 410 2961; x_wconf 51' lang='lat' dir='ltr'>hicm-</span> <span class='ocrx_word' id='word_1_743' title='bbox 436 2918 464 2946; x_wconf 81' lang='lat' dir='ltr'>ld</span> <span class='ocrx_word' id='word_1_744' title='bbox 475 2919 510 2946; x_wconf 73' lang='lat' dir='ltr'>est</span> <span class='ocrx_word' id='word_1_745' title='bbox 521 2917 673 2960; x_wconf 78' lang='lat' dir='ltr'>frequenter</span> <span class='ocrx_word' id='word_1_746' title='bbox 683 2923 795 2954; x_wconf 78' lang='lat' dir='ltr'>bacillis,</span> <span class='ocrx_word' id='word_1_747' title='bbox 804 2923 944 2952; x_wconf 70' lang='lat' dir='ltr'>rudibusre</span> <span class='ocrx_word' id='word_1_748' title='bbox 955 2924 1118 2952; x_wconf 79' lang='lat' dir='ltr'>verberando</span> <span class='ocrx_word' id='word_1_749' title='bbox 1127 2924 1250 2953; x_wconf 88' lang='lat' dir='ltr'>densetur</span> <span class='ocrx_word' id='word_1_750' title='bbox 1260 2940 1266 2957; x_wconf 91' lang='lat'>;</span> <span class='ocrx_word' id='word_1_751' title='bbox 1278 2925 1338 2952; x_wconf 89' lang='lat' dir='ltr'>inde</span> <span class='ocrx_word' id='word_1_752' title='bbox 1349 2924 1412 2952; x_wconf 85' lang='lat' dir='ltr'>illud</span> <span class='ocrx_word' id='word_1_753' title='bbox 1422 2921 1486 2951; x_wconf 72' lang='lat' dir='ltr'>infra</span> <span class='ocrx_word' id='word_1_754' title='bbox 1495 2934 1550 2962; x_wconf 73' lang='lat' dir='ltr'>cap.</span> <span class='ocrx_word' id='word_1_755' title='bbox 1566 2934 1588 2951; x_wconf 71' lang='grc' dir='ltr'>ιι</span> <span class='ocrx_word' id='word_1_756' title='bbox 1596 2935 1613 2952; x_wconf 89' lang='lat' dir='ltr'>r.</span> <span class='ocrx_word' id='word_1_757' title='bbox 1627 2924 1846 2962; x_wconf 70' lang='lat' dir='ltr'>Basnlorumfitb-</span> 
     </span>
     <span class='ocr_line' id='line_1_60' title="bbox 304 2956 1783 3003; baseline 0.008 -21"><span class='ocrx_word' id='word_1_758' title='bbox 304 2956 440 2985; x_wconf 50' lang='lat' dir='ltr'>acl-ombus</span> <span class='ocrx_word' id='word_1_759' title='bbox 450 2958 565 2995; x_wconf 64' lang='lat' dir='ltr'>[mid-na</span> <span class='ocrx_word' id='word_1_760' title='bbox 578 2961 729 2998; x_wconf 65' lang='lat' dir='ltr'>solidantes.</span> <span class='ocrx_word' id='word_1_761' title='bbox 748 2965 781 2993; x_wconf 82' lang='lat' dir='ltr'>Et</span> <span class='ocrx_word' id='word_1_762' title='bbox 791 2963 836 2991; x_wconf 86' lang='lat' dir='ltr'>lib.</span> <span class='ocrx_word' id='word_1_763' title='bbox 852 2974 884 2993; x_wconf 85' lang='grc' dir='ltr'>ιι.</span> <span class='ocrx_word' id='word_1_764' title='bbox 897 2975 954 3002; x_wconf 77' lang='lat' dir='ltr'>cap.</span> <span class='ocrx_word' id='word_1_765' title='bbox 968 2975 1005 2993; x_wconf 83' lang='lat' dir='ltr'>rv.</span> <span class='ocrx_word' id='word_1_766' title='bbox 1030 2966 1181 2994; x_wconf 71' lang='lat' dir='ltr'>Bacdlorum</span> <span class='ocrx_word' id='word_1_767' title='bbox 1188 2965 1370 3000; x_wconf 54' lang='lat' dir='ltr'>sphaericnihns</span> <span class='ocrx_word' id='word_1_768' title='bbox 1381 2966 1407 2991; x_wconf 79' lang='lat' dir='ltr'>in</span> <span class='ocrx_word' id='word_1_769' title='bbox 1418 2966 1514 2991; x_wconf 51' lang='lat' dir='ltr'>techm-</span> <span class='ocrx_word' id='word_1_770' title='bbox 1525 2966 1611 3003; x_wconf 64' lang='lat' dir='ltr'>ncipit</span> <span class='ocrx_word' id='word_1_771' title='bbox 1619 2965 1783 3002; x_wconf 56' lang='lat' dir='ltr'>solida-atem.</span> 
     </span>
    </p>

    <p class='ocr_par' dir='ltr' id='par_1_13' title="bbox 1689 3005 1844 3043">
     <span class='ocr_line' id='line_1_61' title="bbox 1689 3005 1844 3043; baseline 0.013 -9"><span class='ocrx_word' id='word_1_772' title='bbox 1689 3005 1733 3043; x_wconf 81' lang='lat' dir='ltr'>bb]</span> <span class='ocrx_word' id='word_1_773' title='bbox 1759 3006 1844 3037; x_wconf 77' lang='lat' dir='ltr'>Idem.</span> 
     </span>
    </p>
   </div>
  </div>
 </body>
</html>
