2023 3162
229 44 277 84 48
617 30 942 68 LUDOV1C1
992 28 1437 66 DEMONTIOSM

228 114 316 140 nere
327 103 411 140 attis
425 99 491 138 suae
503 99 765 140 excoluerunt,
780 94 939 133 versibus
950 93 1129 151 irffcripris
1141 93 1285 138 Graecc3
1294 95 1427 144 quibus
1439 93 1697 144 significarunt,
1706 93 1725 131 ὲ
1738 96 1827 133 dex-

229 169 284 195 tra
298 187 306 202 ,
324 169 437 208 opera
457 154 679 206 Damophili
691 151 779 199 effe3
803 151 823 187 a
837 161 942 202 parte
952 151 1054 190 laeva,
1070 149 1235 198 Gorgasi.
1270 151 1370 187 Ante
1382 150 1475 188 hanc
1487 150 1603 188 aedem
1615 151 1826 190 Tuscanica

230 216 361 251 omnia
379 215 417 250 in
437 212 574 250 aedibus
592 209 691 246 fuisse
705 238 714 253 ,
737 218 845 246 autor
856 205 906 243 est
926 207 982 244 M.
995 206 1128 243 Varro.
1160 205 1212 242 Ex
1234 206 1303 244 hae
1324 218 1413 243 cum
1433 206 1662 245 reficeretur,
1688 207 1824 245 crustas

230 271 409 320 parietum
421 267 555 306 excisas
568 265 701 303 tabulis
722 263 929 312 marginatis
941 262 1092 299 inclusas
1104 257 1183 297 effe.
1219 263 1315 300 Item
1327 261 1426 311 signa
1439 274 1482 299 ex
1505 260 1650 310 fastigiis
1663 263 1823 314 dispersa.

233 327 334 363 Fecit
346 328 383 363 &
398 321 689 361 Chalcosthenes
701 330 816 369 opera
827 317 940 354 cruda
952 316 1111 353 Athenis
1126 346 1135 361 ,
1145 317 1209 365 qui
1222 318 1332 355 locus
1344 318 1389 353 ab
1402 317 1554 354 officina
1565 319 1642 363 eius
1658 319 1827 355 Cerami-

233 393 302 418 cos
315 381 528 431 appellatur.
549 378 604 416 M.
628 377 748 414 Varro
761 373 893 418 tradit,
914 372 979 410 sibi
1001 373 1202 421 cognitum
1224 374 1363 411 Rornae
1381 373 1700 418 Pofiiniioininc,
1716 374 1736 409 a
1749 386 1827 423 quo

232 437 344 474 fastas
357 438 494 472 Romae
509 445 614 478 uvaS,
625 434 715 470 item
728 430 841 481 pisces
855 459 865 474 ‚
875 430 927 466 ita
937 438 1065 466 utnon
1077 427 1218 478 aspee’tu
1234 427 1454 466 discerneres
1467 430 1486 471 a
1497 430 1603 466 vetis.
1634 428 1737 466 Idem
1750 441 1829 467 ma-

232 492 385 542 gnificat
405 489 668 527 Archesilaum
691 485 897 525 L.Luculli
916 483 1154 522 familiarem.
1178 485 1284 529 cuius
1305 485 1550 535 proplasmata
1570 484 1685 534 pluris
1705 486 1829 522 venire

232 548 336 585 iolita
345 546 544 584 artificibus
555 543 650 595 ipsis,
660 554 773 593 quam
785 542 942 579 aliorum
955 550 1080 590 opera.
1099 539 1160 577 Ab
1173 538 1248 577 hoc
1258 539 1392 577 factam
1406 542 1596 579 Venerem
1609 542 1830 589 genitricem

232 607 271 642 in
282 603 368 640 foro
380 599 816 651 Caesaris,&‚priusquam
828 594 1323 640 absolveretur,festinatione
1334 596 1529 634 dedicandi
1541 595 1832 646 positachin-

234 660 279 696 de
292 661 325 696 ei
337 658 356 695 a
370 658 534 695 Lucullo
554 668 580 693 H
596 669 608 692 s
628 667 686 693 Lx.
699 654 841 704 lignum
856 652 1051 688 Felicitatis
1062 651 1242 691 locatum,
1258 654 1318 688 cni
1329 664 1430 689 mors
1444 651 1628 700 utriusque
1648 652 1831 690 inviderit.

235 715 396 752 Octavio
409 714 533 763 Equiti
546 714 732 749 Romano
746 719 884 746 cratera
896 707 1015 745 facere
1026 707 1171 745 volenti
1191 709 1378 758 exemplar
1397 706 1417 745 ὲ
1438 707 1549 758 gypso
1566 707 1704 744 factum
1717 709 1832 745 talen-

235 782 290 808 to.
305 770 449 807 Laudat
461 772 498 806 δε
514 767 720 810 Pafitelem,
733 767 797 814 qui
813 762 988 816 plasticen
1000 773 1157 801 matrem
1171 763 1345 801 statuariae
1357 793 1367 809 ,
1379 764 1642 814 sculpturaeque
1655 792 1665 807 ‚
1678 763 1714 798 δέ
1727 765 1832 801 cazla-

233 837 322 864 turae
334 825 402 862 effe
415 826 516 862 dixit.
548 826 593 862 Et
606 835 692 860 cum
704 823 788 858 effet
805 822 844 856 in
863 819 1039 856 omnibus
1061 819 1115 855 his
1127 817 1290 856 summus
1301 849 1311 864 ‚
1336 820 1426 856 nihil
1439 832 1607 869 unquam
1629 819 1717 856 fecit
1728 831 1833 857 ante.

235 894 348 931 qnam
360 881 475 918 finxit.
508 881 687 917 Praeterea
700 876 929 914 elaboratam
943 875 1035 912 hanc
1047 883 1165 911 artem
1176 874 1302 914 Italiae,
1319 875 1354 912 ὃ(
1368 877 1529 912 maxime
1541 875 1731 912 Hetrutiae.
1752 876 1833 911 Tu-

237 941 459 986 rianumque
471 935 490 972 a
501 935 673 984 Fregellis
685 934 863 975 accitum,
882 932 941 966 cui
952 930 1093 966 locaret
1113 929 1347 977 Tarquinius
1365 930 1502 968 Priscus
1513 929 1675 979 effigiem
1687 932 1786 968 Iovis
1797 932 1834 967 in

240 994 435 1044 Capitolio
456 990 663 1028 dicandam.
696 987 862 1024 fictilem
876 984 995 1022 fuisse,
1018 987 1056 1022 δε
1074 983 1161 1021 ideo
1175 986 1319 1022 miniari
1336 985 1493 1023 solitam.
1524 987 1668 1023 FiCtiles
1685 988 1722 1023 in
1742 986 1835 1024 fasti-

239 1052 303 1099 gio
314 1049 446 1098 templi
458 1049 531 1093 ejus
542 1043 756 1094 quadrigas;
773 1042 819 1078 de
829 1042 966 1091 quibus
977 1040 1067 1090 serpe
1079 1039 1249 1078 diximus.
1280 1040 1344 1077 Ab
1355 1041 1431 1079 hoc
1443 1041 1579 1079 eodem
1589 1042 1728 1080 fastum
1744 1042 1835 1080 Her-

240 1106 380 1143 culem.
407 1104 473 1152 qui
493 1102 681 1148 hodieque
699 1099 860 1136 materiae
881 1109 1027 1135 nomen
1048 1097 1088 1132 in
1110 1097 1200 1133 urbe
1219 1098 1364 1135 retinet.
1396 1097 1463 1134 Hae
1476 1098 1577 1134 enim
1597 1107 1677 1134 tum
1696 1097 1835 1147 effigies

238 1157 366 1199 Deum
378 1168 478 1196 erant
487 1153 745 1195 laudatissimae.
760 1154 851 1190 Haec
862 1153 940 1191 sunt
951 1151 1062 1191 verba
1075 1151 1200 1188 Plinii:
1222 1154 1258 1189 in
1270 1152 1404 1202 quibus
1415 1153 1541 1190 nescio
1551 1164 1595 1190 an
1606 1153 1723 1190 lector
1736 1166 1838 1191 men-

241 1218 333 1254 dnm
346 1214 651 1252 animadverterit.
683 1211 766 1260 Ego
776 1209 997 1247 sanelocum
1016 1207 1216 1259 susped‘rum
1229 1207 1369 1249 habeo,
1395 1211 1496 1246 utita
1507 1210 1652 1257 legitur.
1683 1209 1838 1247 Primus-

242 1285 318 1322 que
328 1270 500 1322 pcrsonas
517 1268 725 1319 regularum
736 1267 911 1304 extremis
930 1263 1147 1302 imbricibus
1157 1264 1330 1314 imposuit
1344 1291 1352 1305 ‚
1373 1277 1455 1314 quae
1467 1265 1669 1301 interinitia
1682 1275 1838 1316 protypa

240 1330 403 1367 vocavit.
434 1324 561 1363 Postea
580 1325 707 1374 ectypa
723 1323 823 1360 fecit.
856 1322 958 1358 Hinc
978 1323 1015 1359 δε
1034 1319 1174 1369 fastigia
1197 1321 1427 1371 templorum
1445 1331 1545 1358 otta.
1567 1321 1721 1371 Propter
1738 1320 1839 1359 hunc

241 1382 360 1435 plastce
380 1382 564 1433 appellati.
594 1379 811 1428 Utrumque
823 1378 898 1415 hoc
917 1375 1047 1415 falsum
1060 1376 1109 1413 est
1123 1405 1132 1419 ,
1152 1376 1237 1413 inde
1254 1376 1628 1427 fastigiatemplorum
1640 1387 1721 1414 otta
1738 1406 1747 1422 ‚
1767 1379 1803 1414 ὃς
1816 1376 1839 1413 a

241 1438 443 1477 Dibutiade
465 1436 594 1488 plastas
607 1435 824 1487 appellatos.
850 1435 896 1471 Et
909 1433 1001 1471 falso
1012 1432 1086 1470 hoc
1104 1434 1224 1470 autori
1245 1431 1444 1471 ascribitur.
1467 1433 1581 1472 Aliud
1593 1434 1693 1470 enim
1706 1431 1840 1482 fignifi-

243 1507 329 1533 carc
341 1495 471 1532 voluit.
504 1492 655 1544 Nempe
666 1516 674 1530 ,
697 1489 941 1528 Dibutiadem
953 1490 1114 1540 primum
1125 1488 1269 1538 fastigiis
1282 1489 1515 1539 templorum
1525 1488 1648 1526 fiffilia
1660 1487 1758 1537 figna
1769 1490 1840 1526 im-

244 1550 408 1603 posuiss'e.
442 1550 625 1586 Extremae
636 1542 743 1584 'enim
754 1546 927 1586 imbrices
947 1545 1089 1595 fastigio
1109 1545 1339 1583 incumbunt
1352 1571 1360 1585 ‚
1386 1545 1407 1581 a
1419 1544 1551 1594 quibus
1563 1556 1628 1595 per
1646 1546 1839 1594 colliquias

245 1607 515 1645 stillicidiorum
536 1615 631 1654 aqua
649 1604 686 1640 in
708 1603 972 1654 compluvium
991 1601 1170 1648 dejicitur.
1206 1604 1292 1655 Qa
1309 1602 1420 1650 igitur
1438 1600 1613 1637 imbrices
1632 1599 1842 1650 fastigioin-

247 1663 492 1706 erimbebaut,
508 1660 557 1697 ibi
568 1659 668 1710 signa
678 1658 893 1696 collocabat
906 1656 1125 1695 Dibutiades
1140 1686 1149 1701 ,
1169 1659 1205 1694 ὅ(
1217 1659 1279 1705 qui
1292 1656 1417 1709 postea
1428 1656 1570 1706 sequuti
1581 1658 1672 1694 sunt.
1703 1657 1843 1694 Plinius

245 1719 309 1756 lib.
332 1732 352 1755 x
366 1731 385 1755 x
398 1729 448 1755 xv
459 1731 488 1754 1.
511 1729 591 1766 cap.
618 1729 648 1760 5.
689 1715 900 1753 Pantheum
921 1714 1113 1752 decoravit
1126 1714 1319 1762 Diogenes
1331 1711 1577 1756 Atheniensis,
1590 1715 1627 1750 ὃ(
1640 1712 1840 1759 caryatides

245 1776 285 1812 in
306 1775 491 1812 columnis
504 1773 636 1823 templi
649 1774 726 1818 eius
745 1771 946 1821 probantur
964 1772 1058 1807 inter
1069 1780 1185 1819 pauca
1200 1781 1359 1819 operum
1375 1799 1384 1813 ,
1406 1768 1500 1806 sicut
1510 1770 1547 1805 in
1559 1769 1703 1817 fastigio
1723 1767 1840 1817 polita

248 1829 347 1879 signa
362 1860 371 1874 ,
398 1829 455 1866 scd
475 1839 627 1879 propter
645 1827 879 1865 altitudinem
898 1827 974 1863 loci
997 1827 1118 1862 minus
1139 1825 1334 1862 celebrata.
1364 1824 1452 1862 Inde
1471 1826 1580 1873 igitur
1600 1823 1702 1872 quod
1714 1822 1840 1872 plastes

249 1888 389 1935 primus
400 1884 537 1932 fastigia
548 1884 722 1922 ornass‘et,
743 1882 905 1920 obtinuit
916 1892 956 1919 ut
967 1881 1105 1931 fastigia
1118 1891 1247 1918 ornata
1257 1881 1383 1929 figuris
1392 1879 1509 1930 plastae
1521 1880 1740 1916 dicerentur.
1762 1878 1841 1915 Lo-

251 1952 315 1977 cus
326 1942 434 1989 igitur
446 1940 571 1988 paucis
592 1939 741 1974 mutatis
753 1938 800 1974 sic
811 1938 988 1986 legendus
1003 1937 1063 1973 est.
1095 1935 1308 1984 Primusque
1321 1935 1490 1985 personas
1503 1935 1710 1982 regularum
1723 1944 1839 1970 extre-

250 1998 320 2033 mis
332 1993 732 2042 imbricibusimposuit
746 2021 754 2036 ‚
776 2005 858 2040 quae
870 1994 967 2028 inter
986 1993 1088 2027 initia
1099 2000 1259 2039 protypa
1279 1991 1447 2034 vocavit,
1463 1989 1589 2040 postea
1601 1989 1702 2025 idem
1713 1990 1841 2039 eftypa

251 2052 351 2089 fecit.
387 2051 486 2087 Hinc
498 2047 632 2097 fastigia
642 2048 874 2096 templorum
887 2056 1036 2084 ornata,
1059 2055 1210 2095 propter
1222 2044 1319 2081 hunc
1332 2045 1449 2095 plastoe
1463 2045 1643 2094 appellati.
1669 2044 1729 2080 Sic
1741 2047 1841 2082 enim

252 2107 364 2144 lectio
377 2105 563 2157 perspicua
573 2105 650 2141 erit.
661 2101 777 2140 Unde
789 2101 865 2139 hoc
876 2100 1077 2143 discemus,
1092 2099 1195 2149 quod
1207 2100 1292 2136 alibi
1305 2090 1483 2149 nusquam
1496 2102 1690 2150 reperitur,
1706 2099 1843 2150 fastigia

253 2162 362 2212 signis
381 2171 510 2198 ornata
527 2159 653 2210 plastas
672 2160 812 2196 vocari.
832 2155 1043 2204 cujusmodi
1064 2155 1112 2193 est
1122 2155 1210 2192 illud
1222 2155 1404 2205 fastigium
1423 2155 1566 2194 aedificii
1579 2157 1842 2193 recentiorisin

254 2219 462 2267 Capitolio.
482 2215 587 2265 quod
599 2215 811 2253 ornamenti
821 2225 947 2262 genus,
967 2211 1152 2249 beneficio
1165 2212 1288 2255 Plinii,
1305 2212 1424 2248 nostra
1437 2223 1549 2262 opera
1561 2213 1732 2256 restituti,
1743 2212 1843 2262 post-

253 2274 324 2312 hac
336 2273 489 2322 exprimi
508 2272 646 2321 poterit
667 2282 745 2306 uno
757 2271 886 2308 verbo.
905 2268 992 2304 Hoc
1005 2263 1196 2311 volebam,
1207 2268 1321 2304 lettor-
1340 2267 1480 2304 nescius
1491 2280 1536 2304 ne
1546 2267 1643 2304 efl'et.
1673 2267 1744 2304 Sed
1757 2269 1843 2316 quia

253 2329 442 2372 imbrices,
455 2327 490 2363 &
501 2325 793 2370 imbricata,sunt
806 2326 1132 2373 conjugata‚r0gat
1144 2324 1333 2368 Vitruvius
1344 2334 1383 2360 ut
1395 2322 1427 2359 se
1439 2323 1619 2373 aspiciam.
1638 2323 1730 2360 Vitii
1742 2324 1843 2360 enim

256 2385 396 2434 aliquid
406 2382 486 2427 csse,
501 2382 564 2419 ubi
576 2381 833 2418 deimbricato
843 2391 957 2432 opere
969 2381 1137 2428 loquitur
1156 2379 1217 2415 lib.
1237 2391 1250 2415 1
1265 2393 1296 2415 1.
1310 2391 1341 2415 c.
1359 2388 1393 2417 8.
1410 2379 1546 2416 Etsane
1559 2389 1646 2416 toto
1658 2391 1706 2416 eo
1721 2380 1843 2430 capite

254 2441 418 2491 perlecto
437 2439 545 2490 unius
565 2447 712 2474 tantum
733 2437 886 2474 literulae
907 2436 1119 2472 mutatione
1138 2434 1268 2471 locum
1289 2435 1453 2472 laborare
1465 2435 1724 2472 animadverti:
1747 2436 1843 2473 male

255 2498 357 2533 enim
370 2498 644 2542 incertum,pro
655 2491 979 2541 insertum,legitur
990 2492 1027 2527 in
1040 2489 1189 2528 duobus
1201 2491 1306 2527 locis.
1320 2491 1456 2528 Nolim
1468 2491 1645 2528 lectorem
1659 2492 1845 2541 pigeatin-

257 2561 404 2602 regrum
417 2546 526 2600 'caput
538 2549 862 2598 perlegere‚quum
873 2547 983 2585 breve
995 2545 1202 2584 admodum
1215 2545 1267 2583 sit.
1282 2547 1842 2596 StruC‘rurarum,-inquit,genera

255 2606 336 2644 sunt
348 2608 426 2644 haec
440 2635 450 2650 ,
469 2605 706 2642 reticulatum
717 2633 726 2648 ,
745 2615 823 2652 quo
836 2615 935 2639 nunc
946 2614 1078 2639 omnes
1091 2611 1252 2640 utuntur,
1266 2604 1303 2638 ὃ(
1316 2604 1529 2650 antiquum,
1554 2603 1658 2650 quod
1670 2602 1840 2639 insertum

259 2662 401 2699 dicitur.
422 2674 463 2698 ex
477 2661 532 2698 his
550 2659 731 2697 venustius
747 2658 796 2695 est
814 2658 1050 2695 reticulatum
1064 2686 1074 2700 ,
1094 2657 1154 2693 scd
1175 2657 1219 2693 ad
1236 2659 1344 2695 rimas
1358 2657 1542 2695 faciendas
1554 2659 1641 2694 ideo
1661 2666 1839 2708 paratum,

260 2718 363 2766 quod
375 2720 411 2754 in
430 2727 562 2754 omnes
572 2725 693 2765 partes
714 2714 880 2752 diffoluta
892 2713 1024 2751 habeat
1037 2712 1170 2750 cubilia
1183 2741 1192 2757 ‚
1215 2713 1251 2749 ὃς
1272 2723 1505 2761 coagmenta.
1536 2713 1668 2750 Inserta
1679 2723 1767 2749 vero
1780 2722 1840 2747 ce-

258 2783 395 2811 menta,
410 2771 588 2821 aliasuper
599 2771 667 2807 alia
679 2771 849 2815 sedentia,
862 2772 955 2806 inter
965 2768 1073 2818 seque
1085 2768 1278 2806 imbricata
1289 2797 1299 2813 ,
1310 2780 1388 2805 non
1401 2767 1599 2818 speciosam
1613 2796 1622 2811 ,
1633 2767 1689 2804 sed
1699 2765 1842 2803 firmio-

260 2839 460 2876 remquam
478 2826 668 2864 reticulata
688 2826 852 2876 praestant
873 2825 1044 2874 speciem.
1077 2823 1385 2862 Haeoemisiocus
1399 2824 1479 2861 satis
1498 2823 1647 2860 indicat,
1662 2821 1840 2860 struamae

259 2895 373 2933 genus
385 2881 558 2920 insertum
570 2881 643 2919 dici
654 2910 665 2927 ,
683 2894 804 2931 quum
816 2891 988 2920 cementa
997 2881 1065 2918 alia
1076 2880 1113 2917 in
1125 2881 1192 2918 alia
1203 2879 1412 2918 inseruntur
1424 2907 1434 2924 ‚
1452 2880 1547 2916 inter
1555 2877 1589 2914 se
1598 2878 1699 2917 velut
1716 2876 1841 2914 imbri-

1746 2943 1839 2972 cata¹
