<?xml version="1.0" encoding="UTF-8"?>
<!DOCTYPE html PUBLIC "-//W3C//DTD XHTML 1.0 Transitional//EN"
    "http://www.w3.org/TR/xhtml1/DTD/xhtml1-transitional.dtd">
<html xmlns="http://www.w3.org/1999/xhtml" xml:lang="en" lang="en">
 <head>
  <title>
</title>
<meta http-equiv="Content-Type" content="text/html;charset=utf-8" />
  <meta name='ocr-system' content='tesseract 3.04.00' />
  <meta name='ocr-capabilities' content='ocr_page ocr_carea ocr_par ocr_line ocrx_word'/>
</head>
<body>
  <div class='ocr_page' id='page_1' title='image "./vitruviipollioni00vitr_0220.png"; bbox 0 0 2023 3162; ppageno 0'>
   <div class='ocr_carea' id='block_1_1' title="bbox 261 81 1784 136">
    <p class='ocr_par' dir='ltr' id='par_1_1' title="bbox 261 81 1784 136">
     <span class='ocr_line' id='line_1_1' title="bbox 261 81 1784 136; baseline -0.005 -9"><span class='ocrx_word' id='word_1_1' title='bbox 261 104 336 136; x_wconf 69' lang='lat'>172</span> <span class='ocrx_word' id='word_1_2' title='bbox 395 85 1055 127; x_wconf 71' lang='lat' dir='ltr'>M.V1TRUV11P01.L10N1S</span> <span class='ocrx_word' id='word_1_3' title='bbox 1086 94 1149 120; x_wconf 71' lang='lat' dir='ltr'>Dr:</span> <span class='ocrx_word' id='word_1_4' title='bbox 1180 81 1784 124; x_wconf 71' lang='lat' dir='ltr'>AnculTrcT.L13.V1H.</span> 
     </span>
    </p>
   </div>
   <div class='ocr_carea' id='block_1_2' title="bbox 254 150 1860 1039">
    <p class='ocr_par' dir='ltr' id='par_1_2' title="bbox 254 150 1860 1039">
     <span class='ocr_line' id='line_1_2' title="bbox 256 150 1840 210; baseline -0.003 -16"><span class='ocrx_word' id='word_1_5' title='bbox 256 160 435 210; x_wconf 81' lang='lat' dir='ltr'>explicata</span> <span class='ocrx_word' id='word_1_6' title='bbox 445 155 579 193; x_wconf 91' lang='lat' dir='ltr'>fuerint</span> <span class='ocrx_word' id='word_1_7' title='bbox 591 183 601 199; x_wconf 86' lang='lat'>‚</span> <span class='ocrx_word' id='word_1_8' title='bbox 612 156 649 190; x_wconf 73' lang='grc' dir='ltr'>δε</span> <span class='ocrx_word' id='word_1_9' title='bbox 662 151 706 190; x_wconf 88' lang='lat' dir='ltr'>ad</span> <span class='ocrx_word' id='word_1_10' title='bbox 717 163 850 201; x_wconf 82' lang='lat' dir='ltr'>aquam</span> <span class='ocrx_word' id='word_1_11' title='bbox 863 153 931 188; x_wconf 91' lang='lat' dir='ltr'>erit</span> <span class='ocrx_word' id='word_1_12' title='bbox 942 161 1173 201; x_wconf 88' lang='lat' dir='ltr'>perventum,</span> <span class='ocrx_word' id='word_1_13' title='bbox 1184 161 1274 187; x_wconf 89' lang='lat' dir='ltr'>tunc</span> <span class='ocrx_word' id='word_1_14' title='bbox 1285 160 1414 201; x_wconf 86' lang='lat' dir='ltr'>puteus</span> <span class='ocrx_word' id='word_1_15' title='bbox 1424 151 1472 188; x_wconf 84' lang='lat' dir='ltr'>ita</span> <span class='ocrx_word' id='word_1_16' title='bbox 1488 150 1648 201; x_wconf 85' lang='lat' dir='ltr'>sepiatur</span> <span class='ocrx_word' id='word_1_17' title='bbox 1656 153 1840 194; x_wconf 58' lang='lat' dir='ltr'>strufiiura.</span> 
     </span>
     <span class='ocr_line' id='line_1_3' title="bbox 258 206 1845 260; baseline -0.004 -7"><span class='ocrx_word' id='word_1_18' title='bbox 258 227 305 253; x_wconf 89' lang='lat' dir='ltr'>ne</span> <span class='ocrx_word' id='word_1_19' title='bbox 316 216 534 252; x_wconf 87' lang='lat' dir='ltr'>obturentur</span> <span class='ocrx_word' id='word_1_20' title='bbox 545 221 657 248; x_wconf 81' lang='lat' dir='ltr'>venae.</span> <span class='ocrx_word' id='word_1_21' title='bbox 691 208 756 244; x_wconf 86' lang='lat' dir='ltr'>Sin</span> <span class='ocrx_word' id='word_1_22' title='bbox 774 216 898 244; x_wconf 89' lang='lat' dir='ltr'>autem</span> <span class='ocrx_word' id='word_1_23' title='bbox 909 207 996 243; x_wconf 88' lang='lat' dir='ltr'>loca</span> <span class='ocrx_word' id='word_1_24' title='bbox 1007 206 1094 245; x_wconf 87' lang='lat' dir='ltr'>dura</span> <span class='ocrx_word' id='word_1_25' title='bbox 1105 217 1220 246; x_wconf 91' lang='lat' dir='ltr'>erunt,</span> <span class='ocrx_word' id='word_1_26' title='bbox 1234 217 1295 243; x_wconf 85' lang='lat' dir='ltr'>aut</span> <span class='ocrx_word' id='word_1_27' title='bbox 1306 209 1342 243; x_wconf 93' lang='lat' dir='ltr'>in</span> <span class='ocrx_word' id='word_1_28' title='bbox 1353 207 1475 243; x_wconf 88' lang='lat' dir='ltr'>imum</span> <span class='ocrx_word' id='word_1_29' title='bbox 1487 218 1588 244; x_wconf 81' lang='lat' dir='ltr'>venae</span> <span class='ocrx_word' id='word_1_30' title='bbox 1608 212 1753 260; x_wconf 87' lang='lat' dir='ltr'>penitus</span> <span class='ocrx_word' id='word_1_31' title='bbox 1765 222 1845 247; x_wconf 87' lang='lat' dir='ltr'>non</span> 
     </span>
     <span class='ocr_line' id='line_1_4' title="bbox 254 261 1845 318; baseline -0.003 -10"><span class='ocrx_word' id='word_1_32' title='bbox 254 271 503 309; x_wconf 88' lang='lat' dir='ltr'>fuerint‚tunc</span> <span class='ocrx_word' id='word_1_33' title='bbox 517 264 602 318; x_wconf 79' lang='lat' dir='ltr'><em>[gg]</em></span> <span class='ocrx_word' id='word_1_34' title='bbox 617 264 763 312; x_wconf 76' lang='lat' dir='ltr'>signinis</span> <span class='ocrx_word' id='word_1_35' title='bbox 773 262 949 311; x_wconf 80' lang='lat' dir='ltr'>operibus</span> <span class='ocrx_word' id='word_1_36' title='bbox 959 276 1002 299; x_wconf 89' lang='lat' dir='ltr'>ex</span> <span class='ocrx_word' id='word_1_37' title='bbox 1016 263 1201 307; x_wconf 69' lang='lat' dir='ltr'>testis,aut</span> <span class='ocrx_word' id='word_1_38' title='bbox 1213 261 1484 312; x_wconf 70' lang='lat' dir='ltr'>asuperioribus</span> <span class='ocrx_word' id='word_1_39' title='bbox 1497 263 1604 301; x_wconf 86' lang='lat' dir='ltr'>locis,</span> <span class='ocrx_word' id='word_1_40' title='bbox 1620 267 1845 317; x_wconf 73' lang='lat' dir='ltr'>excipienda:</span> 
     </span>
     <span class='ocr_line' id='line_1_5' title="bbox 257 317 1844 375; baseline -0.002 -14"><span class='ocrx_word' id='word_1_41' title='bbox 257 328 339 364; x_wconf 86' lang='lat' dir='ltr'>sunt</span> <span class='ocrx_word' id='word_1_42' title='bbox 359 326 486 375; x_wconf 81' lang='lat' dir='ltr'>copiae.</span> <span class='ocrx_word' id='word_1_43' title='bbox 519 325 558 358; x_wconf 84' lang='lat' dir='ltr'>ln</span> <span class='ocrx_word' id='word_1_44' title='bbox 577 319 722 368; x_wconf 74' lang='lat' dir='ltr'>signinis</span> <span class='ocrx_word' id='word_1_45' title='bbox 742 327 866 354; x_wconf 87' lang='lat' dir='ltr'>autem</span> <span class='ocrx_word' id='word_1_46' title='bbox 886 319 1061 369; x_wconf 87' lang='lat' dir='ltr'>operibus</span> <span class='ocrx_word' id='word_1_47' title='bbox 1080 317 1158 355; x_wconf 87' lang='lat' dir='ltr'>haec</span> <span class='ocrx_word' id='word_1_48' title='bbox 1175 317 1196 354; x_wconf 91' lang='lat' dir='ltr'>s</span> <span class='ocrx_word' id='word_1_49' title='bbox 1192 327 1257 356; x_wconf 88' lang='lat' dir='ltr'>unt</span> <span class='ocrx_word' id='word_1_50' title='bbox 1278 317 1466 360; x_wconf 85' lang='lat' dir='ltr'>facienda,</span> <span class='ocrx_word' id='word_1_51' title='bbox 1491 319 1544 355; x_wconf 89' lang='lat' dir='ltr'>uti</span> <span class='ocrx_word' id='word_1_52' title='bbox 1560 330 1667 357; x_wconf 84' lang='lat' dir='ltr'>arena</span> <span class='ocrx_word' id='word_1_53' title='bbox 1678 322 1844 370; x_wconf 87' lang='lat' dir='ltr'>primum</span> 
     </span>
     <span class='ocr_line' id='line_1_6' title="bbox 257 373 1844 432; baseline -0.004 -12"><span class='ocrx_word' id='word_1_54' title='bbox 257 380 446 432; x_wconf 87' lang='lat' dir='ltr'>purissima</span> <span class='ocrx_word' id='word_1_55' title='bbox 460 376 728 427; x_wconf 81' lang='lat' dir='ltr'>asperrimaque</span> <span class='ocrx_word' id='word_1_56' title='bbox 739 383 898 422; x_wconf 86' lang='lat' dir='ltr'>paretur,</span> <span class='ocrx_word' id='word_1_57' title='bbox 912 385 1135 411; x_wconf 82' lang='lat' dir='ltr'>caementum</span> <span class='ocrx_word' id='word_1_58' title='bbox 1147 373 1190 410; x_wconf 90' lang='lat' dir='ltr'>dc</span> <span class='ocrx_word' id='word_1_59' title='bbox 1203 373 1298 411; x_wconf 84' lang='lat' dir='ltr'>silice</span> <span class='ocrx_word' id='word_1_60' title='bbox 1312 373 1506 423; x_wconf 79' lang='lat' dir='ltr'>frangatur,</span> <span class='ocrx_word' id='word_1_61' title='bbox 1521 385 1566 410; x_wconf 90' lang='lat' dir='ltr'>ne</span> <span class='ocrx_word' id='word_1_62' title='bbox 1578 376 1718 423; x_wconf 79' lang='lat' dir='ltr'>gravius</span> <span class='ocrx_word' id='word_1_63' title='bbox 1729 388 1844 425; x_wconf 87' lang='lat' dir='ltr'>quam</span> 
     </span>
     <span class='ocr_line' id='line_1_7' title="bbox 259 428 1848 483; baseline -0.003 -10"><span class='ocrx_word' id='word_1_64' title='bbox 259 435 351 483; x_wconf 85' lang='lat' dir='ltr'><em>[hh]</em></span> <span class='ocrx_word' id='word_1_65' title='bbox 362 434 570 472; x_wconf 85' lang='lat' dir='ltr'>librarium,</span> <span class='ocrx_word' id='word_1_66' title='bbox 584 430 664 466; x_wconf 86' lang='lat' dir='ltr'>calx</span> <span class='ocrx_word' id='word_1_67' title='bbox 677 439 789 477; x_wconf 88' lang='lat' dir='ltr'>quam</span> <span class='ocrx_word' id='word_1_68' title='bbox 799 428 1119 467; x_wconf 76' lang='lat' dir='ltr'>vehementissima</span> <span class='ocrx_word' id='word_1_69' title='bbox 1132 430 1200 475; x_wconf 81' lang='lat' dir='ltr'>[ii]</span> <span class='ocrx_word' id='word_1_70' title='bbox 1214 432 1396 467; x_wconf 89' lang='lat' dir='ltr'>mortario</span> <span class='ocrx_word' id='word_1_71' title='bbox 1414 429 1618 468; x_wconf 75' lang='lat' dir='ltr'>misceatur,</span> <span class='ocrx_word' id='word_1_72' title='bbox 1632 432 1681 467; x_wconf 86' lang='lat' dir='ltr'>ita</span> <span class='ocrx_word' id='word_1_73' title='bbox 1692 441 1731 468; x_wconf 91' lang='lat' dir='ltr'>ut</span> <span class='ocrx_word' id='word_1_74' title='bbox 1742 432 1848 479; x_wconf 89' lang='lat' dir='ltr'>quin-</span> 
     </span>
     <span class='ocr_line' id='line_1_8' title="bbox 261 482 1844 542; baseline -0.002 -15"><span class='ocrx_word' id='word_1_75' title='bbox 261 504 334 542; x_wconf 87' lang='lat' dir='ltr'>que</span> <span class='ocrx_word' id='word_1_76' title='bbox 351 500 469 541; x_wconf 86' lang='lat' dir='ltr'>partes</span> <span class='ocrx_word' id='word_1_77' title='bbox 490 496 606 522; x_wconf 81' lang='lat' dir='ltr'>arenae</span> <span class='ocrx_word' id='word_1_78' title='bbox 628 483 672 520; x_wconf 86' lang='lat' dir='ltr'>ad</span> <span class='ocrx_word' id='word_1_79' title='bbox 698 482 785 520; x_wconf 86' lang='lat' dir='ltr'>duas</span> <span class='ocrx_word' id='word_1_80' title='bbox 805 486 916 522; x_wconf 85' lang='lat' dir='ltr'>calcis</span> <span class='ocrx_word' id='word_1_81' title='bbox 934 484 1195 537; x_wconf 81' lang='lat' dir='ltr'>respondeant:</span> <span class='ocrx_word' id='word_1_82' title='bbox 1217 487 1399 522; x_wconf 84' lang='lat' dir='ltr'>mortario</span> <span class='ocrx_word' id='word_1_83' title='bbox 1428 496 1653 523; x_wconf 64' lang='lat' dir='ltr'>caementum</span> <span class='ocrx_word' id='word_1_84' title='bbox 1673 486 1844 524; x_wconf 81' lang='lat' dir='ltr'>addatur:</span> 
     </span>
     <span class='ocr_line' id='line_1_9' title="bbox 261 537 1850 595; baseline -0.005 -10"><span class='ocrx_word' id='word_1_85' title='bbox 261 561 304 585; x_wconf 87' lang='lat' dir='ltr'>ex</span> <span class='ocrx_word' id='word_1_86' title='bbox 316 559 363 583; x_wconf 91' lang='lat' dir='ltr'>eo</span> <span class='ocrx_word' id='word_1_87' title='bbox 376 545 528 595; x_wconf 85' lang='lat' dir='ltr'>parietes</span> <span class='ocrx_word' id='word_1_88' title='bbox 538 541 575 576; x_wconf 88' lang='lat' dir='ltr'>in</span> <span class='ocrx_word' id='word_1_89' title='bbox 586 537 675 576; x_wconf 79' lang='lat' dir='ltr'>fossa</span> <span class='ocrx_word' id='word_1_90' title='bbox 686 539 731 577; x_wconf 86' lang='lat' dir='ltr'>ad</span> <span class='ocrx_word' id='word_1_91' title='bbox 751 540 1011 578; x_wconf 81' lang='lat' dir='ltr'>libramentum</span> <span class='ocrx_word' id='word_1_92' title='bbox 1033 542 1235 579; x_wconf 76' lang='lat' dir='ltr'>altitudinis</span> <span class='ocrx_word' id='word_1_93' title='bbox 1246 541 1376 578; x_wconf 79' lang='lat' dir='ltr'>futura:</span> <span class='ocrx_word' id='word_1_94' title='bbox 1393 541 1550 591; x_wconf 74' lang='lat' dir='ltr'>depress&#39;a</span> <span class='ocrx_word' id='word_1_95' title='bbox 1562 571 1571 585; x_wconf 91' lang='lat'><em>‚</em></span> <span class='ocrx_word' id='word_1_96' title='bbox 1593 543 1781 579; x_wconf 81' lang='lat' dir='ltr'>calcentur</span> <span class='ocrx_word' id='word_1_97' title='bbox 1792 553 1850 578; x_wconf 92' lang='lat' dir='ltr'>ve-</span> 
     </span>
     <span class='ocr_line' id='line_1_10' title="bbox 262 595 1851 647; baseline -0.003 -8"><span class='ocrx_word' id='word_1_98' title='bbox 262 603 379 640; x_wconf 72' lang='lat' dir='ltr'>&amp;ibus</span> <span class='ocrx_word' id='word_1_99' title='bbox 400 598 529 647; x_wconf 73' lang='lat' dir='ltr'>ligneis</span> <span class='ocrx_word' id='word_1_100' title='bbox 551 595 703 632; x_wconf 88' lang='lat' dir='ltr'>ferratis.</span> <span class='ocrx_word' id='word_1_101' title='bbox 735 596 935 634; x_wconf 81' lang='lat' dir='ltr'>Parietibus</span> <span class='ocrx_word' id='word_1_102' title='bbox 956 597 1103 634; x_wconf 80' lang='lat' dir='ltr'>calcatis</span> <span class='ocrx_word' id='word_1_103' title='bbox 1122 600 1159 634; x_wconf 92' lang='lat' dir='ltr'>in</span> <span class='ocrx_word' id='word_1_104' title='bbox 1180 596 1308 634; x_wconf 88' lang='lat' dir='ltr'>medio</span> <span class='ocrx_word' id='word_1_105' title='bbox 1320 598 1426 646; x_wconf 88' lang='lat' dir='ltr'>quod</span> <span class='ocrx_word' id='word_1_106' title='bbox 1444 599 1511 634; x_wconf 89' lang='lat' dir='ltr'>erit</span> <span class='ocrx_word' id='word_1_107' title='bbox 1531 608 1719 634; x_wconf 88' lang='lat' dir='ltr'>terrenum</span> <span class='ocrx_word' id='word_1_108' title='bbox 1731 599 1851 634; x_wconf 87' lang='lat' dir='ltr'>exina-</span> 
     </span>
     <span class='ocr_line' id='line_1_11' title="bbox 261 652 1860 703; baseline -0.003 -10"><span class='ocrx_word' id='word_1_109' title='bbox 261 659 380 694; x_wconf 84' lang='lat' dir='ltr'>niatur</span> <span class='ocrx_word' id='word_1_110' title='bbox 400 654 445 691; x_wconf 87' lang='lat' dir='ltr'>ad</span> <span class='ocrx_word' id='word_1_111' title='bbox 462 652 724 689; x_wconf 77' lang='lat' dir='ltr'>libramentum</span> <span class='ocrx_word' id='word_1_112' title='bbox 744 652 863 689; x_wconf 89' lang='lat' dir='ltr'>imum</span> <span class='ocrx_word' id='word_1_113' title='bbox 884 654 1067 703; x_wconf 86' lang='lat' dir='ltr'>parietum</span> <span class='ocrx_word' id='word_1_114' title='bbox 1080 683 1090 698; x_wconf 86' lang='lat'><em>‚</em></span> <span class='ocrx_word' id='word_1_115' title='bbox 1113 656 1148 692; x_wconf 71' lang='grc' dir='ltr'>ὃ(</span> <span class='ocrx_word' id='word_1_116' title='bbox 1163 663 1356 701; x_wconf 73' lang='lat' dir='ltr'>cxaequato</span> <span class='ocrx_word' id='word_1_117' title='bbox 1368 652 1449 690; x_wconf 93' lang='lat' dir='ltr'>solo</span> <span class='ocrx_word' id='word_1_118' title='bbox 1467 666 1510 690; x_wconf 87' lang='lat' dir='ltr'>ex</span> <span class='ocrx_word' id='word_1_119' title='bbox 1522 654 1656 690; x_wconf 90' lang='lat' dir='ltr'>eodem</span> <span class='ocrx_word' id='word_1_120' title='bbox 1669 653 1860 690; x_wconf 81' lang='lat' dir='ltr'>mortario·</span> 
     </span>
     <span class='ocr_line' id='line_1_12' title="bbox 262 706 1850 759; baseline -0.003 -10"><span class='ocrx_word' id='word_1_121' title='bbox 262 713 422 749; x_wconf 77' lang='lat' dir='ltr'>calcetur</span> <span class='ocrx_word' id='word_1_122' title='bbox 432 709 689 759; x_wconf 88' lang='lat' dir='ltr'>pavimentum</span> <span class='ocrx_word' id='word_1_123' title='bbox 700 707 746 744; x_wconf 83' lang='lat' dir='ltr'>ad</span> <span class='ocrx_word' id='word_1_124' title='bbox 759 706 1032 746; x_wconf 80' lang='lat' dir='ltr'>crassitudinem</span> <span class='ocrx_word' id='word_1_125' title='bbox 1045 734 1053 747; x_wconf 94' lang='lat'>,</span> <span class='ocrx_word' id='word_1_126' title='bbox 1075 722 1158 759; x_wconf 78' lang='lat' dir='ltr'>qua:</span> <span class='ocrx_word' id='word_1_127' title='bbox 1173 709 1372 747; x_wconf 86' lang='lat' dir='ltr'>constituta</span> <span class='ocrx_word' id='word_1_128' title='bbox 1383 709 1500 747; x_wconf 89' lang='lat' dir='ltr'>fuerit.</span> <span class='ocrx_word' id='word_1_129' title='bbox 1532 710 1582 747; x_wconf 84' lang='lat' dir='ltr'>Ea</span> <span class='ocrx_word' id='word_1_130' title='bbox 1592 720 1717 746; x_wconf 84' lang='lat' dir='ltr'>autem</span> <span class='ocrx_word' id='word_1_131' title='bbox 1729 710 1814 745; x_wconf 84' lang='lat' dir='ltr'>loca</span> <span class='ocrx_word' id='word_1_132' title='bbox 1824 707 1850 745; x_wconf 86' lang='lat' dir='ltr'>fi</span> 
     </span>
     <span class='ocr_line' id='line_1_13' title="bbox 264 763 1849 819; baseline -0.002 -16"><span class='ocrx_word' id='word_1_133' title='bbox 264 763 342 819; x_wconf 74' lang='lat' dir='ltr'><em>[kk]</em></span> <span class='ocrx_word' id='word_1_134' title='bbox 365 765 526 815; x_wconf 85' lang='lat' dir='ltr'>duplicia</span> <span class='ocrx_word' id='word_1_135' title='bbox 544 774 606 800; x_wconf 88' lang='lat' dir='ltr'>aut</span> <span class='ocrx_word' id='word_1_136' title='bbox 624 765 778 813; x_wconf 86' lang='lat' dir='ltr'>triplicia</span> <span class='ocrx_word' id='word_1_137' title='bbox 798 764 891 801; x_wconf 66' lang='lat' dir='ltr'>fasta</span> <span class='ocrx_word' id='word_1_138' title='bbox 911 763 1044 802; x_wconf 90' lang='lat' dir='ltr'>fuerint</span> <span class='ocrx_word' id='word_1_139' title='bbox 1057 794 1066 809; x_wconf 93' lang='lat'>‚</span> <span class='ocrx_word' id='word_1_140' title='bbox 1085 767 1138 802; x_wconf 88' lang='lat' dir='ltr'>uti</span> <span class='ocrx_word' id='word_1_141' title='bbox 1157 765 1474 816; x_wconf 86' lang='lat' dir='ltr'>percolationibus</span> <span class='ocrx_word' id='word_1_142' title='bbox 1490 777 1595 815; x_wconf 84' lang='lat' dir='ltr'>aquae</span> <span class='ocrx_word' id='word_1_143' title='bbox 1615 763 1849 802; x_wconf 86' lang='lat' dir='ltr'>transmutari</span> 
     </span>
     <span class='ocr_line' id='line_1_14' title="bbox 261 819 1850 873; baseline -0.002 -14"><span class='ocrx_word' id='word_1_144' title='bbox 261 821 414 873; x_wconf 77' lang='lat' dir='ltr'>possint,</span> <span class='ocrx_word' id='word_1_145' title='bbox 428 821 547 858; x_wconf 87' lang='lat' dir='ltr'>multo</span> <span class='ocrx_word' id='word_1_146' title='bbox 556 819 797 857; x_wconf 84' lang='lat' dir='ltr'>salubriorem</span> <span class='ocrx_word' id='word_1_147' title='bbox 808 823 883 866; x_wconf 82' lang='lat' dir='ltr'>ejus</span> <span class='ocrx_word' id='word_1_148' title='bbox 904 820 1010 857; x_wconf 91' lang='lat' dir='ltr'>usum</span> <span class='ocrx_word' id='word_1_149' title='bbox 1020 819 1190 858; x_wconf 87' lang='lat' dir='ltr'>efficient.</span> <span class='ocrx_word' id='word_1_150' title='bbox 1222 821 1353 857; x_wconf 83' lang='lat' dir='ltr'>Limus</span> <span class='ocrx_word' id='word_1_151' title='bbox 1364 821 1464 857; x_wconf 90' lang='lat' dir='ltr'>enim</span> <span class='ocrx_word' id='word_1_152' title='bbox 1483 833 1570 858; x_wconf 87' lang='lat' dir='ltr'>cum</span> <span class='ocrx_word' id='word_1_153' title='bbox 1584 820 1754 858; x_wconf 85' lang='lat' dir='ltr'>habuerit</span> <span class='ocrx_word' id='word_1_154' title='bbox 1770 831 1850 869; x_wconf 87' lang='lat' dir='ltr'>quo</span> 
     </span>
     <span class='ocr_line' id='line_1_15' title="bbox 262 873 1852 927; baseline -0.003 -11"><span class='ocrx_word' id='word_1_155' title='bbox 262 877 428 916; x_wconf 82' lang='lat' dir='ltr'>subsidat,</span> <span class='ocrx_word' id='word_1_156' title='bbox 442 875 628 925; x_wconf 87' lang='lat' dir='ltr'>limpidior</span> <span class='ocrx_word' id='word_1_157' title='bbox 637 887 731 923; x_wconf 84' lang='lat' dir='ltr'>aqua</span> <span class='ocrx_word' id='word_1_158' title='bbox 740 875 814 920; x_wconf 85' lang='lat' dir='ltr'>fiet,</span> <span class='ocrx_word' id='word_1_159' title='bbox 825 878 861 913; x_wconf 90' lang='lat'>&amp;</span> <span class='ocrx_word' id='word_1_160' title='bbox 875 875 948 912; x_wconf 77' lang='lat' dir='ltr'>sine</span> <span class='ocrx_word' id='word_1_161' title='bbox 961 877 1143 914; x_wconf 88' lang='lat' dir='ltr'>odoribus</span> <span class='ocrx_word' id='word_1_162' title='bbox 1155 877 1381 914; x_wconf 86' lang='lat' dir='ltr'>conservabit</span> <span class='ocrx_word' id='word_1_163' title='bbox 1390 875 1566 926; x_wconf 90' lang='lat' dir='ltr'>saporem:</span> <span class='ocrx_word' id='word_1_164' title='bbox 1581 876 1606 913; x_wconf 85' lang='lat' dir='ltr'>si</span> <span class='ocrx_word' id='word_1_165' title='bbox 1618 888 1707 914; x_wconf 89' lang='lat' dir='ltr'>non,</span> <span class='ocrx_word' id='word_1_166' title='bbox 1728 873 1789 927; x_wconf 83' lang='lat' dir='ltr'>[ll]</span> <span class='ocrx_word' id='word_1_167' title='bbox 1804 875 1852 912; x_wconf 87' lang='lat' dir='ltr'>sa-</span> 
     </span>
     <span class='ocr_line' id='line_1_16' title="bbox 262 930 1851 985; baseline -0.003 -14"><span class='ocrx_word' id='word_1_168' title='bbox 262 936 336 972; x_wconf 90' lang='lat' dir='ltr'>lem</span> <span class='ocrx_word' id='word_1_169' title='bbox 360 932 445 969; x_wconf 88' lang='lat' dir='ltr'>addi</span> <span class='ocrx_word' id='word_1_170' title='bbox 464 930 605 968; x_wconf 74' lang='lat' dir='ltr'>neccsse</span> <span class='ocrx_word' id='word_1_171' title='bbox 625 933 691 967; x_wconf 88' lang='lat' dir='ltr'>erit</span> <span class='ocrx_word' id='word_1_172' title='bbox 704 960 713 975; x_wconf 93' lang='lat'>‚</span> <span class='ocrx_word' id='word_1_173' title='bbox 735 934 772 968; x_wconf 71' lang='grc' dir='ltr'>δ(</span> <span class='ocrx_word' id='word_1_174' title='bbox 793 934 990 968; x_wconf 85' lang='lat' dir='ltr'>extenuari.</span> <span class='ocrx_word' id='word_1_175' title='bbox 1024 935 1120 985; x_wconf 79' lang='lat' dir='ltr'>Qiae</span> <span class='ocrx_word' id='word_1_176' title='bbox 1138 934 1244 984; x_wconf 87' lang='lat' dir='ltr'>potui</span> <span class='ocrx_word' id='word_1_177' title='bbox 1264 932 1308 968; x_wconf 92' lang='lat' dir='ltr'>de</span> <span class='ocrx_word' id='word_1_178' title='bbox 1326 943 1428 982; x_wconf 83' lang='lat' dir='ltr'>aquae</span> <span class='ocrx_word' id='word_1_179' title='bbox 1446 935 1578 970; x_wconf 86' lang='lat' dir='ltr'>virtute</span> <span class='ocrx_word' id='word_1_180' title='bbox 1598 935 1635 970; x_wconf 70' lang='grc' dir='ltr'>δε</span> <span class='ocrx_word' id='word_1_181' title='bbox 1653 933 1825 968; x_wconf 84' lang='lat' dir='ltr'>varietate</span> <span class='ocrx_word' id='word_1_182' title='bbox 1839 960 1851 975; x_wconf 94' lang='lat'>,</span> 
     </span>
     <span class='ocr_line' id='line_1_17' title="bbox 261 986 1851 1039; baseline -0.002 -13"><span class='ocrx_word' id='word_1_183' title='bbox 261 989 422 1039; x_wconf 80' lang='lat' dir='ltr'>quasque</span> <span class='ocrx_word' id='word_1_184' title='bbox 441 987 574 1024; x_wconf 78' lang='lat' dir='ltr'>habeat</span> <span class='ocrx_word' id='word_1_185' title='bbox 594 987 788 1026; x_wconf 87' lang='lat' dir='ltr'>utilitates,</span> <span class='ocrx_word' id='word_1_186' title='bbox 812 986 1018 1037; x_wconf 88' lang='lat' dir='ltr'>quibusque</span> <span class='ocrx_word' id='word_1_187' title='bbox 1035 987 1240 1026; x_wconf 88' lang='lat' dir='ltr'>rationibus</span> <span class='ocrx_word' id='word_1_188' title='bbox 1270 989 1422 1025; x_wconf 87' lang='lat' dir='ltr'>ducatur</span> <span class='ocrx_word' id='word_1_189' title='bbox 1443 991 1479 1026; x_wconf 72' lang='grc' dir='ltr'>δε</span> <span class='ocrx_word' id='word_1_190' title='bbox 1500 988 1697 1039; x_wconf 82' lang='lat' dir='ltr'>probetur,</span> <span class='ocrx_word' id='word_1_191' title='bbox 1718 988 1754 1023; x_wconf 91' lang='lat' dir='ltr'>in</span> <span class='ocrx_word' id='word_1_192' title='bbox 1774 987 1851 1023; x_wconf 88' lang='lat' dir='ltr'>hoc</span> 
     </span>
    </p>
   </div>
   <div class='ocr_carea' id='block_1_3' title="bbox 261 1041 1850 1150">
    <p class='ocr_par' dir='ltr' id='par_1_3' title="bbox 261 1041 1850 1150">
     <span class='ocr_line' id='line_1_18' title="bbox 261 1041 1850 1094; baseline -0.003 -11"><span class='ocrx_word' id='word_1_193' title='bbox 261 1046 456 1083; x_wconf 89' lang='lat' dir='ltr'>volumine</span> <span class='ocrx_word' id='word_1_194' title='bbox 477 1043 602 1092; x_wconf 85' lang='lat' dir='ltr'>posui:</span> <span class='ocrx_word' id='word_1_195' title='bbox 623 1042 668 1079; x_wconf 93' lang='lat' dir='ltr'>de</span> <span class='ocrx_word' id='word_1_196' title='bbox 679 1044 922 1091; x_wconf 81' lang='lat' dir='ltr'>gnomonicis</span> <span class='ocrx_word' id='word_1_197' title='bbox 933 1055 1023 1082; x_wconf 89' lang='lat' dir='ltr'>veto</span> <span class='ocrx_word' id='word_1_198' title='bbox 1036 1044 1142 1082; x_wconf 90' lang='lat' dir='ltr'>rebus</span> <span class='ocrx_word' id='word_1_199' title='bbox 1162 1044 1199 1081; x_wconf 71' lang='grc' dir='ltr'>δε</span> <span class='ocrx_word' id='word_1_200' title='bbox 1218 1043 1508 1094; x_wconf 85' lang='lat' dir='ltr'>horologiorum</span> <span class='ocrx_word' id='word_1_201' title='bbox 1528 1045 1733 1081; x_wconf 87' lang='lat' dir='ltr'>rationibus</span> <span class='ocrx_word' id='word_1_202' title='bbox 1744 1045 1781 1081; x_wconf 89' lang='lat' dir='ltr'>in</span> <span class='ocrx_word' id='word_1_203' title='bbox 1799 1041 1850 1079; x_wconf 85' lang='lat' dir='ltr'>se-</span> 
     </span>
     <span class='ocr_line' id='line_1_19' title="bbox 263 1097 641 1150; baseline -0.008 -13"><span class='ocrx_word' id='word_1_204' title='bbox 263 1101 393 1150; x_wconf 85' lang='lat' dir='ltr'>quenti</span> <span class='ocrx_word' id='word_1_205' title='bbox 409 1097 641 1149; x_wconf 81' lang='lat' dir='ltr'>perscribam.</span> 
     </span>
    </p>
   </div>
   <div class='ocr_carea' id='block_1_4' title="bbox 259 1237 1854 2049">
    <p class='ocr_par' dir='ltr' id='par_1_4' title="bbox 259 1237 1854 1726">
     <span class='ocr_line' id='line_1_20' title="bbox 259 1237 1849 1279; baseline 0 -14"><span class='ocrx_word' id='word_1_206' title='bbox 259 1241 316 1277; x_wconf 83' lang='lat' dir='ltr'>gg]</span> <span class='ocrx_word' id='word_1_207' title='bbox 337 1239 421 1267; x_wconf 84' lang='lat' dir='ltr'>Idem.</span> <span class='ocrx_word' id='word_1_208' title='bbox 443 1239 567 1267; x_wconf 79' lang='lat' dir='ltr'>Diximus</span> <span class='ocrx_word' id='word_1_209' title='bbox 578 1239 710 1279; x_wconf 86' lang='lat' dir='ltr'>signinum</span> <span class='ocrx_word' id='word_1_210' title='bbox 721 1249 786 1277; x_wconf 84' lang='lat' dir='ltr'>opus</span> <span class='ocrx_word' id='word_1_211' title='bbox 794 1237 851 1266; x_wconf 85' lang='lat' dir='ltr'>fieri</span> <span class='ocrx_word' id='word_1_212' title='bbox 860 1248 892 1266; x_wconf 82' lang='lat' dir='ltr'>ex</span> <span class='ocrx_word' id='word_1_213' title='bbox 902 1238 974 1266; x_wconf 83' lang='lat' dir='ltr'>testis</span> <span class='ocrx_word' id='word_1_214' title='bbox 985 1238 1110 1270; x_wconf 76' lang='lat' dir='ltr'>contusis,</span> <span class='ocrx_word' id='word_1_215' title='bbox 1119 1237 1206 1266; x_wconf 83' lang='lat' dir='ltr'>addita</span> <span class='ocrx_word' id='word_1_216' title='bbox 1216 1238 1296 1267; x_wconf 81' lang='lat' dir='ltr'>calce.</span> <span class='ocrx_word' id='word_1_217' title='bbox 1309 1239 1429 1267; x_wconf 76' lang='lat' dir='ltr'>(edistius</span> <span class='ocrx_word' id='word_1_218' title='bbox 1439 1237 1538 1266; x_wconf 80' lang='lat' dir='ltr'>diversa</span> <span class='ocrx_word' id='word_1_219' title='bbox 1548 1238 1582 1265; x_wconf 79' lang='lat' dir='ltr'>est</span> <span class='ocrx_word' id='word_1_220' title='bbox 1595 1238 1769 1276; x_wconf 79' lang='lat' dir='ltr'>compositio.</span> <span class='ocrx_word' id='word_1_221' title='bbox 1781 1238 1849 1266; x_wconf 86' lang='lat' dir='ltr'>Vide</span> 
     </span>
     <span class='ocr_line' id='line_1_21' title="bbox 303 1275 1851 1321; baseline -0.001 -14"><span class='ocrx_word' id='word_1_222' title='bbox 303 1280 433 1308; x_wconf 84' lang='lat' dir='ltr'>Lexicon.</span> <span class='ocrx_word' id='word_1_223' title='bbox 456 1281 506 1307; x_wconf 91' lang='lat' dir='ltr'>Pro</span> <span class='ocrx_word' id='word_1_224' title='bbox 516 1280 581 1315; x_wconf 71' lang='lat' dir='ltr'>testis</span> <span class='ocrx_word' id='word_1_225' title='bbox 588 1279 754 1307; x_wconf 89' lang='lat' dir='ltr'>scribendum</span> <span class='ocrx_word' id='word_1_226' title='bbox 765 1279 878 1311; x_wconf 86' lang='lat' dir='ltr'>videtur,</span> <span class='ocrx_word' id='word_1_227' title='bbox 889 1278 960 1318; x_wconf 89' lang='lat' dir='ltr'>quod</span> <span class='ocrx_word' id='word_1_228' title='bbox 969 1279 993 1306; x_wconf 94' lang='lat' dir='ltr'>in</span> <span class='ocrx_word' id='word_1_229' title='bbox 1004 1279 1117 1318; x_wconf 82' lang='lat' dir='ltr'>antiquis</span> <span class='ocrx_word' id='word_1_230' title='bbox 1128 1279 1265 1308; x_wconf 82' lang='lat' dir='ltr'>codicibus</span> <span class='ocrx_word' id='word_1_231' title='bbox 1276 1280 1384 1321; x_wconf 80' lang='lat' dir='ltr'>legitur,</span> <span class='ocrx_word' id='word_1_232' title='bbox 1397 1281 1464 1307; x_wconf 55' lang='lat' dir='ltr'>testis</span> <span class='ocrx_word' id='word_1_233' title='bbox 1475 1291 1482 1306; x_wconf 94' lang='lat'><em>:</em></span> <span class='ocrx_word' id='word_1_234' title='bbox 1495 1278 1650 1317; x_wconf 76' lang='lat' dir='ltr'>causamque</span> <span class='ocrx_word' id='word_1_235' title='bbox 1660 1281 1755 1307; x_wconf 86' lang='lat' dir='ltr'>erroris</span> <span class='ocrx_word' id='word_1_236' title='bbox 1765 1275 1851 1315; x_wconf 70' lang='lat' dir='ltr'>fuiss&#39;e,</span> 
     </span>
     <span class='ocr_line' id='line_1_22' title="bbox 302 1318 1852 1359; baseline -0.001 -11"><span class='ocrx_word' id='word_1_237' title='bbox 302 1320 376 1358; x_wconf 89' lang='lat' dir='ltr'>quod</span> <span class='ocrx_word' id='word_1_238' title='bbox 384 1319 516 1359; x_wconf 72' lang='lat' dir='ltr'>signinum</span> <span class='ocrx_word' id='word_1_239' title='bbox 527 1329 593 1359; x_wconf 81' lang='lat' dir='ltr'>opus</span> <span class='ocrx_word' id='word_1_240' title='bbox 604 1321 674 1348; x_wconf 83' lang='lat' dir='ltr'>testis</span> <span class='ocrx_word' id='word_1_241' title='bbox 685 1320 746 1348; x_wconf 84' lang='lat' dir='ltr'>tufis</span> <span class='ocrx_word' id='word_1_242' title='bbox 757 1318 801 1347; x_wconf 78' lang='lat' dir='ltr'>fiat</span> <span class='ocrx_word' id='word_1_243' title='bbox 809 1340 815 1347; x_wconf 87' lang='lat'>.</span> <span class='ocrx_word' id='word_1_244' title='bbox 828 1329 944 1358; x_wconf 87' lang='lat' dir='ltr'>quorum</span> <span class='ocrx_word' id='word_1_245' title='bbox 956 1319 1085 1348; x_wconf 81' lang='lat' dir='ltr'>librorum</span> <span class='ocrx_word' id='word_1_246' title='bbox 1093 1319 1248 1358; x_wconf 79' lang='lat' dir='ltr'>scripturam</span> <span class='ocrx_word' id='word_1_247' title='bbox 1258 1321 1364 1357; x_wconf 77' lang='lat' dir='ltr'>adjuvat</span> <span class='ocrx_word' id='word_1_248' title='bbox 1374 1321 1510 1348; x_wconf 84' lang='lat' dir='ltr'>Vitruvius</span> <span class='ocrx_word' id='word_1_249' title='bbox 1521 1319 1567 1346; x_wconf 87' lang='lat' dir='ltr'>lib.</span> <span class='ocrx_word' id='word_1_250' title='bbox 1578 1330 1602 1346; x_wconf 88' lang='lat' dir='ltr'>v.</span> <span class='ocrx_word' id='word_1_251' title='bbox 1613 1329 1670 1358; x_wconf 81' lang='lat' dir='ltr'>cap.</span> <span class='ocrx_word' id='word_1_252' title='bbox 1682 1330 1708 1352; x_wconf 86' lang='lat'>9.</span> <span class='ocrx_word' id='word_1_253' title='bbox 1720 1329 1783 1348; x_wconf 89' lang='lat' dir='ltr'>cum</span> <span class='ocrx_word' id='word_1_254' title='bbox 1793 1320 1829 1347; x_wconf 79' lang='lat' dir='ltr'>ait</span> <span class='ocrx_word' id='word_1_255' title='bbox 1843 1328 1852 1346; x_wconf 80' lang='grc' dir='ltr'>ι</span> 
     </span>
     <span class='ocr_line' id='line_1_23' title="bbox 304 1360 1851 1400; baseline 0.001 -13"><span class='ocrx_word' id='word_1_256' title='bbox 304 1370 374 1399; x_wconf 64' lang='lat' dir='ltr'>aqua</span> <span class='ocrx_word' id='word_1_257' title='bbox 381 1361 480 1398; x_wconf 64' lang='lat' dir='ltr'>fossuris</span> <span class='ocrx_word' id='word_1_258' title='bbox 495 1368 629 1396; x_wconf 83' lang='lat' dir='ltr'>puteorum</span> <span class='ocrx_word' id='word_1_259' title='bbox 639 1381 646 1392; x_wconf 91' lang='lat'><em>‚</em></span> <span class='ocrx_word' id='word_1_260' title='bbox 665 1361 698 1395; x_wconf 56' lang='grc' dir='ltr'>ὁ*</span> <span class='ocrx_word' id='word_1_261' title='bbox 716 1360 746 1388; x_wconf 83' lang='lat' dir='ltr'>de</span> <span class='ocrx_word' id='word_1_262' title='bbox 759 1360 816 1388; x_wconf 81' lang='lat' dir='ltr'>coelo</span> <span class='ocrx_word' id='word_1_263' title='bbox 835 1361 967 1398; x_wconf 56' lang='lat' dir='ltr'>repentinis</span> <span class='ocrx_word' id='word_1_264' title='bbox 982 1360 1171 1398; x_wconf 80' lang='lat' dir='ltr'>tempestatibus</span> <span class='ocrx_word' id='word_1_265' title='bbox 1191 1372 1221 1389; x_wconf 86' lang='lat' dir='ltr'>ex</span> <span class='ocrx_word' id='word_1_266' title='bbox 1239 1362 1329 1399; x_wconf 61' lang='lat' dir='ltr'>tegulas</span> <span class='ocrx_word' id='word_1_267' title='bbox 1347 1364 1508 1399; x_wconf 66' lang='lat' dir='ltr'>recipiuntur.</span> <span class='ocrx_word' id='word_1_268' title='bbox 1534 1360 1583 1388; x_wconf 82' lang='lat' dir='ltr'>Sed</span> <span class='ocrx_word' id='word_1_269' title='bbox 1603 1361 1674 1388; x_wconf 81' lang='lat' dir='ltr'>enim</span> <span class='ocrx_word' id='word_1_270' title='bbox 1693 1364 1717 1389; x_wconf 74' lang='grc' dir='ltr'>δι</span> <span class='ocrx_word' id='word_1_271' title='bbox 1736 1360 1851 1400; x_wconf 81' lang='lat' dir='ltr'>praesen-</span> 
     </span>
     <span class='ocr_line' id='line_1_24' title="bbox 304 1399 1854 1440; baseline -0.001 -11"><span class='ocrx_word' id='word_1_272' title='bbox 304 1410 360 1429; x_wconf 78' lang='lat' dir='ltr'>tem</span> <span class='ocrx_word' id='word_1_273' title='bbox 369 1401 436 1429; x_wconf 85' lang='lat' dir='ltr'>tueri</span> <span class='ocrx_word' id='word_1_274' title='bbox 446 1399 517 1439; x_wconf 81' lang='lat' dir='ltr'>posse</span> <span class='ocrx_word' id='word_1_275' title='bbox 529 1401 658 1433; x_wconf 89' lang='lat' dir='ltr'>videmur,</span> <span class='ocrx_word' id='word_1_276' title='bbox 669 1401 746 1429; x_wconf 80' lang='lat' dir='ltr'>testas</span> <span class='ocrx_word' id='word_1_277' title='bbox 756 1411 804 1439; x_wconf 89' lang='lat' dir='ltr'>pro</span> <span class='ocrx_word' id='word_1_278' title='bbox 813 1401 911 1440; x_wconf 81' lang='lat' dir='ltr'>tegulis</span> <span class='ocrx_word' id='word_1_279' title='bbox 922 1402 1124 1439; x_wconf 75' lang='lat' dir='ltr'>interpretantes</span> <span class='ocrx_word' id='word_1_280' title='bbox 1136 1421 1142 1433; x_wconf 89' lang='lat'><em>,</em></span> <span class='ocrx_word' id='word_1_281' title='bbox 1163 1402 1203 1429; x_wconf 89' lang='lat' dir='ltr'>uti</span> <span class='ocrx_word' id='word_1_282' title='bbox 1213 1405 1236 1430; x_wconf 70' lang='lat'>8&lt;</span> <span class='ocrx_word' id='word_1_283' title='bbox 1247 1403 1317 1431; x_wconf 85' lang='lat' dir='ltr'>idem</span> <span class='ocrx_word' id='word_1_284' title='bbox 1329 1402 1460 1440; x_wconf 78' lang='lat' dir='ltr'>usurpavit</span> <span class='ocrx_word' id='word_1_285' title='bbox 1471 1401 1516 1428; x_wconf 88' lang='lat' dir='ltr'>lib.</span> <span class='ocrx_word' id='word_1_286' title='bbox 1530 1411 1562 1428; x_wconf 82' lang='lat'>11.</span> <span class='ocrx_word' id='word_1_287' title='bbox 1571 1410 1627 1439; x_wconf 81' lang='lat' dir='ltr'>cap.</span> <span class='ocrx_word' id='word_1_288' title='bbox 1640 1404 1665 1428; x_wconf 85' lang='lat'>8.</span> <span class='ocrx_word' id='word_1_289' title='bbox 1690 1405 1732 1429; x_wconf 90' lang='lat' dir='ltr'>De</span> <span class='ocrx_word' id='word_1_290' title='bbox 1741 1404 1792 1439; x_wconf 84' lang='lat' dir='ltr'>ipsa</span> <span class='ocrx_word' id='word_1_291' title='bbox 1801 1409 1854 1427; x_wconf 83' lang='lat' dir='ltr'>au-</span> 
     </span>
     <span class='ocr_line' id='line_1_25' title="bbox 304 1439 1853 1481; baseline -0.001 -11"><span class='ocrx_word' id='word_1_292' title='bbox 304 1450 357 1470; x_wconf 84' lang='lat' dir='ltr'>tem</span> <span class='ocrx_word' id='word_1_293' title='bbox 368 1442 439 1479; x_wconf 79' lang='lat' dir='ltr'>testa,</span> <span class='ocrx_word' id='word_1_294' title='bbox 450 1441 611 1481; x_wconf 80' lang='lat' dir='ltr'>inquit,fifit</span> <span class='ocrx_word' id='word_1_295' title='bbox 623 1444 727 1480; x_wconf 77' lang='lat' dir='ltr'>optima,</span> <span class='ocrx_word' id='word_1_296' title='bbox 732 1442 779 1478; x_wconf 82' lang='lat' dir='ltr'>seu</span> <span class='ocrx_word' id='word_1_297' title='bbox 788 1442 880 1478; x_wconf 63' lang='lat' dir='ltr'>vitiofiz</span> <span class='ocrx_word' id='word_1_298' title='bbox 889 1441 1094 1476; x_wconf 59' lang='lat' dir='ltr'>adstrutsiuram,</span> <span class='ocrx_word' id='word_1_299' title='bbox 1100 1442 1194 1478; x_wconf 83' lang='lat' dir='ltr'>statim</span> <span class='ocrx_word' id='word_1_300' title='bbox 1205 1453 1275 1471; x_wconf 86' lang='lat' dir='ltr'>nemo</span> <span class='ocrx_word' id='word_1_301' title='bbox 1280 1446 1360 1481; x_wconf 78' lang='lat' dir='ltr'>potes7</span> <span class='ocrx_word' id='word_1_302' title='bbox 1363 1443 1481 1480; x_wconf 81' lang='lat' dir='ltr'>judicare</span> <span class='ocrx_word' id='word_1_303' title='bbox 1491 1463 1497 1474; x_wconf 86' lang='lat'><strong><em>‚</em></strong></span> <span class='ocrx_word' id='word_1_304' title='bbox 1510 1441 1578 1480; x_wconf 77' lang='lat' dir='ltr'>quod</span> <span class='ocrx_word' id='word_1_305' title='bbox 1586 1444 1613 1469; x_wconf 85' lang='lat' dir='ltr'>in</span> <span class='ocrx_word' id='word_1_306' title='bbox 1624 1439 1853 1479; x_wconf 75' lang='lat' dir='ltr'>tempestatibus&amp;</span> 
     </span>
     <span class='ocr_line' id='line_1_26' title="bbox 305 1481 1849 1522; baseline 0.001 -14"><span class='ocrx_word' id='word_1_307' title='bbox 305 1482 386 1518; x_wconf 62' lang='lat' dir='ltr'>astate</span> <span class='ocrx_word' id='word_1_308' title='bbox 395 1485 492 1510; x_wconf 55' lang='lat' dir='ltr'>iniec-‘2⁴0</span> <span class='ocrx_word' id='word_1_309' title='bbox 499 1493 556 1511; x_wconf 87' lang='lat' dir='ltr'>cum</span> <span class='ocrx_word' id='word_1_310' title='bbox 567 1483 599 1518; x_wconf 82' lang='lat' dir='ltr'>est</span> <span class='ocrx_word' id='word_1_311' title='bbox 606 1484 733 1514; x_wconf 79' lang='lat' dir='ltr'>collocata,</span> <span class='ocrx_word' id='word_1_312' title='bbox 744 1490 812 1513; x_wconf 84' lang='lat' dir='ltr'>tunc.</span> <span class='ocrx_word' id='word_1_313' title='bbox 820 1481 845 1518; x_wconf 80' lang='lat' dir='ltr'><em>fi</em></span> <span class='ocrx_word' id='word_1_314' title='bbox 851 1482 931 1518; x_wconf 84' lang='lat' dir='ltr'>firma</span> <span class='ocrx_word' id='word_1_315' title='bbox 941 1482 981 1518; x_wconf 84' lang='lat' dir='ltr'>est,</span> <span class='ocrx_word' id='word_1_316' title='bbox 986 1482 1117 1520; x_wconf 68' lang='lat' dir='ltr'>probatur.</span> <span class='ocrx_word' id='word_1_317' title='bbox 1139 1483 1220 1512; x_wconf 79' lang='lat' dir='ltr'>Paulo</span> <span class='ocrx_word' id='word_1_318' title='bbox 1231 1485 1286 1522; x_wconf 87' lang='lat' dir='ltr'>post</span> <span class='ocrx_word' id='word_1_319' title='bbox 1297 1495 1303 1512; x_wconf 73' lang='grc' dir='ltr'><em>τ</em></span> <span class='ocrx_word' id='word_1_320' title='bbox 1316 1488 1383 1521; x_wconf 76' lang='lat' dir='ltr'>Ergo</span> <span class='ocrx_word' id='word_1_321' title='bbox 1389 1494 1440 1522; x_wconf 65' lang='lat' dir='ltr'>qua</span> <span class='ocrx_word' id='word_1_322' title='bbox 1447 1494 1495 1511; x_wconf 79' lang='lat' dir='ltr'>non</span> <span class='ocrx_word' id='word_1_323' title='bbox 1503 1485 1530 1510; x_wconf 79' lang='lat' dir='ltr'>in</span> <span class='ocrx_word' id='word_1_324' title='bbox 1539 1483 1609 1510; x_wconf 56' lang='lat' dir='ltr'>tedia</span> <span class='ocrx_word' id='word_1_325' title='bbox 1616 1485 1673 1519; x_wconf 78' lang='lat' dir='ltr'>pati</span> <span class='ocrx_word' id='word_1_326' title='bbox 1677 1484 1769 1520; x_wconf 79' lang='lat' dir='ltr'>poterit</span> <span class='ocrx_word' id='word_1_327' title='bbox 1776 1482 1849 1510; x_wconf 84' lang='lat' dir='ltr'><em>labo-</em></span> 
     </span>
     <span class='ocr_line' id='line_1_27' title="bbox 306 1521 1850 1563; baseline 0.001 -12"><span class='ocrx_word' id='word_1_328' title='bbox 306 1533 370 1551; x_wconf 75' lang='lat' dir='ltr'>rem,</span> <span class='ocrx_word' id='word_1_329' title='bbox 379 1533 408 1550; x_wconf 67' lang='lat' dir='ltr'>ea</span> <span class='ocrx_word' id='word_1_330' title='bbox 416 1533 464 1550; x_wconf 78' lang='lat' dir='ltr'>non</span> <span class='ocrx_word' id='word_1_331' title='bbox 470 1524 547 1560; x_wconf 83' lang='lat' dir='ltr'>potest</span> <span class='ocrx_word' id='word_1_332' title='bbox 554 1523 716 1559; x_wconf 61' lang='lat' dir='ltr'>instrufflam</span> <span class='ocrx_word' id='word_1_333' title='bbox 725 1523 904 1559; x_wconf 79' lang='lat' dir='ltr'>oneriferendo</span> <span class='ocrx_word' id='word_1_334' title='bbox 912 1523 1045 1560; x_wconf 66' lang='lat' dir='ltr'>effirfirma.</span> <span class='ocrx_word' id='word_1_335' title='bbox 1068 1525 1195 1563; x_wconf 85' lang='lat' dir='ltr'>Praecepit</span> <span class='ocrx_word' id='word_1_336' title='bbox 1204 1546 1211 1557; x_wconf 86' lang='lat'><strong>‚</strong></span> <span class='ocrx_word' id='word_1_337' title='bbox 1223 1525 1239 1553; x_wconf 81' lang='lat' dir='ltr'>fi</span> <span class='ocrx_word' id='word_1_338' title='bbox 1250 1523 1309 1553; x_wconf 88' lang='lat' dir='ltr'>fons</span> <span class='ocrx_word' id='word_1_339' title='bbox 1320 1522 1417 1553; x_wconf 81' lang='lat' dir='ltr'>deeffcr</span> <span class='ocrx_word' id='word_1_340' title='bbox 1427 1545 1434 1557; x_wconf 92' lang='lat'>‚</span> <span class='ocrx_word' id='word_1_341' title='bbox 1448 1533 1478 1552; x_wconf 90' lang='lat' dir='ltr'>ut</span> <span class='ocrx_word' id='word_1_342' title='bbox 1487 1524 1559 1562; x_wconf 86' lang='lat' dir='ltr'>putei</span> <span class='ocrx_word' id='word_1_343' title='bbox 1568 1521 1712 1551; x_wconf 80' lang='lat' dir='ltr'>fodiantur.</span> <span class='ocrx_word' id='word_1_344' title='bbox 1733 1525 1850 1552; x_wconf 83' lang='lat' dir='ltr'>Verum-</span> 
     </span>
     <span class='ocr_line' id='line_1_28' title="bbox 305 1563 1848 1605; baseline 0.001 -14"><span class='ocrx_word' id='word_1_345' title='bbox 305 1572 396 1591; x_wconf 84' lang='lat' dir='ltr'>tamen</span> <span class='ocrx_word' id='word_1_346' title='bbox 405 1564 465 1601; x_wconf 75' lang='lat' dir='ltr'>quia</span> <span class='ocrx_word' id='word_1_347' title='bbox 475 1563 654 1602; x_wconf 71' lang='lat' dir='ltr'>saepenumero</span> <span class='ocrx_word' id='word_1_348' title='bbox 663 1564 763 1595; x_wconf 85' lang='lat' dir='ltr'>evenit,</span> <span class='ocrx_word' id='word_1_349' title='bbox 775 1571 804 1591; x_wconf 90' lang='lat' dir='ltr'>ut</span> <span class='ocrx_word' id='word_1_350' title='bbox 814 1573 863 1593; x_wconf 87' lang='lat' dir='ltr'>nec</span> <span class='ocrx_word' id='word_1_351' title='bbox 874 1564 898 1592; x_wconf 88' lang='lat' dir='ltr'>id</span> <span class='ocrx_word' id='word_1_352' title='bbox 907 1563 1036 1595; x_wconf 72' lang='lat' dir='ltr'>succedat.</span> <span class='ocrx_word' id='word_1_353' title='bbox 1047 1575 1121 1602; x_wconf 78' lang='lat' dir='ltr'>aqua,</span> <span class='ocrx_word' id='word_1_354' title='bbox 1134 1565 1178 1593; x_wconf 88' lang='lat' dir='ltr'>ubi</span> <span class='ocrx_word' id='word_1_355' title='bbox 1188 1566 1263 1593; x_wconf 80' lang='lat' dir='ltr'>altius</span> <span class='ocrx_word' id='word_1_356' title='bbox 1275 1563 1356 1594; x_wconf 81' lang='lat' dir='ltr'>effodi</span> <span class='ocrx_word' id='word_1_357' title='bbox 1367 1574 1482 1605; x_wconf 75' lang='lat' dir='ltr'>caeptum</span> <span class='ocrx_word' id='word_1_358' title='bbox 1492 1565 1536 1596; x_wconf 86' lang='lat' dir='ltr'>est.</span> <span class='ocrx_word' id='word_1_359' title='bbox 1545 1563 1714 1592; x_wconf 80' lang='lat' dir='ltr'>evanescente</span> <span class='ocrx_word' id='word_1_360' title='bbox 1726 1584 1732 1595; x_wconf 88' lang='lat'>‚</span> <span class='ocrx_word' id='word_1_361' title='bbox 1745 1565 1781 1591; x_wconf 88' lang='lat' dir='ltr'>rei</span> <span class='ocrx_word' id='word_1_362' title='bbox 1791 1572 1848 1592; x_wconf 81' lang='lat' dir='ltr'>tam</span> 
     </span>
     <span class='ocr_line' id='line_1_29' title="bbox 304 1601 1852 1645; baseline 0 -13"><span class='ocrx_word' id='word_1_363' title='bbox 304 1601 455 1632; x_wconf 77' lang='lat' dir='ltr'>neceffiriae</span> <span class='ocrx_word' id='word_1_364' title='bbox 465 1604 655 1633; x_wconf 86' lang='lat' dir='ltr'>consulendum</span> <span class='ocrx_word' id='word_1_365' title='bbox 666 1604 769 1643; x_wconf 77' lang='lat' dir='ltr'>putavit</span> <span class='ocrx_word' id='word_1_366' title='bbox 779 1605 948 1633; x_wconf 75' lang='lat' dir='ltr'>cisternarum</span> <span class='ocrx_word' id='word_1_367' title='bbox 957 1606 1164 1638; x_wconf 68' lang='lat' dir='ltr'>constructione,</span> <span class='ocrx_word' id='word_1_368' title='bbox 1173 1607 1198 1634; x_wconf 87' lang='lat' dir='ltr'>in</span> <span class='ocrx_word' id='word_1_369' title='bbox 1209 1617 1271 1645; x_wconf 84' lang='lat' dir='ltr'>quas</span> <span class='ocrx_word' id='word_1_370' title='bbox 1282 1617 1313 1634; x_wconf 86' lang='lat' dir='ltr'>ex</span> <span class='ocrx_word' id='word_1_371' title='bbox 1325 1607 1402 1635; x_wconf 70' lang='lat' dir='ltr'>teffis</span> <span class='ocrx_word' id='word_1_372' title='bbox 1413 1627 1420 1638; x_wconf 86' lang='lat'>‚</span> <span class='ocrx_word' id='word_1_373' title='bbox 1433 1616 1534 1636; x_wconf 70' lang='lat' dir='ltr'>arcave.</span> <span class='ocrx_word' id='word_1_374' title='bbox 1544 1614 1617 1644; x_wconf 83' lang='lat' dir='ltr'>aquae</span> <span class='ocrx_word' id='word_1_375' title='bbox 1629 1604 1724 1643; x_wconf 68' lang='lat' dir='ltr'>pluviae</span> <span class='ocrx_word' id='word_1_376' title='bbox 1734 1605 1852 1645; x_wconf 78' lang='lat' dir='ltr'>collige-</span> 
     </span>
     <span class='ocr_line' id='line_1_30' title="bbox 307 1645 1854 1687; baseline 0 -15"><span class='ocrx_word' id='word_1_377' title='bbox 307 1654 406 1673; x_wconf 85' lang='lat' dir='ltr'>rentur.</span> <span class='ocrx_word' id='word_1_378' title='bbox 429 1645 563 1684; x_wconf 77' lang='lat' dir='ltr'>Perplacet</span> <span class='ocrx_word' id='word_1_379' title='bbox 578 1646 685 1674; x_wconf 73' lang='lat' dir='ltr'>Palladii</span> <span class='ocrx_word' id='word_1_380' title='bbox 696 1645 794 1675; x_wconf 83' lang='lat' dir='ltr'>Rutilii</span> <span class='ocrx_word' id='word_1_381' title='bbox 805 1654 967 1684; x_wconf 80' lang='lat' dir='ltr'>praeceptum</span> <span class='ocrx_word' id='word_1_382' title='bbox 977 1646 1022 1674; x_wconf 85' lang='lat' dir='ltr'>lib.</span> <span class='ocrx_word' id='word_1_383' title='bbox 1034 1656 1120 1685; x_wconf 85' lang='lat' dir='ltr'>1.cap.</span> <span class='ocrx_word' id='word_1_384' title='bbox 1132 1658 1173 1680; x_wconf 88' lang='lat'>17.</span> <span class='ocrx_word' id='word_1_385' title='bbox 1186 1648 1324 1687; x_wconf 75' lang='lat' dir='ltr'>anguillas,</span> <span class='ocrx_word' id='word_1_386' title='bbox 1334 1645 1464 1686; x_wconf 81' lang='lat' dir='ltr'>piscesque</span> <span class='ocrx_word' id='word_1_387' title='bbox 1474 1647 1612 1674; x_wconf 78' lang='lat' dir='ltr'>fluviatiles</span> <span class='ocrx_word' id='word_1_388' title='bbox 1623 1645 1694 1673; x_wconf 87' lang='lat' dir='ltr'>mitti</span> <span class='ocrx_word' id='word_1_389' title='bbox 1704 1646 1731 1673; x_wconf 82' lang='lat' dir='ltr'>in</span> <span class='ocrx_word' id='word_1_390' title='bbox 1742 1655 1799 1678; x_wconf 58' lang='lat' dir='ltr'>eas,</span> <span class='ocrx_word' id='word_1_391' title='bbox 1806 1655 1854 1684; x_wconf 75' lang='lat' dir='ltr'>pa·</span> 
     </span>
     <span class='ocr_line' id='line_1_31' title="bbox 304 1685 1596 1726; baseline 0.002 -14"><span class='ocrx_word' id='word_1_392' title='bbox 304 1685 391 1722; x_wconf 84' lang='lat' dir='ltr'>seique</span> <span class='ocrx_word' id='word_1_393' title='bbox 401 1687 553 1718; x_wconf 80' lang='lat' dir='ltr'>convenire,</span> <span class='ocrx_word' id='word_1_394' title='bbox 563 1695 592 1714; x_wconf 88' lang='lat' dir='ltr'>ut</span> <span class='ocrx_word' id='word_1_395' title='bbox 602 1686 697 1715; x_wconf 83' lang='lat' dir='ltr'>horum</span> <span class='ocrx_word' id='word_1_396' title='bbox 709 1694 799 1714; x_wconf 82' lang='lat' dir='ltr'>natatu</span> <span class='ocrx_word' id='word_1_397' title='bbox 809 1696 874 1725; x_wconf 81' lang='lat' dir='ltr'>aqua</span> <span class='ocrx_word' id='word_1_398' title='bbox 886 1688 952 1714; x_wconf 81' lang='lat' dir='ltr'>stans</span> <span class='ocrx_word' id='word_1_399' title='bbox 961 1687 1111 1726; x_wconf 81' lang='lat' dir='ltr'>agilitatem</span> <span class='ocrx_word' id='word_1_400' title='bbox 1122 1690 1252 1716; x_wconf 83' lang='lat' dir='ltr'>currentis</span> <span class='ocrx_word' id='word_1_401' title='bbox 1262 1689 1390 1716; x_wconf 81' lang='lat' dir='ltr'>imitetur.</span> <span class='ocrx_word' id='word_1_402' title='bbox 1411 1688 1477 1715; x_wconf 87' lang='lat' dir='ltr'>Vide</span> <span class='ocrx_word' id='word_1_403' title='bbox 1490 1687 1596 1726; x_wconf 81' lang='lat' dir='ltr'>reliqua.</span> 
     </span>
    </p>

    <p class='ocr_par' dir='ltr' id='par_1_5' title="bbox 268 1724 1846 1766">
     <span class='ocr_line' id='line_1_32' title="bbox 268 1724 1846 1766; baseline 0 -15"><span class='ocrx_word' id='word_1_404' title='bbox 268 1726 286 1752; x_wconf 81' lang='lat' dir='ltr'><em>h</em></span> <span class='ocrx_word' id='word_1_405' title='bbox 293 1725 324 1759; x_wconf 81' lang='lat' dir='ltr'>h]</span> <span class='ocrx_word' id='word_1_406' title='bbox 344 1726 427 1753; x_wconf 84' lang='lat' dir='ltr'>Idem.</span> <span class='ocrx_word' id='word_1_407' title='bbox 451 1726 479 1754; x_wconf 88' lang='lat' dir='ltr'>Id</span> <span class='ocrx_word' id='word_1_408' title='bbox 490 1728 525 1755; x_wconf 87' lang='lat' dir='ltr'>est</span> <span class='ocrx_word' id='word_1_409' title='bbox 534 1728 656 1765; x_wconf 85' lang='lat' dir='ltr'>ponderis</span> <span class='ocrx_word' id='word_1_410' title='bbox 667 1728 742 1755; x_wconf 78' lang='lat' dir='ltr'>unius</span> <span class='ocrx_word' id='word_1_411' title='bbox 753 1726 834 1755; x_wconf 81' lang='lat' dir='ltr'>librae.</span> <span class='ocrx_word' id='word_1_412' title='bbox 845 1728 886 1754; x_wconf 86' lang='lat' dir='ltr'>Sic</span> <span class='ocrx_word' id='word_1_413' title='bbox 898 1727 943 1755; x_wconf 89' lang='lat' dir='ltr'>lib.</span> <span class='ocrx_word' id='word_1_414' title='bbox 954 1737 1008 1755; x_wconf 81' lang='lat' dir='ltr'>vir.</span> <span class='ocrx_word' id='word_1_415' title='bbox 1019 1738 1075 1766; x_wconf 78' lang='lat' dir='ltr'>cap.</span> <span class='ocrx_word' id='word_1_416' title='bbox 1089 1732 1113 1755; x_wconf 85' lang='lat'>8.</span> <span class='ocrx_word' id='word_1_417' title='bbox 1127 1738 1205 1756; x_wconf 78' lang='lat' dir='ltr'>vocat</span> <span class='ocrx_word' id='word_1_418' title='bbox 1215 1732 1385 1756; x_wconf 74' lang='lat' dir='ltr'>centenarium</span> <span class='ocrx_word' id='word_1_419' title='bbox 1397 1728 1511 1765; x_wconf 70' lang='lat' dir='ltr'>lapidem.</span> <span class='ocrx_word' id='word_1_420' title='bbox 1524 1730 1565 1756; x_wconf 79' lang='lat' dir='ltr'>Sic</span> <span class='ocrx_word' id='word_1_421' title='bbox 1578 1726 1727 1756; x_wconf 73' lang='lat' dir='ltr'>Columella</span> <span class='ocrx_word' id='word_1_422' title='bbox 1736 1724 1782 1753; x_wconf 87' lang='lat' dir='ltr'>lib.</span> <span class='ocrx_word' id='word_1_423' title='bbox 1792 1733 1846 1752; x_wconf 81' lang='lat' dir='ltr'>xrr.</span> 
     </span>
    </p>

    <p class='ocr_par' dir='ltr' id='par_1_6' title="bbox 311 1767 1448 1807">
     <span class='ocr_line' id='line_1_33' title="bbox 311 1767 1448 1807; baseline 0.002 -14"><span class='ocrx_word' id='word_1_424' title='bbox 311 1775 367 1802; x_wconf 82' lang='lat' dir='ltr'>cap.</span> <span class='ocrx_word' id='word_1_425' title='bbox 376 1775 415 1799; x_wconf 76' lang='lat'>53.</span> <span class='ocrx_word' id='word_1_426' title='bbox 425 1767 637 1803; x_wconf 74' lang='lat' dir='ltr'>Librariafrusta.</span> <span class='ocrx_word' id='word_1_427' title='bbox 657 1767 839 1796; x_wconf 84' lang='lat' dir='ltr'>ldemlib.111.</span> <span class='ocrx_word' id='word_1_428' title='bbox 852 1778 908 1807; x_wconf 83' lang='lat' dir='ltr'>cap.</span> <span class='ocrx_word' id='word_1_429' title='bbox 922 1778 956 1802; x_wconf 89' lang='lat'>¹5·</span> <span class='ocrx_word' id='word_1_430' title='bbox 967 1768 1270 1807; x_wconf 71' lang='lat' dir='ltr'>quinquelibralepondus</span> <span class='ocrx_word' id='word_1_431' title='bbox 1280 1769 1367 1807; x_wconf 56' lang='lat' dir='ltr'>lapidias</span> <span class='ocrx_word' id='word_1_432' title='bbox 1378 1770 1448 1796; x_wconf 82' lang='lat' dir='ltr'>dicit.</span> 
     </span>
    </p>

    <p class='ocr_par' dir='ltr' id='par_1_7' title="bbox 268 1805 1845 1849">
     <span class='ocr_line' id='line_1_34' title="bbox 268 1805 1845 1849; baseline -0.001 -16"><span class='ocrx_word' id='word_1_433' title='bbox 268 1806 307 1840; x_wconf 73' lang='lat' dir='ltr'>it]</span> <span class='ocrx_word' id='word_1_434' title='bbox 329 1806 410 1832; x_wconf 87' lang='lat' dir='ltr'>Idem.</span> <span class='ocrx_word' id='word_1_435' title='bbox 434 1807 489 1834; x_wconf 83' lang='lat' dir='ltr'>Hic</span> <span class='ocrx_word' id='word_1_436' title='bbox 502 1817 550 1845; x_wconf 79' lang='lat' dir='ltr'>pro</span> <span class='ocrx_word' id='word_1_437' title='bbox 559 1807 630 1838; x_wconf 82' lang='lat' dir='ltr'>loco,</span> <span class='ocrx_word' id='word_1_438' title='bbox 640 1807 685 1835; x_wconf 89' lang='lat' dir='ltr'>ubi</span> <span class='ocrx_word' id='word_1_439' title='bbox 695 1818 831 1837; x_wconf 79' lang='lat' dir='ltr'>arenarum</span> <span class='ocrx_word' id='word_1_440' title='bbox 844 1818 920 1837; x_wconf 87' lang='lat' dir='ltr'>rutro</span> <span class='ocrx_word' id='word_1_441' title='bbox 929 1808 1057 1849; x_wconf 85' lang='lat' dir='ltr'>subigitur</span> <span class='ocrx_word' id='word_1_442' title='bbox 1066 1830 1072 1842; x_wconf 92' lang='lat'>,</span> <span class='ocrx_word' id='word_1_443' title='bbox 1092 1810 1162 1848; x_wconf 88' lang='lat' dir='ltr'>quod</span> <span class='ocrx_word' id='word_1_444' title='bbox 1173 1819 1250 1838; x_wconf 79' lang='lat' dir='ltr'>autea</span> <span class='ocrx_word' id='word_1_445' title='bbox 1259 1810 1431 1838; x_wconf 80' lang='lat' dir='ltr'>indicavimus</span> <span class='ocrx_word' id='word_1_446' title='bbox 1443 1830 1449 1841; x_wconf 89' lang='lat'>,</span> <span class='ocrx_word' id='word_1_447' title='bbox 1459 1808 1596 1847; x_wconf 80' lang='lat' dir='ltr'>accipitur.</span> <span class='ocrx_word' id='word_1_448' title='bbox 1613 1806 1663 1834; x_wconf 84' lang='lat' dir='ltr'>Sed</span> <span class='ocrx_word' id='word_1_449' title='bbox 1678 1805 1748 1844; x_wconf 86' lang='lat' dir='ltr'>quod</span> <span class='ocrx_word' id='word_1_450' title='bbox 1758 1805 1845 1833; x_wconf 71' lang='lat' dir='ltr'>statim</span> 
     </span>
    </p>

    <p class='ocr_par' dir='ltr' id='par_1_8' title="bbox 310 1844 1394 1887">
     <span class='ocr_line' id='line_1_35' title="bbox 310 1844 1394 1887; baseline 0.006 -15"><span class='ocrx_word' id='word_1_451' title='bbox 310 1844 434 1884; x_wconf 80' lang='lat' dir='ltr'>sequitur,</span> <span class='ocrx_word' id='word_1_452' title='bbox 446 1856 493 1883; x_wconf 91' lang='lat' dir='ltr'>pro</span> <span class='ocrx_word' id='word_1_453' title='bbox 501 1856 609 1875; x_wconf 73' lang='lat' dir='ltr'>arenato</span> <span class='ocrx_word' id='word_1_454' title='bbox 619 1849 830 1887; x_wconf 79' lang='lat' dir='ltr'>interpretamur,</span> <span class='ocrx_word' id='word_1_455' title='bbox 843 1859 903 1877; x_wconf 89' lang='lat' dir='ltr'>cum</span> <span class='ocrx_word' id='word_1_456' title='bbox 911 1850 957 1881; x_wconf 75' lang='lat' dir='ltr'>ait,</span> <span class='ocrx_word' id='word_1_457' title='bbox 969 1850 1099 1877; x_wconf 75' lang='lat' dir='ltr'>mortario</span> <span class='ocrx_word' id='word_1_458' title='bbox 1108 1859 1266 1878; x_wconf 77' lang='lat' dir='ltr'>caementum</span> <span class='ocrx_word' id='word_1_459' title='bbox 1278 1851 1394 1878; x_wconf 80' lang='lat' dir='ltr'>addatur·</span> 
     </span>
    </p>

    <p class='ocr_par' dir='ltr' id='par_1_9' title="bbox 267 1884 1844 2009">
     <span class='ocr_line' id='line_1_36' title="bbox 267 1884 1844 1928; baseline -0.001 -16"><span class='ocrx_word' id='word_1_460' title='bbox 267 1887 284 1912; x_wconf 76' lang='lat' dir='ltr'><em>k</em></span> <span class='ocrx_word' id='word_1_461' title='bbox 293 1887 320 1920; x_wconf 73' lang='lat' dir='ltr'>k]</span> <span class='ocrx_word' id='word_1_462' title='bbox 343 1887 424 1914; x_wconf 81' lang='lat' dir='ltr'>[dem.</span> <span class='ocrx_word' id='word_1_463' title='bbox 441 1887 506 1914; x_wconf 85' lang='lat' dir='ltr'>Plin.</span> <span class='ocrx_word' id='word_1_464' title='bbox 517 1887 562 1914; x_wconf 82' lang='lat' dir='ltr'>lib.</span> <span class='ocrx_word' id='word_1_465' title='bbox 574 1897 668 1915; x_wconf 78' lang='lat' dir='ltr'>xxxvi.</span> <span class='ocrx_word' id='word_1_466' title='bbox 678 1898 733 1926; x_wconf 81' lang='lat' dir='ltr'>cap.</span> <span class='ocrx_word' id='word_1_467' title='bbox 744 1899 785 1922; x_wconf 80' lang='lat'>23.</span> <span class='ocrx_word' id='word_1_468' title='bbox 795 1889 828 1917; x_wconf 90' lang='lat' dir='ltr'>de</span> <span class='ocrx_word' id='word_1_469' title='bbox 839 1889 956 1917; x_wconf 88' lang='lat' dir='ltr'>cisternis</span> <span class='ocrx_word' id='word_1_470' title='bbox 967 1890 1093 1928; x_wconf 86' lang='lat' dir='ltr'>loquens:</span> <span class='ocrx_word' id='word_1_471' title='bbox 1114 1890 1205 1918; x_wconf 71' lang='lat' dir='ltr'>Vtilius</span> <span class='ocrx_word' id='word_1_472' title='bbox 1212 1894 1328 1926; x_wconf 77' lang='lat' dir='ltr'>geminas·</span> <span class='ocrx_word' id='word_1_473' title='bbox 1337 1891 1380 1928; x_wconf 84' lang='lat' dir='ltr'>effe</span> <span class='ocrx_word' id='word_1_474' title='bbox 1389 1910 1396 1920; x_wconf 87' lang='lat'><em>,</em></span> <span class='ocrx_word' id='word_1_475' title='bbox 1407 1897 1437 1916; x_wconf 85' lang='lat' dir='ltr'>ut</span> <span class='ocrx_word' id='word_1_476' title='bbox 1445 1890 1557 1926; x_wconf 80' lang='lat' dir='ltr'>inpriore</span> <span class='ocrx_word' id='word_1_477' title='bbox 1568 1890 1636 1915; x_wconf 81' lang='lat' dir='ltr'>vitia</span> <span class='ocrx_word' id='word_1_478' title='bbox 1646 1885 1773 1923; x_wconf 80' lang='lat' dir='ltr'>confidant</span> <span class='ocrx_word' id='word_1_479' title='bbox 1783 1906 1789 1915; x_wconf 86' lang='lat'><em>,</em></span> <span class='ocrx_word' id='word_1_480' title='bbox 1810 1884 1844 1918; x_wconf 64' lang='lat'>(9-</span> 
     </span>
     <span class='ocr_line' id='line_1_37' title="bbox 301 1925 1844 1968; baseline -0.001 -14"><span class='ocrx_word' id='word_1_481' title='bbox 301 1934 345 1963; x_wconf 79' lang='lat' dir='ltr'>per</span> <span class='ocrx_word' id='word_1_482' title='bbox 362 1927 440 1954; x_wconf 78' lang='lat' dir='ltr'>colum</span> <span class='ocrx_word' id='word_1_483' title='bbox 460 1930 486 1953; x_wconf 76' lang='lat' dir='ltr'>in</span> <span class='ocrx_word' id='word_1_484' title='bbox 501 1929 643 1963; x_wconf 83' lang='lat' dir='ltr'>proximam</span> <span class='ocrx_word' id='word_1_485' title='bbox 658 1929 773 1965; x_wconf 52' lang='lat' dir='ltr'>transeat</span> <span class='ocrx_word' id='word_1_486' title='bbox 789 1932 902 1956; x_wconf 81' lang='lat' dir='ltr'>maxime</span> <span class='ocrx_word' id='word_1_487' title='bbox 913 1936 980 1965; x_wconf 82' lang='lat' dir='ltr'>pura</span> <span class='ocrx_word' id='word_1_488' title='bbox 990 1939 1067 1967; x_wconf 81' lang='lat' dir='ltr'>aqua.</span> <span class='ocrx_word' id='word_1_489' title='bbox 1091 1930 1158 1958; x_wconf 77' lang='lat' dir='ltr'>Haec</span> <span class='ocrx_word' id='word_1_490' title='bbox 1170 1930 1221 1957; x_wconf 86' lang='lat' dir='ltr'>ille.</span> <span class='ocrx_word' id='word_1_491' title='bbox 1244 1932 1308 1958; x_wconf 87' lang='lat' dir='ltr'>Hoc</span> <span class='ocrx_word' id='word_1_492' title='bbox 1317 1940 1406 1958; x_wconf 84' lang='lat' dir='ltr'>autem</span> <span class='ocrx_word' id='word_1_493' title='bbox 1417 1929 1484 1967; x_wconf 80' lang='lat' dir='ltr'>apud</span> <span class='ocrx_word' id='word_1_494' title='bbox 1494 1929 1584 1968; x_wconf 74' lang='lat' dir='ltr'>Belgas</span> <span class='ocrx_word' id='word_1_495' title='bbox 1596 1925 1787 1968; x_wconf 75' lang='lat' dir='ltr'>utitatissimum</span> <span class='ocrx_word' id='word_1_496' title='bbox 1798 1927 1844 1954; x_wconf 79' lang='lat' dir='ltr'>est.</span> 
     </span>
     <span class='ocr_line' id='line_1_38' title="bbox 302 1966 1787 2009; baseline 0.001 -15"><span class='ocrx_word' id='word_1_497' title='bbox 302 1967 352 1994; x_wconf 90' lang='lat' dir='ltr'>Sed</span> <span class='ocrx_word' id='word_1_498' title='bbox 361 1967 548 1995; x_wconf 69' lang='lat' dir='ltr'>cum&#39;cisternae</span> <span class='ocrx_word' id='word_1_499' title='bbox 557 1967 729 1996; x_wconf 76' lang='lat' dir='ltr'>subterranea:</span> <span class='ocrx_word' id='word_1_500' title='bbox 740 1972 763 1996; x_wconf 87' lang='lat'><strong>&amp;</strong></span> <span class='ocrx_word' id='word_1_501' title='bbox 775 1977 914 1996; x_wconf 67' lang='lat' dir='ltr'>cameratae</span> <span class='ocrx_word' id='word_1_502' title='bbox 927 1968 984 2000; x_wconf 80' lang='lat' dir='ltr'>fint.</span> <span class='ocrx_word' id='word_1_503' title='bbox 993 1978 1072 2007; x_wconf 82' lang='lat' dir='ltr'>atque</span> <span class='ocrx_word' id='word_1_504' title='bbox 1082 1979 1147 2006; x_wconf 79' lang='lat' dir='ltr'>aqua</span> <span class='ocrx_word' id='word_1_505' title='bbox 1155 1968 1331 2009; x_wconf 78' lang='lat' dir='ltr'>frigidissima,</span> <span class='ocrx_word' id='word_1_506' title='bbox 1342 1969 1422 2008; x_wconf 88' lang='lat' dir='ltr'>pisces</span> <span class='ocrx_word' id='word_1_507' title='bbox 1431 1971 1456 1996; x_wconf 91' lang='lat' dir='ltr'>in</span> <span class='ocrx_word' id='word_1_508' title='bbox 1469 1970 1497 1996; x_wconf 90' lang='lat' dir='ltr'>iis</span> <span class='ocrx_word' id='word_1_509' title='bbox 1507 1970 1595 1997; x_wconf 76' lang='lat' dir='ltr'>vivere</span> <span class='ocrx_word' id='word_1_510' title='bbox 1607 1979 1659 1997; x_wconf 89' lang='lat' dir='ltr'>non</span> <span class='ocrx_word' id='word_1_511' title='bbox 1670 1966 1787 2007; x_wconf 78' lang='lat' dir='ltr'>possunt.</span> 
     </span>
    </p>

    <p class='ocr_par' dir='ltr' id='par_1_10' title="bbox 269 2007 1581 2049">
     <span class='ocr_line' id='line_1_39' title="bbox 269 2007 1581 2049; baseline 0.001 -14"><span class='ocrx_word' id='word_1_512' title='bbox 269 2007 318 2042; x_wconf 84' lang='lat' dir='ltr'>ll]</span> <span class='ocrx_word' id='word_1_513' title='bbox 342 2008 426 2036; x_wconf 85' lang='lat' dir='ltr'>Idem.</span> <span class='ocrx_word' id='word_1_514' title='bbox 447 2008 543 2036; x_wconf 83' lang='lat' dir='ltr'>Scribit</span> <span class='ocrx_word' id='word_1_515' title='bbox 552 2008 677 2037; x_wconf 81' lang='lat' dir='ltr'>Palladius</span> <span class='ocrx_word' id='word_1_516' title='bbox 687 2008 732 2036; x_wconf 88' lang='lat' dir='ltr'>lib.</span> <span class='ocrx_word' id='word_1_517' title='bbox 745 2018 852 2047; x_wconf 84' lang='lat' dir='ltr'>ix.c.1p.</span> <span class='ocrx_word' id='word_1_518' title='bbox 863 2020 890 2040; x_wconf 86' lang='lat'>9.</span> <span class='ocrx_word' id='word_1_519' title='bbox 899 2018 1003 2048; x_wconf 77' lang='lat' dir='ltr'>aquam,</span> <span class='ocrx_word' id='word_1_520' title='bbox 1015 2009 1031 2037; x_wconf 81' lang='lat' dir='ltr'>si</span> <span class='ocrx_word' id='word_1_521' title='bbox 1041 2009 1132 2038; x_wconf 65' lang='lat' dir='ltr'>limosi</span> <span class='ocrx_word' id='word_1_522' title='bbox 1143 2008 1230 2041; x_wconf 83' lang='lat' dir='ltr'>fuerit.</span> <span class='ocrx_word' id='word_1_523' title='bbox 1242 2010 1296 2038; x_wconf 75' lang='lat' dir='ltr'>salis</span> <span class='ocrx_word' id='word_1_524' title='bbox 1305 2010 1460 2038; x_wconf 82' lang='lat' dir='ltr'>admistione</span> <span class='ocrx_word' id='word_1_525' title='bbox 1473 2011 1581 2049; x_wconf 80' lang='lat' dir='ltr'>corrigi.</span> 
     </span>
    </p>
   </div>
   <div class='ocr_carea' id='block_1_5' title="bbox 797 2218 1348 2657">
    <p class='ocr_par' dir='ltr' id='par_1_11' title="bbox 797 2218 1348 2657">
     <span class='ocr_line' id='line_1_40' title="bbox 797 2218 1348 2657; baseline 0 505"><span class='ocrx_word' id='word_1_526' title='bbox 797 2218 1348 2657; x_wconf 95' lang='lat' dir='ltr'> </span> 
     </span>
    </p>
   </div>
   <div class='ocr_carea' id='block_1_6' title="bbox 1714 2956 1856 2995">
    <p class='ocr_par' dir='ltr' id='par_1_12' title="bbox 1714 2956 1856 2995">
     <span class='ocr_line' id='line_1_41' title="bbox 1714 2956 1856 2995; baseline -0.007 -2"><span class='ocrx_word' id='word_1_527' title='bbox 1714 2956 1766 2993; x_wconf 90' lang='lat' dir='ltr'>M.</span> <span class='ocrx_word' id='word_1_528' title='bbox 1783 2957 1856 2995; x_wconf 76' lang='lat' dir='ltr'>Vr—</span> 
     </span>
    </p>
   </div>
  </div>
 </body>
</html>
