2023 3162
565 86 1292 127 Mnusz.ETP0ND.
1675 100 1746 137 245

246 205 469 253 Oxybaphum
481 205 543 237 vini
554 203 662 251 pendit
673 214 745 235 unc.
760 213 785 244 3.
799 205 829 236 &
843 201 952 235 drach.
967 212 992 233 1.

247 255 470 301 Oxybaphum
481 253 581 287 mellis
591 252 701 299 pendit
712 263 782 284 une.
797 262 834 294 4.
847 255 877 286 ἃ
889 249 996 285 drach.
1016 260 1043 293 5.
1056 263 1128 285 cuin
1139 251 1281 287 dimidia.

247 305 392 352 Cynthus
403 304 466 336 olei
479 303 589 350 pendit
600 313 671 334 unc.
684 311 708 332 1.
723 303 755 334 ἃ·
768 299 875 333 drach.
892 312 925 345 7.

246 354 392 399 Cyathus
403 353 466 386 vini
478 351 590 398 pendit
601 362 671 383 unc.
685 361 713 382 2.
725 353 756 385 δε
768 346 859 396 scrip.
872 360 901 382 2.

247 403 392 451 Cyathus
404 402 506 436 mellis
516 399 626 447 pendit
637 411 709 432 unc.
722 411 749 443 3.
762 402 793 433 &
810 397 917 432 drach.
936 409 962 432 1.

161 221 176 254 5

204 155 468 297 {Oxybaphuni
480 154 540 187 olei
552 153 659 201 pendit
671 165 740 186 unc-
757 163 782 184 2.
798 151 906 185 drach.
921 155 952 183 6.
963 154 994 186 &
1007 150 1185 186 dimidiam.

158 360 180 390 ⁶
205 314 242 445 {

655 501 932 556 cyllenfiararum
943 506 1247 543 veterinariorum.

252 601 368 648 Cotyle
379 598 441 632 olei
453 598 560 645 pendit
572 610 641 632 unc.
658 609 710 631 10.

160 666 173 687 1
250 652 367 697 Cotyle
379 648 443 682 vini
455 647 563 694 pendit
575 659 644 681 unc.
661 658 707 680 11.
720 645 812 694 scrip.
828 658 855 680 2.
868 646 1004 681 obolum
1019 660 1043 681 1.
1055 653 1086 683 &
1098 649 1175 697 filiq.
1189 661 1214 683 1.

250 701 365 745 Cotyle
378 697 477 732 mellis
487 695 598 742 pendit
608 696 664 729 lib.
677 708 704 728 1.
714 709 784 730 unc.
798 708 833 741 4.
845 696 954 731 drach.
969 707 998 741 5.
1009 702 1041 733 δι’
1053 696 1146 745 scrip.
1161 711 1187 731 1.

248 747 467 795 Oxybaphum
478 745 540 779 olei
553 745 663 792 pendit
673 758 745 780 unc.
759 757 785 790 5.

161 813 177 834 2
249 796 470 844 Oxybaphum
481 794 546 828 vini
559 794 667 840 pendit
676 807 747 828 unc.
760 805 787 839 5.
798 798 831 829 δ’
841 793 1020 834 dimidiam,
1031 794 1122 843 scrip.
1134 808 1161 830 1.
1173 800 1204 832 &
1217 796 1297 845 filiq.
1310 810 1338 831 2.

248 845 469 895 Oxybaphum
481 844 583 877 mellis
595 844 706 891 pendit
716 856 787 878 unc.
801 844 831 876 8.
842 843 951 878 drach.
967 856 996 877 2.
1007 850 1038 881 &
1051 845 1142 894 scrip.
1155 858 1183 878 2.

249 898 391 944 Cyathus
401 893 464 927 olei
475 893 584 940 pendit
594 905 665 926 unc.
680 905 705 926 1.
717 898 748 928 3:
759 892 867 926 drach.
880 905 912 937 7.

162 962 174 990 ς
207 904 391 1012 {Cynthus
401 943 462 977 vini
474 941 584 989 pendit
595 954 664 976 unc.
680 953 702 974 1.
720 943 827 976 drach.
841 944 872 974 6.
885 940 974 990 scrip.
990 943 1114 991 2.s11iq.
1127 957 1154 979 ι.
1167 958 1232 993 gra.
1247 957 1274 980 2.
1288 949 1318 982 δέ
1332 946 1408 981 duas
1419 947 1526 981 tertias
1540 949 1640 982 omni,

160 991 168 994 ⁷
211 996 390 1042 hCyathus
402 992 502 1026 mellis
512 992 623 1038 pendit
633 1004 700 1025 unc.
719 1003 747 1024 2.
757 991 865 1025 drach.
878 995 907 1024 6.
919 993 1056 1027 obolum
1070 1005 1096 1027 1.
1107 1000 1137 1030 ἃς
1152 995 1232 1043 filiq.
1248 1007 1272 1028 1.
1540 977 1558 995 :³

209 1053 227 1111 5
246 1043 400 1089 Mystrum
411 1041 471 1074 olei
482 1040 592 1088 pendit
601 1041 710 1075 drach.
721 1051 750 1084 3·
761 1045 792 1075 δι
803 1039 894 1089 scrip.
908 1054 933 1074 1.

156 1109 181 1142 4
246 1093 402 1138 Mystrum
412 1090 476 1124 vini
487 1090 596 1137 pendit
608 1089 715 1124 drach.
730 1103 755 1134 3.
767 1088 860 1138 scrip.
873 1103 1000 1139 3.gran.
1013 1103 1041 1127 2.
1053 1097 1083 1128 S:
1096 1093 1170 1127 duas
1181 1094 1288 1128 tertias
1298 1095 1397 1142 grani.

212 1121 228 1174 l
245 1141 400 1189 Mystrum
412 1140 514 1174 mellis
526 1139 635 1186 pendit
645 1139 752 1173 drach.
768 1150 794 1184 5.
808 1146 839 1175 &
852 1140 1018 1175 dimidiam
1030 1146 1060 1178 &
1075 1142 1157 1190 filiq.
1177 1154 1204 1176 1.

208 1190 470 1256 scochlearium
481 1190 542 1223 olei
553 1188 663 1235 pendit
672 1188 782 1222 drach.
797 1201 822 1222 1.
834 1194 865 1225 ὃ(
877 1188 967 1237 scrip.
980 1203 1010 1224 2.

160 1257 175 1290 5
247 1240 472 1276 Cochlearium
484 1239 547 1273 vini
559 1238 668 1285 pendit
678 1237 785 1272 drach.
801 1250 827 1271 1.
838 1237 927 1285 scrip.
943 1253 971 1272 2.
984 1240 1074 1274 obol.
1090 1253 1112 1274 1.
1124 1254 1192 1290 gra.
1205 1254 1231 1275 1.
1246 1246 1277 1278 &
1291 1255 1384 1276 unam
1397 1243 1523 1277 tertiam
1537 1249 1614 1276 ‹⁷ra.⁴

207 1262 231 1321 l
246 1287 472 1326 Cochlearium
485 1288 584 1322 mellis
595 1287 707 1335 pendit
717 1287 827 1322 drach.
841 1300 867 1322 2.
877 1287 970 1337 scrip.
983 1303 1013 1323 τ..
1023 1295 1053 1326 &
1068 1290 1151 1339 siliq.
1163 1302 1192 1325 τ..
1536 1272 1556 1292 θ

154 1358 203 1390 Ita
215 1352 251 1388 fit
262 1362 295 1385 ut
314 1351 421 1384 vinum
431 1346 550 1384 fulvum
571 1349 623 1395 (de
635 1361 674 1383 co
683 1349 768 1383 enim
789 1350 1056 1399 intelligendum)
1076 1351 1114 1386 fit
1124 1365 1202 1400 puro
1220 1354 1293 1387 oleo
1313 1366 1394 1388 nona
1406 1366 1493 1401 parte
1511 1355 1654 1402 gravius:
1677 1367 1745 1389 rur-

199 1402 246 1438 sus
257 1400 318 1434 mcl
331 1399 411 1433 bene
422 1399 575 1433 mundum
584 1397 670 1433 fulvo
682 1399 757 1433 vino
767 1400 858 1434 tertia
868 1412 955 1447 parte
964 1402 1103 1449 gravius.
1129 1404 1220 1436 Nam
1238 1416 1319 1450 aqua
1337 1403 1441 1451 pluvia
1453 1429 1461 1442 ‚
1479 1416 1591 1451 purave
1601 1426 1610 1442 ‚
1629 1404 1688 1439 hoc
1700 1403 1745 1437 est

196 1465 261 1487 non
273 1449 373 1483 mixta
382 1459 455 1482 eum
467 1458 561 1487 terra,
571 1458 624 1482 aut
632 1445 725 1482 succo
735 1471 745 1487 ‚
764 1449 907 1496 lapideve
917 1473 927 1490 ‚
948 1461 1001 1484 aut
1021 1463 1053 1485 re
1064 1452 1236 1492 metallica,
1249 1454 1325 1488 vino
1334 1454 1367 1488 in
1378 1454 1518 1501 pondere
1530 1453 1655 1502 aequalis
1666 1465 1739 1488 cen·

196 1500 289 1536 setur.

483 1546 704 1589 cAridorum
714 1547 844 1603 aliquot
853 1549 1027 1605 pondera,
1041 1565 1087 1589 ex
1097 1550 1206 1590 Plinii
1209 1549 1402 1603 fintentia.

153 1647 287 1684 Modius
297 1646 395 1682 tritici
404 1641 548 1680 levissimi
559 1644 669 1692 pendit
680 1645 793 1693 viginti
802 1645 910 1681 libras.

154 1701 212 1732 Sex
219 1698 314 1731 tarius
322 1709 394 1731 unc.
408 1706 457 1739 15·

154 1747 295 1782 Hemina
305 1759 376 1780 unc·
390 1758 421 1790 7.
433 1749 466 1780 δι
478 1743 655 1779 dimidiam.

152 1796 286 1832 Modius
297 1796 391 1829 tritici
401 1791 574 1842 gravissimi
585 1791 695 1840 pendit
706 1791 763 1826 lib.
777 1804 831 1837 27.
842 1803 935 1842 atque
945 1794 1150 1830 dodrantem.

154 1845 312 1880 Sextarius
323 1856 394 1878 unc.
406 1855 459 1876 20.
473 1847 504 1878 δε
517 1842 625 1876 drach.
635 1845 772 1889 6.atque
783 1842 962 1878 dimidiam.

153 1895 287 1929 Modius
297 1892 386 1927 ordei
397 1891 541 1926 leviffimi
552 1904 622 1924 raro
632 1892 756 1925 excedit
764 1890 822 1925 lib.
837 1902 884 1936 15.

153 1944 312 1978 Sextarius
323 1943 429 1989 itaque
440 1939 549 1987 pendit
558 1952 630 1974 unc.
646 1951 690 1972 11.
703 1945 736 1976 ἃς
747 1941 855 1975 drach.
870 1953 900 1974 2.

197 1993 256 2027 Sed
268 1992 333 2026 haec
346 1995 376 2026 δε
388 1990 501 2024 similia
520 2001 578 2036 pro
588 1989 755 2037 regionum
776 1991 923 2025 varietate
936 2013 946 2030 ‚
962 2003 1111 2039 agrorum
1130 1990 1189 2026 fitu
1199 2013 1210 2031 ‚
1229 1994 1263 2027 &
1274 2002 1362 2028 terrae
1371 1992 1540 2041 generibus
1556 2005 1620 2028 non
1632 2006 1742 2042 parum

246 2049 374 2075 variant.

680 2096 734 2129 De
743 2088 950 2143 ponderibus
968 2097 1214 2131 Romanorum.

198 2181 310 2221 Libra,
322 2194 392 2230 quae
402 2185 434 2217 δε
445 2182 556 2229 pondo
565 2182 680 2217 dicitur
690 2209 699 2221 ‚
710 2184 744 2218 in
755 2184 925 2219 duodecim
936 2187 1042 2221 uncias
1053 2187 1214 2221 dividitur.
1238 2188 1316 2231 Ejus
1325 2196 1425 2235 partes
1435 2186 1516 2226 sunt,
1527 2186 1634 2221 Vncia
1643 2212 1652 2226 ‚
1666 2190 1742 2223 Sex-

153 2243 244 2270 tans.
274 2231 464 2274 Qadrans,
490 2232 628 2270 Triens‚
657 2233 853 2278 Qincunx‚
881 2235 1003 2274 Semis,
1032 2247 1101 2283 quae
1120 2238 1152 2270 &
1170 2234 1304 2274 selibra,
1330 2239 1471 2284 Septunx
1489 2258 1501 2276 ‚
1534 2237 1597 2271 Bes
1615 2262 1625 2276 ,
1663 2238 1741 2272 Do-

153 2283 270 2321 dmm,
294 2283 465 2319 Dextans,
490 2280 624 2316 Deunx.

551 2380 733 2434 sestuncia
743 2391 860 2424 autem
871 2388 921 2425 es‘l
929 2387 1034 2425 uncia
1043 2399 1113 2425 una
1124 2386 1169 2433 dv
1178 2386 1336 2427 dimidia.

488 2481 602 2526 (Duas
613 2475 798 2514 semuncias.

509 2531 543 2564 T
545 2527 694 2612 rdegrptinas
705 2527 860 2570 sextulas,
876 2529 940 2568 five
957 2532 1076 2567 duellas
1094 2543 1177 2573 tres,
1198 2547 1270 2583 quae
1279 2532 1411 2583 scripula
1429 2534 1505 2568 oeto
1524 2532 1650 2582 singula:
1661 2546 1739 2581 pen-

507 2629 656 2711 CQZlatuor
673 2626 829 2669 sicilicos,
848 2643 918 2679 quae
936 2628 1006 2667 sunt
1022 2631 1132 2668 drach.
1151 2634 1183 2667 8.
1200 2632 1314 2683 finguli
1331 2634 1417 2669 enim
1437 2633 1513 2681 duas
1532 2631 1639 2668 drach.
1660 2645 1740 2681 pen-

573 2687 640 2711 unt.

505 2728 564 2760 Sex
576 2724 722 2766 sextulas,
734 2741 804 2777 quae
813 2727 943 2777 scripula
955 2743 988 2776 4.
1001 2731 1129 2779 singulae
1140 2732 1295 2781 pendunt.

504 2778 633 2831 Septem
644 2776 809 2813 denarios:
837 2791 909 2813 nam
921 2781 953 2814 in
963 2781 1042 2815 libra
1050 2780 1120 2815 sunt
1130 2783 1297 2830 ostoginta
1309 2792 1456 2830 quatuor.

475 2827 633 2876 &Viginti
643 2837 778 2874 quatuor
786 2826 946 2876 scriptula.

555 2891 756 2974 Vic‘toriatoss
767 2890 859 2932 duos,
871 2893 926 2940 qui
936 2896 966 2929 &
980 2893 1115 2942 quinarii
1123 2893 1202 2930 olim
1213 2893 1412 2930 dicebantur.

557 2943 723 2976 Sextantes
745 2953 795 2976 ex.

151 2658 255 2695 Uncia
270 2657 461 2694 dividiturin

150 2908 308 2946 Denarius
318 2912 469 2950 dividitur
477 2906 540 2970 in{

1020 3006 1056 3039 H
1069 3005 1090 3040 h
1116 3016 1131 3051 3
1642 3003 1744 3041 Libra.
