2023 3162
320 79 367 110 go
700 56 1539 102 M.V1TRUV11POLL10N15

314 137 382 179 tui,
393 141 432 171 ut
442 142 505 182 per
515 129 688 179 hyemem
701 127 775 164 fine
795 125 964 163 molestia
984 123 1246 174 tempestatum
1264 122 1298 160 se
1310 122 1478 161 conferre
1499 124 1536 159 in
1552 134 1610 162 eas
1630 127 1894 176 negociatores

315 189 455 244 possint
467 202 474 224 :
488 188 698 234 Earumque
708 182 914 219 latitudines
926 192 973 217 ne
984 182 1107 217 minus
1117 191 1228 228 quam
1241 190 1284 216 ex
1293 181 1412 223 tertia,
1427 190 1472 216 nc
1481 179 1561 229 plus
1572 191 1682 229 quam
1693 193 1736 218 ex
1746 183 1898 222 dimidia

316 243 561 296 longitudinis
572 251 672 292 parre
683 238 938 276 costituantur:
948 235 1012 272 nisi
1023 236 1100 273 loci
1110 245 1239 272 natura
1250 235 1467 285 impedierit,
1475 236 1511 272 ὅ(
1523 236 1622 272 aliter
1632 239 1800 286 coegerit
1809 241 1897 287 sym·

317 303 491 341 metriam
503 296 700 336 coniurati.
718 295 781 330 Sin
793 302 921 330 autem
933 291 1042 329 locus
1054 293 1121 329 erit
1133 292 1292 341 amplior
1303 292 1339 327 in
1351 290 1669 341 longitudine,[d]
1682 292 1899 333 Chalcidica

317 359 356 395 in
367 357 538 394 extremis
550 350 830 393 constituantur,
843 348 896 384 uti
905 346 986 384 sunt
995 349 1034 384 in
1044 345 1132 400 Julia
1144 346 1354 396 Aquiliana.
1368 347 1568 385 Columnae
1578 346 1810 387 Basilicarum
1819 361 1898 389 tam

319 414 397 451 altre
411 442 421 458 ,
442 421 553 460 quam
565 408 733 457 porticus
743 406 825 441 latae
836 402 972 441 fuerint
984 402 1180 447 ‚faciendae
1191 403 1374 440 videntur.
1405 402 1594 447 Porticus,
1609 415 1720 452 quam
1733 406 1898 444 medium

321 469 472 519 spatium
482 466 648 502 futurum
659 460 709 497 est
720 489 730 505 ‚
751 472 794 497 ex
806 460 913 497 tertia
923 458 1080 496 finiatur.
1111 458 1314 496 Columnae
1324 458 1526 508 superiores
1539 460 1702 496 minores
1720 471 1833 508 quam
1842 463 1899 499 in-

318 525 470 561 feriores
482 519 547 566 (uti
559 517 660 568 supra
677 514 852 566 scriptum
863 514 930 563 est)
952 515 1231 552 constituantur.
1261 515 1433 551 Pluteum
1444 515 1553 563 quod
1571 514 1677 552 fuerit
1690 516 1785 552 inter
1799 516 1899 568 supe-

316 582 430 616 riores
448 576 642 613 eolumnas
660 599 668 612 ,
687 574 779 609 item
790 581 917 621 quarta
939 582 1040 621 parte
1051 572 1186 610 minus,
1204 581 1318 619 quam
1328 568 1531 620 superiores
1544 571 1732 608 columnae
1753 570 1900 618 fuerint,

317 643 492 683 oportere
503 630 582 666 fieri
592 627 755 667 videtur:
778 629 832 664 uti
843 626 949 678 supra
962 625 1115 664 basilicae
1136 627 1466 675 contignationem
1485 627 1713 663 ambulantes
1724 626 1769 664 ab
1783 639 1899 677 nego-

316 688 508 726 tiatoribus
520 698 566 722 ne
579 684 865 734 conspiciantur.
895 681 1077 732 Epistylia,
1093 682 1282 732 Zophori,
1292 693 1444 719 coronae
1455 693 1498 718 ex
1511 682 1742 731 Symmetriis
1755 683 1901 722 colum-

316 756 450 781 narum
462 771 471 786 ‚
494 744 546 779 uti
560 743 598 778 in
608 741 718 777 tertio
730 739 826 776 libro
837 738 1016 777 diximus,
1042 739 1286 790 explicentur.
1316 738 1406 774 Non
1420 738 1542 774 minus
1552 738 1735 775 summam
1748 739 1903 787 dignita*

317 810 395 837 tem
408 802 445 836 δε
458 797 682 834 venustatem
702 794 846 847 pofl'unt
858 793 994 831 habere
1009 795 1310 843 comparationes
1330 792 1557 830 basilicarum
1571 823 1581 838 ‚
1602 806 1682 842 quo
1694 805 1826 843 genere
1839 797 1900 841 [e]

319 855 481 893 coloniae
492 851 589 906 Julia:
612 850 768 888 Fanestri
790 851 982 888 collocavi
1001 851 1203 900 curavique
1221 848 1451 894 faciendam,
1474 850 1574 896 eujus
1585 851 1851 900 proportiones
1864 850 1902 887 ἅτ

316 910 529 959 symmetria:
550 908 598 946 sic
614 906 695 944 sunt
717 905 936 944 constitutae.
966 905 1143 942 Mediana
1164 904 1311 942 testudo
1328 905 1424 941 inter
1436 906 1632 943 columnas
1653 904 1703 943 est
1713 905 1826 955 longa
1842 919 1904 956 pe-

318 967 382 1004 des
394 966 551 1004 cxx,lata
564 963 676 1015 pedes
692 976 745 1000 ix.
759 962 931 999 Porticus
944 961 1131 1007 ejuscirca
1142 960 1359 998 testudinem
1369 961 1465 997 inter
1473 963 1628 1011 parietes
1647 961 1684 998 δε
1706 963 1904 1000 columnas

316 1025 388 1060 lata
398 1022 509 1073 pedes
519 1033 576 1059 xx.
609 1019 812 1057 Columnae
825 1016 1080 1055 altitudinibus
1096 1018 1281 1069 perpetuis
1295 1028 1382 1053 cum
1397 1018 1560 1068 capitulis
1579 1016 1718 1068 pedum
1736 1029 1769 1055 L.
1783 1016 1905 1056 crassi-

318 1078 511 1116 tudinibus
530 1078 703 1126 quinum,
725 1074 900 1112 habentes
913 1071 996 1123 post
1014 1072 1047 1110 se
1068 1072 1142 1124 [f]
1166 1072 1356 1123 parastatas
1374 1073 1463 1109 altas
1474 1072 1586 1123 pedes
1607 1085 1654 1110 xx
1669 1103 1678 1118 ‚
1690 1074 1778 1110 latas
1789 1073 1904 1123 pedes

319 1135 416 1172 duos
426 1130 676 1178 semis‚craffas
687 1131 823 1181 pedem
834 1140 951 1166 unum
964 1127 1160 1179 semis‚que
1172 1128 1341 1165 sustinent
1352 1129 1524 1173 trabes‚in
1535 1129 1671 1177 quibus
1681 1129 1904 1177 invehuntur
1945 1171 1949 1175 .

317 1192 537 1241 porticuum
549 1187 867 1237 contignationes.
905 1185 1098 1236 Supraque
1110 1197 1169 1222 eas
1183 1186 1259 1222 aliae
1273 1184 1449 1235 parastatae
1461 1184 1598 1235 pedum
1608 1196 1654 1221 xv
1663 1197 1675 1221 1
1692 1197 1706 1221 1
1721 1197 1753 1230 i,
1764 1185 1842 1223 latae
1853 1180 1904 1222 bi-

318 1258 425 1284 num,
440 1244 556 1281 crafl'ae
568 1244 714 1293 pedem3
729 1254 811 1291 quae
820 1241 1005 1290 excipiunt
1017 1243 1110 1278 item
1120 1241 1240 1278 trabes
1257 1239 1472 1278 sustinentes
1492 1240 1723 1278 cantherium
1736 1243 1772 1278 ὅ(
1786 1243 1906 1291 porti-

321 1299 526 1349 cuum(qu<;;
537 1298 616 1336 sunt
624 1296 788 1335 submissa
799 1296 890 1334 infra
902 1296 1410 1346 testudinem)te&a.Reliqua
1421 1297 1529 1347 spatia
1541 1298 1634 1333 inter
1644 1295 1906 1347 parastatarum

321 1360 360 1396 ὃς
372 1358 631 1394 columnarum
640 1354 761 1391 trabes
771 1365 836 1403 per
854 1353 1143 1391 intercolumnia
1153 1352 1351 1390 luminibus
1364 1354 1442 1390 sunt
1453 1353 1585 1390 relicta.
1609 1351 1811 1391 Columnae
1823 1353 1844 1390 s
1838 1362 1905 1390 unt

320 1415 357 1450 in
370 1411 558 1450 latitudine
567 1409 787 1448 testitudinis
799 1420 887 1446 cum
898 1410 1130 1458 angularibus
1141 1409 1265 1447 dextra
1276 1420 1318 1445 ae
1330 1407 1461 1447 sinistra
1474 1418 1675 1459 quaternae:
1695 1409 1733 1445 in
1745 1408 1907 1458 longitu-

320 1469 504 1516 dine‚quae
515 1467 612 1504 estin
623 1467 711 1503 foro
721 1466 997 1516 proxima‚cum
1007 1464 1132 1503 iisdem
1143 1465 1380 1515 angularibus
1391 1476 1434 1502 vi
1448 1478 1462 1502 1
1476 1478 1489 1502 1
1500 1494 1510 1509 ‚
1522 1477 1567 1502 ex
1578 1464 1688 1502 altera
1699 1474 1802 1514 parte
1816 1476 1906 1502 cum

321 1524 554 1574 angularibus
565 1535 589 1560 v
598 1535 628 1559 1.
655 1522 746 1559 Ideo
756 1521 860 1570 quod
874 1521 1003 1572 media}
1015 1521 1095 1559 duae
1106 1523 1143 1558 in
1155 1534 1196 1559 ea
1208 1532 1307 1573 parte
1317 1533 1396 1558 non
1407 1521 1485 1558 sunt
1497 1520 1636 1572 positae,
1646 1532 1693 1557 ne
1702 1519 1906 1571 impediant
1960 1548 1962 1551 v

320 1579 480 1630 aspedlus
491 1579 623 1629 pronai
633 1577 716 1615 aedis
729 1576 899 1627 Augusti,
915 1589 996 1627 quae
1009 1577 1105 1614 estin
1115 1578 1243 1614 medio
1256 1579 1368 1615 latere
1380 1578 1525 1628 parietis
1537 1576 1692 1614 basilicae
1703 1577 1907 1623 collocata,

318 1636 481 1686 spe&ans
491 1634 659 1672 medium
669 1632 795 1670 forum
806 1633 844 1669 ὃς
853 1633 969 1670 aedem
979 1631 1090 1686 Jovis.
1104 1635 1200 1672 Item
1210 1634 1368 1672 tribunal
1378 1633 1428 1670 est
1438 1635 1474 1671 in
1487 1644 1529 1670 ea
1543 1632 1617 1670 aede
1628 1635 1648 1678 [
1651 1634 1697 1685 g]
1707 1631 1906 1682 hemicycli

990 1716 992 1719 v
1744 1686 1906 1726 schema-

355 1803 429 1841 cipes
439 1803 518 1839 adjus
529 1804 686 1831 dicendum:
709 1805 797 1842 postea
808 1815 871 1833 vero
882 1805 1091 1843 quam'additum
1103 1806 1139 1834 est
1150 1806 1283 1839 tribunal,
1303 1806 1418 1834 basilicas
1430 1803 1643 1845 negotiatoribus
1654 1800 1752 1830 ceffiss‘e
1763 1823 1769 1833 ‚
1779 1800 1907 1830 tribunali

358 1844 553 1883 magistratibus
563 1844 666 1872 relifto.
684 1845 769 1883 Qod
779 1844 829 1882 ipse
839 1855 902 1873 mox
922 1848 1058 1874 Vitruvius
1068 1845 1157 1874 refert.
1176 1850 1202 1874 Si
1211 1847 1275 1874 libet
1286 1867 1292 1877 .
1317 1847 1402 1886 legito
1412 1846 1444 1873 de
1454 1845 1502 1872 hac
1511 1854 1537 1871 re
1556 1843 1698 1880 Baptistam
1714 1843 1855 1870 Albermm
1866 1842 1904 1869 rei

359 1883 538 1912 aedificatoriae
550 1883 595 1911 lib.
607 1894 661 1911 vii.
679 1894 736 1922 cap.
745 1895 801 1912 xiv.
825 1887 907 1913 Porro
920 1887 1018 1913 anteiri
1031 1886 1139 1914 bafilicis
1149 1887 1244 1921 judicia
1263 1896 1352 1925 peragi
1363 1886 1440 1914 solita
1450 1885 1568 1913 indicant
1579 1904 1585 1915 ,
1607 1883 1791 1922 Qiiitilianus
1812 1883 1857 1910 lib.
1866 1882 1907 1910 ul-

359 1925 430 1952 timo
442 1928 465 1952 &¹
478 1925 574 1952 Plinius
586 1925 708 1952 Caecilius
720 1925 745 1952 in
755 1925 868 1963 epistolis
879 1936 932 1953 uon
943 1925 1031 1954 semel.
1052 1926 1223 1955 Ecclesiastici
1233 1925 1383 1965 scriptores,
1395 1927 1579 1964 Hieronymus
1590 1945 1596 1956 ,
1611 1924 1781 1964 Augustinus.
1802 1923 1902 1955 exteri,

361 1975 410 2003 pro
420 1964 495 1993 sacris
506 1966 604 1993 aedibus
617 1965 732 1992 basilicas
743 1965 875 1993 dixerunt.

321 2003 354 2039 d]
372 2006 456 2034 Idem.
478 2004 567 2034 Visum
574 2003 622 2033 fuit
633 2005 785 2044 quibusdam
795 2003 932 2035 officinam
949 2004 999 2035 esse
1010 2006 1054 2035 ubi
1069 2008 1179 2046 pecunia
1189 2007 1294 2035 cuditur
1305 2028 1312 2040 ,
1329 2005 1376 2035 >3713
1393 2004 1417 2037 ἕ
1430 2008 1553 2045 λαλκέκξ
1564 2006 1645 2036 ἐῖκης.
1665 2006 1746 2033 Erant
1757 2006 1828 2033 enim
1837 2003 1906 2043 apud

361 2047 484 2085 antiquos
494 2046 626 2074 triumviri
645 2047 762 2084 pecunia:
772 2047 896 2075 cudendae
907 2068 914 2079 ,
933 2058 998 2086 quos
1009 2049 1034 2076 in
1044 2058 1116 2076 aereis
1129 2049 1243 2076 nummis
1255 2049 1289 2076 ita
1301 2048 1411 2086 scriptos
1421 2048 1656 2075 animadvertimus
1671 2056 1676 2073 :
1698 2050 1730 2074 A.
1745 2049 1776 2073 A.
1788 2050 1821 2074 A.
1838 2047 1865 2072 F.
1877 2045 1906 2072 F.

360 2087 392 2114 ld
403 2087 447 2118 est,
460 2097 532 2119 auro,
543 2095 666 2126 argento.
679 2097 739 2119 aere,
753 2087 850 2120 flando,
866 2085 996 2115 feriundo.
1021 2090 1080 2128 Ego
1091 2090 1190 2117 veroin
1200 2099 1229 2116 ea
1239 2086 1275 2116 fui
1285 2088 1427 2126 aliquando
1437 2088 1564 2116 sententia
1574 2109 1580 2121 ‚
1602 2096 1630 2116 ut
1640 2087 1816 2115 existimarem
1829 2082 1905 2113 fuisse

361 2127 553 2155 ambulationes
564 2127 708 2155 secundum
717 2128 832 2155 tribunal
842 2128 995 2156 transversas
1005 2150 1011 2161 ‚
1024 2130 1069 2157 ubi
1079 2129 1197 2157 rhetores
1208 2134 1232 2157 ἃ
1243 2130 1364 2157 causidici
1383 2130 1463 2156 etiam
1475 2129 1646 2160 versarentur,
1657 2127 1768 2155 diversas
1778 2127 1877 2155 scilicet
1888 2124 1905 2153 a.

362 2167 521 2206 porticibus.
543 2168 639 2206 Reperi
650 2168 736 2206 postea
743 2168 811 2206 apud
822 2171 931 2197 Sextum
942 2170 1108 2208 Pompeium,
1120 2169 1293 2197 Chalcidicum
1304 2179 1387 2210 genus
1398 2167 1448 2197 effe
1459 2169 1562 2197 aedificii
1572 2188 1578 2197 ,
1593 2168 1625 2196 ab
1636 2167 1701 2196 urbe
1720 2167 1908 2196 Clialcidiadi-

347 2210 445 2237 retum.
468 2209 558 2236 Vtitur
571 2206 702 2236 Ausonius
713 2210 740 2236 in
751 2209 875 2247 periocha
884 2210 943 2237 libri
953 2211 1030 2248 primi
1051 2208 1185 2244 Odysseae.
1208 2211 1282 2238 Idem
1291 2212 1405 2249 primum
1416 2209 1519 2238 versum
1528 2210 1587 2237 libri
1597 2218 1685 2237 xxiii.
1696 2207 1808 2245 ejusdem
1819 2208 1907 2246 operis

363 2257 479 2281 vertens,
491 2259 540 2286 pro
550 2259 582 2276 eo
592 2249 664 2286 quod
676 2249 812 2277 Homerus
824 2246 1082 2289 dmgqlmappellavit,
1094 2245 1279 2279 ¹Chalcidicum
1291 2250 1387 2288 posuit,
1400 2250 1576 2278 Chalcidicum
1588 2272 1594 2283 ,
1615 2250 1755 2287 ait‚greffu
1764 2246 1907 2283 nutrixsn-

363 2288 469 2326 perabat
480 2289 551 2316 anili.
563 2291 595 2317 Et
608 2289 740 2318 Arnobius
751 2290 799 2318 lib.
811 2301 848 2319 iv.
858 2300 951 2318 contra
959 2301 1052 2332 gentes
1061 2313 1068 2324 ,
1087 2291 1234 2328 scribuntur
1243 2294 1291 2318 Dii
1300 2292 1376 2326 vestri
1386 2294 1411 2318 in
1422 2291 1537 2318 tricliniis
1547 2290 1675 2325 celestibus
1683 2310 1690 2321 ,
1709 2290 1821 2326 atquem
1832 2287 1904 2314 clm!-

365 2329 447 2357 adicis
463 2330 546 2356 aureis
566 2332 685 2357 coem‘tare
696 2351 702 2363 ,
714 2338 810 2367 potare,
827 2330 906 2365 &ad
922 2333 1044 2360 ultimum
1056 2332 1152 2368 fidibus
1167 2332 1201 2366 ὠ)
1212 2341 1301 2360 vocum
1316 2331 1530 2359 modulationibm
1547 2332 1660 2359 mulceri.
1683 2329 1904 2357 Chalcioecorum

366 2370 471 2398 mentio
482 2370 516 2397 est
524 2370 592 2408 apud
602 2370 714 2398 eundem
722 2370 767 2398 lib.
778 2381 827 2399 111.
837 2382 949 2410 pronon
958 2371 1200 2400 abfimiliaedificio.
1222 2377 1306 2403 Avet,
1318 2372 1404 2411 inquit
1416 2393 1423 2405 ‚
1437 2374 1548 2402 animus,
1557 2380 1635 2410 atque
1643 2370 1715 2397 ardet
1722 2372 1749 2396 in
1759 2368 1906 2396 Clanlcioecix

367 2411 417 2438 illis
426 2411 616 2448 magnis‚atqt⁴e
625 2420 651 2437 m
658 2411 763 2448 palatiis
773 2412 835 2443 coelt',
842 2416 908 2439 Deos
917 2413 1033 2452 Deafque
1041 2414 1171 2451 conspicere
1178 2416 1278 2441 interris
1289 2412 1428 2450 corporibus
1437 2421 1516 2452 atque
1525 2412 1671 2440 nudisffiuir
1683 2410 1905 2438 &Lacedaemone

367 2451 477 2479 Palladis
488 2451 634 2489 templum,
657 2452 728 2489 quod
741 2452 800 2490 quia
808 2462 906 2480 aereum
916 2449 979 2481 effer
989 2475 996 2486 ,
1016 2453 1193 2482 Clialcioecon
1215 2453 1389 2492 appellabant.
1412 2453 1502 2481 Livius
1520 2453 1577 2481 dec.
1590 2462 1627 2479 iv.
1640 2451 1684 2478 lib.
1697 2461 1720 2478 ν.
1742 2450 1822 2478 AEtoli
1837 2451 1906 2476 circa

367 2492 527 2519 Clmlci'oecon
540 2492 680 2529 rMinervae
692 2492 727 2519 est
738 2492 868 2531 templum
877 2498 990 2529 aereum)
999 2497 1141 2531 congregati
1150 2494 1292 2522 cadumum
1310 2494 1377 2522 vitio
1388 2502 1476 2520 tamen
1486 2493 1654 2520 librariorum
1663 2512 1669 2523 ,
1692 2491 1797 2519 codices
1808 2490 1905 2518 liabent

369 2532 539 2560 chalcioten.
562 2533 688 2560 Meminit
697 2536 722 2561 ὅ(
732 2534 859 2561 Aemilius
869 2533 968 2562 Probus
979 2535 1034 2569 ejus
1045 2535 1147 2573 templi.
1162 2539 1186 2562 δι
1198 2534 1333 2563 Pausanias
1342 2533 1364 2562 se
1379 2530 1466 2561 vidisse
1476 2532 1575 2561 scribit.
1598 2533 1664 2559 Vide
1673 2536 1696 2560 δε
1709 2533 1837 2560 Lexicon.

326 2573 353 2606 e]
375 2574 458 2600 Idem.
482 2573 545 2601 Dixi
555 2572 602 2600 lib.
616 2582 652 2601 11.
662 2583 718 2611 cap.
728 2583 764 2601 ix.
790 2574 938 2602 Fanestrem
948 2574 1027 2602 hodie
1045 2576 1144 2603 Fanum
1156 2576 1262 2603 vocari:
1282 2585 1335 2614 quo
1345 2583 1436 2602 tamen
1447 2574 1473 2600 in
1484 2574 1547 2601 loco
1565 2574 1634 2601 nulla
1643 2573 1714 2601 istius
1737 2573 1846 2600 baiilicae
1857 2581 1905 2599 ex-

358 2622 416 2639 tant
427 2614 543 2653 vestigia,
553 2613 654 2641 etiamsi
663 2613 793 2652 aliquibus
802 2614 879 2642 aliter
889 2614 988 2649 visum,
1006 2615 1047 2643 sed
1058 2615 1152 2654 quibus
1163 2616 1297 2644 struCturae
1309 2616 1375 2643 ratio
1387 2614 1527 2654 incognita
1537 2623 1601 2642 erat.

318 2652 352 2687 s]
375 2652 457 2680 Idem.
480 2654 544 2682 Hoc
555 2655 617 2683 loco
626 2654 828 2693 postponuntur.
851 2657 916 2683 Sunt
927 2657 987 2684 alias
997 2657 1127 2695 parastatae
1138 2677 1143 2688 ,
1156 2657 1214 2694 pila:
1223 2657 1353 2695 quadratae
1365 2676 1371 2687 ,
1382 2664 1426 2683 aut
1439 2656 1534 2693 lapides
1547 2656 1659 2694 pilarum
1669 2653 1750 2682 modo
1758 2652 1787 2681 ad
1799 2652 1906 2681 colurn-

359 2702 450 2720 narum
458 2694 538 2722 latera
547 2696 667 2733 appoliti,
677 2695 760 2734 vulgo
770 2695 987 2733 diftaepilastrarae
996 2717 1002 2727 ,
1011 2697 1222 2735 prominentibus
1233 2698 1290 2735 ipsis
1300 2697 1432 2724 columnis
1442 2697 1558 2734 partibus
1570 2697 1669 2724 duabus
1680 2716 1687 2728 ‚
1707 2703 1751 2722 aut
1761 2692 1906 2721 stcundum

358 2733 432 2764 alios,
445 2744 516 2771 parte
536 2735 704 2764 solummodo
720 2737 756 2764 sui
766 2737 859 2764 media.
881 2737 949 2765 Pliu.
959 2738 1004 2765 lib.
1015 2748 1055 2772 33.
1068 2747 1124 2777 cap.
1138 2748 1161 2771 3.
1186 2739 1234 2765 sed
1244 2736 1275 2770 65
1285 2739 1350 2765 mim
1361 2746 1439 2765 astrea
1450 2746 1551 2764 camcrae
1568 2739 1602 2772 (J-
1619 2743 1741 2773 argentea
1750 2734 1834 2761 trabes
1843 2743 1906 2761 nar-

359 2781 452 2799 rantur
463 2795 468 2804 ‚
489 2774 522 2807 ὠ»
531 2776 644 2802 columna
655 2774 834 2814 &parastmae.

321 2815 354 2850 g]
376 2813 521 2857 Plinii-ider.
545 2816 698 2854 periphrasis
708 2818 743 2845 est
753 2828 827 2846 arcus
838 2818 949 2849 circuli,
969 2828 1031 2847 cum
1050 2829 1104 2847 riori
1124 2820 1158 2847 est
1170 2818 1348 2847 semicirculus
1359 2840 1365 2850 ,
1390 2817 1431 2846 sed
1441 2819 1504 2846 flexa
1515 2827 1548 2845 eo
1568 2818 1657 2845 minor
1676 2817 1752 2844 linea.
1774 2813 1907 2843 Tribunal

356 2855 439 2893 igitur
447 2855 612 2883 deformatur
622 2857 804 2893 σκαφοειδὲςήά
814 2860 849 2886 est
857 2860 1020 2887 lineamento
1030 2870 1083 2888 non
1091 2857 1208 2888 dissimili
1219 2860 1344 2888 oneraria:
1356 2860 1427 2886 navis
1439 2858 1676 2896 Scaphae.Romani
1687 2855 1809 2884 vocabuli
1817 2857 1906 2883 Latini

356 2896 463 2934 vcfflgid
478 2904 655 2927 retinuerunt;
677 2907 774 2926 vocant
795 2900 867 2927 enim
890 2901 1046 2933 maximum,
1065 2910 1093 2929 ut
1106 2903 1141 2930 ita
1153 2901 1250 2931 dicam,
1271 2899 1398 2932 nichium,
1411 2899 1441 2928 :id
1452 2908 1529 2937 caput
1540 2899 1601 2927 aedis
1612 2899 1747 2928 intimum,
1763 2897 1905 2925 tribunam.

357 2938 387 2963 ln
397 2945 447 2973 qua
456 2945 482 2963 re
494 2935 548 2964 usus
559 2937 594 2964 est
605 2939 708 2966 vitruv.
720 2939 764 2966 lib.
777 2949 804 2972 4.
816 2950 872 2978 cap.
884 2951 911 2975 7.

1769 2979 1799 3013 la]
1820 2978 1906 3006 Idem.
