2023 3162
292 62 366 95 226
659 55 1519 97 M.V1TRUVIIPOLL10N18

291 124 622 173 Aritlimeticaeque
634 125 797 161 rarlones
809 135 889 160 non
902 123 1087 166 noverint,
1099 121 1260 160 habeant
1271 123 1494 174 expeditum,
1509 139 1557 163 nc
1569 128 1607 165 in
1619 128 1785 179 periculo
1796 126 1874 166 bel-

288 181 365 217 lico
376 180 669 229 cogitationibus
687 179 935 215 detineantur:
952 178 1121 227 *quaeipse
1140 177 1314 216 faciendo
1334 191 1431 217 certa
1451 186 1636 230 cognovi,
1660 196 1815 234 quaeque
1827 195 1873 221 ex

287 246 390 285 parte
401 237 560 286 accepia
573 233 863 284 praeceptoribus
876 233 994 277 finita,
1005 245 1192 284 exponam
1207 246 1214 269 :
1227 236 1263 271 ὃ(
1276 234 1412 283 quibus
1426 237 1534 274 rebus
1546 239 1769 277 Graecorum
1784 252 1875 291 pen-

287 290 406 328 fiones
418 292 462 328 ad
483 292 661 328 modulos
681 290 840 327 habeant
855 291 1058 335 rationem,
1082 289 1127 326 ad
1139 301 1221 327 earn
1245 300 1286 327 ut
1304 291 1418 329 ctiam
1433 292 1563 330 nostris
1583 296 1808 344 ponderibus
1818 307 1873 332 re-

286 345 501 397 spondeant,
515 346 657 383 tradam
670 345 860 395 explicata.

1756 407 1791 444 C
1804 422 1825 445 A
1840 420 1872 444 P.

524 541 600 575 JO.
635 543 939 578 BVTEONIS
978 546 1056 579 AD
1094 545 1310 579 LOCVM
1349 547 1638 581 VITRUVII

431 610 641 658 corruptum
658 608 852 653 refi‘itusio,
873 609 934 660 qui
950 611 1000 644 efl
1017 605 1056 644 de
1068 610 1284 661 proportione
1301 606 1453 661 lapidum
1473 608 1724 648 mittendorum

913 661 952 694 ad
970 662 1084 694 Billiisl'ae
1095 661 1239 706 foramen.

323 747 333 777 ¹,
356 742 391 780 ρἷ
407 744 475 771 Nter
487 743 620 772 machinas
631 743 697 772 olim
707 743 816 772 bellicas
826 765 832 777 ,
852 754 910 784 qtiae
930 748 955 773 δε
975 754 1113 774 tormenta
1120 745 1248 774 dicuntur
1258 767 1265 779 ‚
1282 743 1332 773 fuit
1344 744 1491 774 balistarum
1501 743 1668 785 frequentior
1679 746 1737 775 usus
1750 769 1756 778 ‚
1777 748 1872 787 quibus

292 791 302 825 ¹.
326 779 333 785 '¹
357 774 393 820 ,531
406 783 503 822 lapides
512 786 614 823 impetu
626 795 726 825 magno
738 786 931 824 torquebantur
941 788 967 814 in
979 786 1074 814 hostes.
1089 787 1199 814 fiebant
1211 796 1299 814 autem
1308 787 1339 813 ad
1350 788 1512 825 propolitam
1524 788 1740 826 magnitudinem
1750 790 1874 826 ponderis

308 824 319 831 “
408 824 460 852 saxi
471 845 478 857 .
498 826 568 863 quod
579 836 613 853 eo
623 835 729 865 organo
738 827 902 854 mittendum
913 836 978 854 erat,
1004 829 1092 868 igitur
1104 829 1252 865 (Vitruvius
1263 828 1365 866 inquit)
1374 828 1406 855 dc
1418 829 1519 855 ratione
1528 838 1618 856 earum
1629 838 1680 855 noti
1698 830 1733 856 est
1745 831 1872 858 omnibus

319 867 532 906 expeditum.nili
544 867 590 905 qui
600 867 786 894 Arirlimeticis
794 867 940 895 rationibus
953 878 1078 896 numeros
1092 872 1116 896 δι
1128 869 1364 907 multiplicationes
1374 867 1471 895 habent
1482 871 1672 908 notas.Naniq;
1683 867 1749 897 fiunt
1760 870 1786 897 in
1800 872 1873 908 capi-

317 908 389 936 tibus
401 905 538 936 foramina.
549 917 594 946 per
605 917 721 946 quorum
731 907 812 945 spatia
822 908 1035 941 contenduntur,
1045 909 1142 947 capillo
1153 911 1270 937 maxime
1281 909 1414 941 muliebri,
1428 909 1467 936 vel
1480 919 1572 941 nervo,
1585 907 1668 939 funes,
1681 910 1725 948 qui
1736 919 1873 950 magnitu-

318 949 379 976 dine
390 948 512 986 ponderis
524 948 614 986 lapidis
623 969 630 979 ,
646 956 726 987 quem
736 949 814 975 debet
823 958 852 975 ea
862 948 950 975 balista
962 958 1081 982 mittere,
1089 960 1120 977 ex
1132 951 1235 977 ratione
1245 951 1383 989 gravitatis
1395 951 1571 988 proportione
1581 948 1731 982 sumuntur,
1740 952 1874 990 quemad-

321 989 432 1016 modum
444 988 583 1026 catapultis
601 988 633 1016 de
644 989 814 1028 longitudine
824 988 988 1028 sagittatum.
1008 992 1075 1028 itaq:
1088 999 1117 1017 ut
1128 992 1210 1018 etiam
1227 992 1272 1029 qui
1294 991 1456 1018 Geometria:
1466 990 1678 1030 Arithmeticasq;
1692 1000 1808 1019 rationes
1817 1002 1872 1020 non

319 1030 453 1060 noverint,
467 1030 580 1056 habeant
590 1029 754 1066 expeditum,
767 1039 798 1056 ne
809 1029 834 1056 in
843 1030 963 1067 periculo
973 1030 1071 1058 bellico
1082 1031 1294 1070 cogitationibus
1306 1032 1474 1059 detineantur
1487 1043 1494 1062 ς
1510 1041 1567 1070 quae
1586 1031 1636 1069 ips:
1658 1031 1780 1059 faciendo
1797 1042 1871 1060 certa

318 1071 559 1107 cognostqnaeque
570 1079 602 1096 ex
614 1077 687 1106 parte
700 1069 792 1108 accepi
801 1069 816 1097 ὰ
826 1071 1034 1108 praeceptotibus
1045 1070 1128 1102 finita,
1138 1082 1270 1109 exponam
1281 1082 1288 1098 .·
1298 1076 1321 1099 ὅ(
1332 1071 1426 1110 quibus
1436 1071 1512 1099 rebus
1522 1075 1679 1100 Graecorum
1689 1074 1825 1110 perniones
1839 1074 1871 1101 ad

320 1104 443 1137 nnidulos
456 1109 567 1136 habeant
578 1109 755 1139 rationein.ad
765 1119 823 1137 eam
833 1119 862 1137 ut
872 1112 952 1138 etiam
967 1112 1060 1139 nostris
1071 1113 1231 1150 ponderibus
1243 1111 1531 1151 respondemur-idam
1542 1113 1680 1150 explicata.
1694 1114 1750 1141 1³0st
1760 1114 1814 1141 lioec
1823 1114 1872 1141 de—

320 1152 379 1177 inde
391 1150 525 1176 Vitruvius
536 1150 566 1176 ad
577 1149 785 1187 explicationem
803 1151 931 1189 propoliri
942 1172 948 1182 ,
966 1152 1065 1180 nullam
1083 1150 1198 1180 formam
1215 1162 1260 1180 aut
1277 1153 1398 1193 regulam
1411 1154 1549 1180 instituens
1559 1173 1566 1183 ‚
1586 1153 1661 1180 nudis
1671 1153 1771 1192 aliquot
1783 1153 1870 1182 solum

318 1190 444 1227 exemplis
457 1190 587 1228 procedit.
611 1192 647 1217 Ea
666 1191 745 1225 (licut
757 1192 868 1229 opinor)
888 1192 1078 1220 conliderantia
1088 1194 1182 1222 dussus
1194 1214 1201 1225 .
1222 1193 1294 1232 quod
1312 1197 1513 1221 Geometricam
1531 1194 1680 1221 methodon
1693 1196 1869 1232 aoimpcritis

319 1241 404 1269 excipi
416 1241 468 1257 non
477 1226 548 1268 posse
558 1230 663 1257 videbat
675 1252 682 1263 ‚
701 1229 843 1259 scientibus
851 1242 940 1260 autern
950 1234 1080 1261 indicium
1092 1235 1164 1264 leve,
1182 1244 1231 1272 pro
1243 1236 1278 1261 rei
1291 1234 1446 1269 conicetura
1459 1254 1465 1265 ,
1483 1230 1612 1261 sufficere.
1634 1235 1683 1261 Sed
1694 1236 1790 1262 accidit
1801 1245 1868 1262 con-

318 1280 428 1298 trarium
439 1270 550 1309 prorsus.
564 1271 670 1298 Etenim
681 1270 738 1310 ipsse
751 1281 822 1299 notae
834 1273 928 1311 quibus
939 1274 970 1301 :id
982 1275 1157 1302 indicaturam
1165 1274 1351 1313 particularum
1367 1275 1392 1301 in
1404 1275 1496 1313 digitis
1508 1274 1543 1302 est
1556 1274 1736 1312 usus.propter
1746 1274 1872 1303 desuetu-

316 1313 405 1339 dinem
418 1311 602 1352 longinquam,
614 1312 640 1338 in
651 1321 740 1339 torum
751 1313 923 1341 exoleverunt
934 1335 940 1345 ,
960 1324 989 1342 ut
1000 1315 1049 1342 lint
1062 1316 1202 1347 omnibus,
1220 1324 1350 1354 quantum
1363 1315 1484 1346 viderim,
1499 1316 1603 1353 penitus
1616 1324 1727 1355 ignotae.
1749 1317 1870 1343 Contin-

315 1361 356 1391 git
369 1351 480 1390 insuper,
494 1353 559 1379 licut
570 1352 596 1379 in
607 1349 809 1380 difficultatibus
817 1352 892 1383 (olet.
902 1363 929 1382 ut
942 1354 1103 1394 (ignificatio
1114 1365 1171 1383 rora
1182 1353 1571 1393 numeroruindepravatillime
1584 1355 1696 1394 legatur.
1711 1356 1785 1383 Vnde
1797 1356 1872 1384 locus

291 1398 294 1402 ·
316 1393 351 1419 est
361 1413 367 1423 ,
386 1393 564 1430 interpretum
575 1393 655 1420 etiam
668 1391 864 1426 testificatione,
877 1394 1038 1434 deploratus.
1064 1397 1192 1424 Fateniur
1201 1397 1270 1424 enim
1283 1396 1416 1423 locundus
1427 1417 1433 1427 ,
1444 1399 1467 1424 3<
1480 1395 1628 1427 Philander,
1638 1407 1667 1423 ex
1681 1395 1720 1423 liis
1731 1406 1789 1435 qua:
1801 1398 1870 1435 apud

315 1432 464 1460 Ctelibiiim
476 1453 482 1465 ,
504 1433 703 1471 Apollodorum
715 1453 723 1463 ‚
744 1433 914 1466 Athenaeum.
927 1440 951 1463 ὅ(
966 1435 1105 1464 Philonem
1116 1437 1189 1464 libris
1200 1437 1231 1465 de
1243 1436 1370 1464 machinis
1381 1437 1464 1464 inulta
1474 1436 1602 1476 leguntur
1613 1457 1619 1468 ,
1631 1435 1653 1464 se
1666 1437 1764 1464 nullam
1776 1447 1871 1465 emen-

315 1474 454 1500 dationem
465 1473 526 1501 huic
538 1471 744 1512 corruptissima:
753 1476 820 1513 parti
829 1474 949 1504 conferre
960 1475 1084 1516 potuiss‘e.
1107 1477 1177 1505 Mihi
1189 1487 1253 1505 vero
1262 1487 1292 1505 ex
1305 1476 1461 1505 authoribus
1472 1478 1524 1504 iltis
1537 1477 1717 1505 machinarum
1729 1477 1827 1505 nullam
1844 1479 1871 1506 in

317 1513 473 1541 hunc.di'eiu
485 1515 572 1542 videre
583 1515 716 1555 contigit,
729 1525 790 1543 cum
800 1525 855 1543 non
873 1516 1019 1546 habeantur
1037 1517 1196 1553 immanibus
1207 1518 1300 1557 vulgo,
1321 1519 1371 1546 Sed
1390 1519 1563 1546 Geometrica
1582 1517 1762 1557 disquiritione
1781 1517 1870 1546 sedulo

317 1551 471 1593 progress'tis
478 1555 686 1593 explicationem
697 1557 734 1583 rei
746 1565 788 1584 me
797 1566 863 1593 puto
874 1558 1042 1587 traditurum.
1062 1560 1206 1587 Sciendum
1216 1560 1250 1587 est
1264 1559 1393 1597 imprimis
1406 1581 1412 1588 .
1434 1558 1584 1594 hujusmodi
1594 1556 1725 1586 foramina
1735 1559 1870 1597 capitulo-

318 1605 378 1622 rum
391 1616 397 1627 ,
417 1596 486 1623 unde
498 1595 598 1623 moduli
609 1594 747 1624 sumuntur
759 1617 764 1626 ‚
783 1593 858 1625 fuisse
869 1600 998 1631 rotunda,
1010 1610 1038 1628 ea
1048 1601 1194 1639 capacitate
1206 1621 1213 1631 .
1231 1610 1311 1639 quani
1323 1597 1471 1627 tortifunes
1483 1608 1570 1627 totam
1581 1599 1716 1638 explerent
1727 1620 1733 1630 .
1754 1609 1870 1639 quorum

319 1635 498 1676 magnitudo,
518 1636 585 1664 unde
596 1638 634 1664 vis
646 1638 778 1675 praecipua
788 1638 917 1667 machinae
937 1641 1038 1668 constat
1051 1662 1057 1673 ,
1075 1641 1272 1677 perdIametros
1290 1638 1454 1668 foraminum
1475 1641 1502 1667 in
1520 1640 1612 1679 digitis
1633 1641 1798 1678 exprimitur.
1823 1641 1871 1667 Ait

314 1686 400 1704 enim:
422 1680 493 1715 Qa:
506 1676 594 1704 balista
603 1677 842 1716 duapondosaxum
854 1681 961 1709 mittete
971 1680 1189 1712 debet.foramen
1202 1683 1252 1709 erit
1263 1682 1289 1708 in
1304 1683 1357 1717 ejus
1369 1681 1489 1718 capitulo
1499 1680 1648 1720 digitorum
1661 1681 1788 1720 quinque.
1806 1681 1870 1708 Hoc

317 1718 354 1744 est
366 1739 372 1748 .
392 1715 461 1745 funis
471 1739 477 1750 ,
491 1726 518 1746 ut
530 1717 591 1746 saxo
602 1718 700 1757 viginti
708 1728 825 1757 quatuor
835 1721 974 1749 unciarum
982 1723 1117 1750 mittendo
1127 1720 1241 1750 sufficiat
1251 1742 1258 1754 ,
1277 1732 1324 1760 per
1334 1720 1507 1749 transversum
1516 1721 1622 1749 habebit
1632 1722 1733 1761 digitos
1744 1721 1869 1760 quinque.

320 1759 412 1795 Qare
423 1759 484 1786 &in
504 1759 617 1787 circuitu
627 1759 729 1798 digitos
749 1759 856 1789 habebit
867 1762 1022 1801 quindecim
1041 1773 1103 1791 cum
1119 1763 1236 1802 quinque
1254 1762 1370 1802 septimis
1384 1764 1469 1790 unius.
1490 1761 1652 1795 Huiusmodi
1671 1770 1761 1788 autem
1771 1762 1796 1788 in
1805 1759 1868 1789 fune

317 1799 481 1837 magnitudo
491 1801 680 1837 experimentis
695 1801 810 1839 primum
820 1802 855 1830 est
870 1803 983 1843 cognita
992 1804 1023 1831 :id
1034 1804 1057 1832 id
1077 1804 1200 1842 ponderis
1211 1803 1295 1831 valide
1313 1804 1493 1842 torquendum
1503 1800 1631 1830 sufficere.
1653 1801 1737 1838 Qud
1748 1801 1782 1828 est
1794 1801 1868 1838 prin-

318 1837 420 1875 cipium
433 1859 439 1870 ,
458 1849 488 1866 ac
499 1840 580 1867 veluti
590 1837 793 1870 fundamentum
806 1843 833 1870 in
845 1847 919 1871 omni
936 1845 1142 1872 ratiocinatione
1152 1844 1279 1883 sequenti.
1301 1844 1343 1871 Ad
1356 1845 1520 1871 incrementa
1537 1842 1631 1870 deinde
1640 1841 1810 1879 procedendo
1822 1860 1830 1871 ,
1850 1841 1869 1869 fi

318 1887 429 1915 quaeras,
439 1879 469 1906 ad
481 1889 596 1918 quatuor
605 1882 694 1919 pondo
705 1882 819 1920 lapidem
828 1883 947 1922 quisnam
958 1883 1037 1918 funis,
1049 1885 1192 1913 secundum
1204 1886 1336 1912 rationem
1347 1884 1398 1919 jax'n
1410 1883 1521 1922 politam
1530 1902 1537 1914 ‚
1555 1882 1636 1920 aptari
1645 1880 1739 1909 debeat
1756 1891 1762 1907 :
1781 1881 1867 1909 nullus

320 1919 369 1945 erit
380 1919 567 1956 proculdubio,
578 1922 645 1947 citra
656 1923 838 1950 mensurarum
849 1924 985 1952 scientiam
996 1946 1003 1957 ,
1023 1927 1133 1963 quinon
1144 1925 1231 1952 statim
1242 1924 1401 1962 pronunciet
1411 1944 1417 1956 ,
1435 1922 1607 1960 consequenti
1616 1923 1717 1949 ratione
1729 1920 1798 1954 fieri,
1824 1931 1865 1954 ut,

319 1958 386 1986 ficut
398 1960 499 1996 pondus
509 1960 534 1985 in
547 1960 602 1986 telo
612 1960 761 1998 duplicatur
772 1981 780 1991 ,
798 1964 867 1990 ita&
880 1964 905 1991 in
917 1963 978 1991 fune
989 1963 1187 1992 craffitudinem
1194 1964 1388 2002 duplicandam,
1399 1972 1438 1994 ut,
1449 1972 1508 2001 quae
1519 1962 1567 1990 fuit
1578 1962 1728 2001 digitorum
1738 1963 1866 2000 quinque.

317 1997 362 2026 fiir
375 2000 400 2026 in
413 1999 548 2037 propolito
558 2000 707 2040 digitorum
717 2003 822 2029 decem.
845 2004 878 2030 Et
890 2004 925 2030 ita
935 2004 1069 2042 deinceps,
1080 2004 1110 2031 ad
1122 2005 1244 2041 ponderis
1253 2004 1361 2042 duplum
1373 2024 1379 2035 ,
1400 2003 1451 2031 five
1461 2003 1579 2041 triplum.
1592 2000 1695 2030 funium
1705 2012 1785 2030 etiam
1797 2002 1866 2030 cras-

314 2039 454 2067 litudinem
465 2039 602 2078 duplicato
616 2041 656 2068 vel
666 2041 800 2079 triplicato
812 2041 914 2080 semper
921 2044 1079 2083 augendam.
1093 2045 1143 2072 Sed
1152 2043 1208 2071 hirc
1218 2043 1253 2071 cst
1269 2044 1372 2081 penitus
1383 2044 1475 2082 opinio
1485 2042 1556 2075 falsa,
1572 2046 1595 2070 8(
1607 2042 1722 2080 procula
1734 2053 1806 2070 vero.
1828 2045 1867 2071 Ex

315 2078 444 2107 liacenim
455 2079 622 2119 sequeretur,
646 2090 674 2108 ut
685 2084 788 2110 adeum
801 2103 806 2114 ,
826 2093 904 2120 quem
917 2085 996 2122 pouit
1005 2085 1142 2112 Vitruvius
1154 2105 1160 2117 ,
1177 2084 1324 2111 duceiiti'im
1335 2085 1526 2123 quinquaginta
1544 2084 1634 2122 pondo
1645 2083 1758 2121 lapidem
1771 2104 1778 2115 ,
1796 2083 1869 2111 adhi-

317 2119 418 2148 bendus
430 2118 493 2148 effet
505 2118 574 2148 funis
586 2119 755 2150 crassitudine
774 2123 924 2163 digitorum
932 2124 1086 2152 sexcentum
1098 2125 1338 2164 vigintiquinque,
1357 2134 1415 2165 φης
1425 2122 1486 2152 facit
1499 2125 1524 2151 in
1536 2124 1629 2151 orbem
1641 2125 1717 2162 pedes
1728 2123 1867 2162 plusquam

317 2169 428 2188 centum
439 2161 505 2188 duos
516 2164 539 2189 8<
553 2162 660 2202 viginti.
685 2165 777 2201 Quam
794 2164 901 2202 quidem
909 2165 940 2192 in
953 2163 1059 2192 funibus
1070 2166 1217 2192 vastitatem
1228 2185 1234 2197 ,
1246 2167 1392 2192 enormiter
1404 2164 1540 2192 absurdam
1554 2184 1561 2194 ,
1579 2165 1636 2203 quis
1647 2165 1682 2192 est
1703 2166 1747 2202 qui
1761 2174 1813 2192 non
1827 2165 1868 2191 vi-

316 2201 394 2229 deat?
415 2202 500 2229 Aliter
510 2202 602 2242 igitur.
611 2206 634 2230 St
647 2213 676 2233 ex
689 2214 752 2231 vero
763 2213 892 2232 rationem
905 2208 1064 2233 Geonietres
1074 2205 1152 2232 inibit
1164 2226 1170 2237 ,
1191 2205 1357 2233 conliderans
1366 2203 1441 2233 funes
1453 2206 1534 2233 veluti
1545 2215 1658 2243 corpor-2
1667 2226 1673 2236 ,
1695 2205 1740 2243 qui
1750 2205 1865 2243 cylindri

317 2251 464 2273 vocantiir;
481 2253 547 2281 qnos
558 2243 667 2275 didicit,
687 2254 718 2272 cx
729 2244 868 2272 elementis
882 2266 889 2277 ,
905 2246 933 2272 in
944 2246 1023 2284 tripla
1039 2246 1142 2273 ratione
1158 2246 1296 2273 consistere
1311 2246 1503 2273 diametrorum
1522 2245 1570 2273 suae
1587 2245 1664 2273 baiis.
1683 2246 1762 2273 Funis
1782 2247 1866 2284 igitur

315 2291 432 2320 quinque
441 2284 590 2322 digitorum
599 2286 625 2311 in
634 2284 766 2312 diametro
774 2286 805 2312 ad
816 2283 908 2313 funem
917 2286 998 2314 alium
1010 2308 1016 2318 ‚
1034 2286 1232 2314 construffionc
1245 2307 1252 2318 ,
1271 2287 1433 2325 materiaque
1443 2286 1554 2314 limilem
1567 2307 1574 2317 ,
1595 2287 1668 2322 cujus
1680 2286 1709 2313 lit
1721 2286 1866 2314 diametros

315 2323 464 2361 digitorum
475 2324 585 2355 deceni.
605 2325 738 2353 rationem
748 2335 820 2354 certe
829 2327 937 2364 duplam
947 2326 1054 2355 habebit
1066 2348 1072 2359 ‚
1094 2327 1135 2355 sed
1145 2327 1308 2366 triplicatam
1318 2348 1324 2359 ,
1337 2337 1395 2366 quae
1406 2327 1512 2365 quidem
1522 2326 1553 2355 fit
1563 2327 1678 2365 ostupla.
1701 2326 1764 2354 Hoc
1774 2336 1864 2354 autem

315 2362 332 2389 ii
344 2363 411 2400 quis.
425 2364 532 2391 Euclide
545 2367 719 2397 monstrante.
730 2377 784 2394 non
796 2368 897 2404 capiat,
921 2369 1105 2396 numeratione
1115 2369 1149 2396 fic
1161 2368 1290 2396 inveniet.
1315 2369 1448 2396 l‘onamus
1459 2388 1466 2399 ‚
1486 2367 1600 2405 exempli
1611 2366 1698 2397 causa.
1710 2367 1736 2393 in
1749 2376 1864 2405 utroque

312 2404 346 2430 ἔκ
357 2401 463 2431 funibus
484 2404 572 2441 politis
585 2406 782 2445 longitudinem
799 2404 850 2436 esse
867 2407 898 2435 ad
909 2408 980 2436 suam
997 2409 1122 2448 cujusque
1141 2408 1291 2436 diametron
1303 2409 1410 2446 triplam
1422 2429 1429 2440 ‚
1449 2409 1500 2436 five
1511 2408 1682 2446 quadruplam
1693 2428 1699 2438 ,
1724 2407 1765 2434 vel
1775 2417 1864 2446 potius

314 2453 331 2470 a
339 2444 444 2482 qualem
458 2457 464 2473 t
476 2449 510 2475 ἃ,
519 2445 548 2472 :id
560 2443 707 2473 faciliorem
719 2448 850 2476 calculum
859 2468 865 2479 ,
877 2448 946 2476 bases
955 2449 1070 2488 ipsorum
1081 2448 1214 2487 tingamus
1222 2446 1273 2476 effe
1284 2449 1433 2488 quadratas.
1456 2447 1664 2477 Crassitudinem
1674 2449 1796 2478 minoiis,
1806 2458 1864 2486 qux

317 2486 353 2511 est
364 2485 512 2524 digitorum
524 2494 547 2519 5,
560 2486 584 2512 in
597 2485 620 2512 sc
628 2487 721 2514 ducito
732 2501 737 2518 ς
750 2487 816 2516 fiunt
830 2498 869 2523 ις.
882 2490 1030 2528 multiplica
1042 2492 1066 2517 in
1078 2482 1148 2517 suain
1158 2489 1354 2530 longitudinem
1365 2489 1515 2528 digitorum
1527 2499 1551 2523 5;
1563 2487 1630 2516 fiunt
1643 2499 1668 2516 in
1680 2498 1776 2526 corpus
1785 2489 1865 2528 digiti

315 2524 378 2552 cubi
400 2535 455 2559 ¹²5·
480 2526 575 2553 Eadem
596 2535 686 2554 autem
700 2525 786 2555 forma
807 2530 954 2567 procedens
974 2531 1091 2558 invenies
1111 2532 1136 2557 in
1157 2528 1219 2558 fune
1239 2530 1334 2565 majori
1353 2530 1453 2569 digitos
1463 2530 1546 2557 cubos
1567 2538 1640 2556 1000
1650 2550 1656 2556 .
1682 2531 1809 2567 Qorum
1826 2530 1861 2556 est

313 2566 498 2604 ostiiplaratio
508 2566 539 2594 ad
549 2565 660 2594 solidum
671 2568 781 2595 minoris
795 2589 800 2598 ,
819 2571 891 2607 quod
904 2572 939 2598 est
957 2571 1108 2610 digitorum
1122 2581 1175 2605 125.
1195 2571 1244 2599 Sed
1255 2579 1332 2598 crunt
1343 2567 1450 2597 fortaffe
1461 2590 1468 2601 ‚
1489 2571 1533 2609 qui
1544 2570 1676 2597 calculum
1686 2578 1765 2596 etiam
1778 2568 1865 2603 liujus-

312 2606 396 2636 modi,
406 2616 449 2635 aut
460 2616 513 2634 non
522 2607 674 2638 admittant.
686 2617 730 2635 aut
743 2618 795 2635 non
807 2610 958 2645 intelligant
970 2623 975 2642 ς
991 2621 1107 2650 quorum
1117 2611 1230 2639 alterum
1239 2611 1273 2638 :ib
1281 2611 1367 2638 altero
1375 2610 1482 2649 pendet,
1504 2610 1613 2648 Qibus
1623 2619 1652 2637 ut
1662 2618 1743 2636 etiam
1754 2619 1864 2647 quoquo

311 2647 394 2674 modo
402 2645 571 2679 satisfaciam,
589 2649 800 2687 experimentum
813 2643 1013 2678 ficiledocebo.
1033 2654 1108 2680 Duos
1119 2649 1195 2679 funes
1209 2672 1215 2683 ‚
1235 2652 1362 2681 materia.
1383 2648 1524 2689 formaque
1535 2650 1631 2678 fimiles
1641 2671 1647 2682 ,
1659 2658 1737 2687 prout
1749 2650 1802 2683 jam
1813 2651 1862 2676 de-

309 2685 398 2724 scripti
408 2687 475 2718 sunt,
486 2688 517 2715 ad
528 2688 620 2716 libram
633 2689 762 2716 constitue
773 2711 779 2720 ,
800 2693 825 2718 ἃ
835 2690 923 2728 reipsa
933 2693 1091 2730 comperies.
1102 2693 1256 2730 pcnlionem
1270 2691 1376 2727 majoris
1388 2692 1498 2729 ostiiplo
1509 2691 1624 2728 superare
1636 2691 1780 2716 minorem.
1800 2691 1859 2717 Ro-

312 2726 361 2754 bur
373 2737 461 2755 autem
474 2726 576 2756 funium
587 2730 709 2767 ponderis
721 2732 854 2758 rationem
864 2731 988 2770 sequitur.
1012 2734 1087 2760 Datis
1098 2733 1182 2772 igitur
1192 2732 1308 2771 lapidum
1318 2727 1456 2759 miffilium
1475 2731 1635 2769 ponderibus
1646 2750 1652 2760 .
1675 2729 1706 2756 ad
1716 2730 1858 2769 investiga—

312 2767 414 2794 tionem
427 2766 588 2797 foraminum
605 2770 775 2798 ctibicatione
793 2773 918 2809 procedes
932 2794 938 2804 ‚
956 2773 1007 2800 hoc
1017 2773 1108 2800 modo.
1132 2775 1203 2801 Cum
1222 2773 1285 2811 lapis
1304 2773 1447 2810 duapondo
1464 2770 1584 2799 foramen
1605 2769 1697 2796 habeat
1708 2770 1861 2807 digitorum

311 2808 428 2844 quinque
440 2829 446 2838 ,
468 2819 593 2847 quaeritur
605 2831 612 2842 ,
633 2811 664 2838 :id
673 2811 786 2849 lapidem
797 2822 912 2849 quatuor
923 2814 1014 2851 pondo
1025 2823 1090 2851 quot
1102 2814 1250 2852 digitorum
1262 2813 1357 2842 debeat
1368 2808 1419 2840 effe
1430 2809 1568 2839 foramen?
1588 2810 1692 2838 Cubica
1703 2819 1712 2844 5
1729 2822 1734 2840 ;
1752 2809 1802 2837 lioc
1815 2812 1861 2843 est,

310 2848 361 2874 duc
374 2849 398 2874 iii
412 2848 444 2877 il:
458 2851 543 2886 postea
554 2852 579 2876 in
590 2852 768 2888 productum,
789 2852 818 2880 iit
829 2853 911 2881 cubus
924 2864 977 2884 [ις.
998 2856 1069 2882 Cum
1080 2846 1169 2893 itaqiie
1189 2855 1275 2881 videas
1285 2875 1291 2885 ‚
1307 2853 1338 2881 ad
1348 2853 1439 2890 pondo
1451 2863 1464 2878 2
1475 2853 1634 2879 diametrum
1645 2848 1781 2877 foraminis
1794 2852 1861 2883 dai-i,

311 2897 370 2925 qua:
380 2887 420 2915 sil-1
433 2890 600 2917 ciibicatione
612 2893 741 2928 producat
756 2903 807 2924 125:
821 2895 922 2921 ratione
934 2894 1049 2933 sequitui·
1059 2916 1065 2924 .
1081 2904 1109 2922 ut
1118 2895 1149 2922 ad
1161 2895 1252 2933 pondo
1263 2904 1290 2926 4,
1302 2893 1373 2931 quod
1384 2893 1419 2920 est
1428 2892 1538 2929 duplum
1550 2901 1575 2923 2,
1589 2890 1647 2917 talis
1659 2890 1802 2918 diametros
1813 2891 1859 2918 ad·-

309 2927 429 2957 liibeatur
439 2950 445 2962 ,
468 2940 524 2968 qua·
536 2930 577 2958 iiia
586 2940 665 2958 etiam
676 2932 844 2961 cubicationc
854 2936 987 2973 compleat
1001 2945 1143 2963 numerum
1156 2944 1207 2970 ²50
1219 2955 1226 2967 ,
1247 2933 1394 2974 quiduplus
1404 2932 1438 2960 est
1450 2932 1511 2960 cubi
1524 2941 1580 2967 ης.
1599 2930 1658 2961 Sed.
1670 2932 1732 2969 quia
1743 2940 1795 2966 250
1804 2942 1860 2959 non

1821 2972 1857 2999 est
