2023 3162
549 83 626 108 DE
682 67 1031 107 P1chnA
1088 69 1305 109 L113.11.
1386 65 1391 68 Α
1704 88 1748 121 15

141 139 279 188 primas
290 148 334 174 ex
344 137 546 189 provinciis
557 136 707 187 praedas,
721 134 820 185 signa
835 135 872 172 ὃ(
885 135 1024 173 tabulas
1034 137 1073 173 in
1082 135 1231 174 theatris
1245 136 1487 187 exponebant
1500 152 1506 175 :
1523 151 1647 189 eoque
1659 152 1747 192 pro-

143 192 247 230 cessit
258 205 325 232 res,
334 204 376 231 ut
385 194 516 231 Paulus
528 190 728 242 AEmyHus,
740 194 934 241 caeterique
945 204 1026 229 non
1038 194 1146 243 pauci
1158 193 1330 230 Romani
1341 196 1450 233 cives,
1463 193 1561 233 filios
1571 198 1667 235 inter
1677 199 1747 235 bo-

142 261 209 286 nas
225 260 318 286 artes
339 249 384 286 ad
405 251 502 287 bene
521 250 704 297 beateque
725 248 926 286 vivendum
947 249 1128 298 pisturam
1146 249 1370 287 edocerent:
1391 251 1456 300 qui
1475 262 1560 287 mos
1578 255 1746 302 optimus

141 305 239 354 apud
251 306 405 342 Graecos
418 308 583 343 maxime
601 303 882 348 observabatur,
902 314 943 341 ut
962 306 1118 354 ingenui
1137 305 1299 343 &libere
1309 307 1456 344 educati
1477 306 1745 353 adolescentes,

141 373 214 398 una
234 373 324 398 cum
346 363 457 398 literis
471 386 479 399 ,
509 361 729 398 Geometria
749 363 787 398 ὃς
807 359 950 397 Musica
963 389 973 405 ‚
995 361 1171 410 pingendi
1188 373 1346 411 quoque
1368 373 1446 401 arte
1466 362 1745 401 instruerentur.

143 418 251 468 Qin
263 419 301 455 ἃ
312 417 480 454 foeminis
493 419 608 454 etiam
623 417 701 453 haec
712 415 888 466 pingendi
898 415 1055 453 facultas
1067 417 1207 454 honori
1220 417 1301 455 fuit.
1317 420 1454 456 Martia
1465 419 1644 458 Varronis
1656 419 1744 465 filia,

143 472 249 521 quod
260 475 418 523 pinxerit
437 474 535 522 apud
545 473 756 522 scriptores,
774 471 995 509 celebratur.
1025 471 1084 509 Ac
1093 471 1164 510 fuit
1181 474 1335 522 quidem
1346 484 1448 513 tanta
1458 476 1494 512 in
1504 476 1612 513 laude
1623 476 1659 513 &
1672 475 1744 514 ho-

140 540 234 565 nore
248 529 399 579 pictura,
413 538 452 565 ut
464 528 563 579 apud
573 529 729 566 Graecos
741 538 930 566 caveretur
939 527 1128 567 edistome
1139 527 1246 567 servis
1257 530 1439 580 piCturam
1452 530 1588 569 discere
1599 532 1741 576 liceret,

139 596 225 635 neq>
237 585 273 621 id
289 585 441 632 quidem
451 586 596 630 injuria.
609 585 713 621 Nam
724 583 774 620 est
792 584 1032 634 pingendiats
1043 584 1216 633 profei'm
1228 586 1440 624 liberalibus
1454 590 1492 624 δε
1503 586 1741 625 nobilissimis

140 642 273 678 animis
285 639 495 690 digniffima
509 669 518 684 ‚
540 641 826 687 maximumque
837 641 974 689 optimi
994 642 1032 676 δε
1056 640 1253 690 praestantis
1264 643 1401 691 ingenii
1414 643 1509 694 apud
1528 655 1589 680 me
1601 642 1743 694 semper

137 696 532 734 fuitindiciumillius.
559 707 675 745 quem
687 695 828 744 pi&ura
847 693 1089 732 vehementer
1100 696 1543 747 delestariintelligerem.
1576 699 1744 737 Tametsi

138 751 217 790 haec
237 764 311 789 una
331 764 386 788 ars
407 751 446 787 ὃς
463 751 586 788 dorus
608 753 646 788 &
667 750 825 786 indostis
837 761 943 798 aeque
955 750 1163 788 admodum
1175 763 1276 800 grata
1287 753 1350 790 est.
1385 758 1480 805 Qae
1492 766 1547 791 res
1560 756 1659 792 nulla
1669 754 1757 792 fere·

139 810 254 845 aliain
267 818 342 844 arte
354 808 477 845 evenit
487 836 497 851 ἲ
512 817 553 843 ut
565 805 669 855 quod
678 807 818 855 peritos
832 805 989 842 delcetat
1002 834 1012 850 ‚
1033 807 1229 856 imperitos
1243 820 1400 857 quoque
1410 821 1573 847 moveat.
1606 812 1744 860 Neque

139 864 248 901 facile
259 865 472 914 quempiam
483 863 653 900 invenies
666 891 675 906 ‚
694 862 759 910 qui
770 873 852 898 non
865 863 1049 907 majorem
1062 863 1101 898 in
1113 862 1272 900 modum
1284 874 1393 913 optet
1403 864 1485 901 sein
1502 867 1642 915 pistura
1654 880 1744 917 pro-

138 920 271 957 fecisse.
296 918 414 969 Ipsam
425 918 539 967 deniq
548 932 556 960 ς
566 929 734 954 naturam
746 917 937 967 pingendo
949 917 1120 954 delectari
1129 918 1365 956 manifestum
1375 920 1435 957 est.
1449 920 1632 959 Videmus
1642 925 1745 961 enim

138 987 325 1019 naturam,
336 986 375 1012 ut
384 973 474 1024 saepe
486 975 524 1010 in
536 973 785 1010 marmoribus
798 973 1353 1024 Hippocentauros,tegumque
1362 975 1531 1013 barbatas
1543 977 1656 1014 facies
1668 978 1745 1015 cffi-

139 1033 227 1080 gier.
255 1032 357 1084 Qin
371 1033 408 1067 &
421 1033 519 1077 aiunt
530 1031 568 1066 in
579 1042 623 1079 ge
630 1041 733 1066 mma
744 1028 870 1077 Pyrrhi
882 1040 1027 1068 novem
1039 1030 1176 1074 Musas,
1187 1041 1274 1067 curn
1286 1031 1353 1068 suis
1363 1031 1565 1081 infignibus
1577 1033 1743 1071 distinete

136 1088 158 1124 a
173 1098 298 1124 natura
317 1085 391 1136 ipsa
400 1085 500 1123 fuisse
520 1086 693 1135 depictas.
726 1085 837 1121 Adde
857 1084 913 1121 his
934 1085 1042 1134 quod
1053 1086 1153 1123 nulla
1172 1085 1292 1123 ferme
1304 1098 1361 1124 ars
1377 1087 1426 1125 est
1439 1117 1449 1132 ‚
1472 1089 1511 1124 in
1532 1100 1605 1137 qua
1622 1091 1743 1139 perdi-

137 1142 270 1180 scenda
279 1155 321 1180 ac
332 1142 537 1179 exercenda
557 1143 683 1179 omnis
695 1151 796 1182 zetas,
813 1143 849 1178 &
861 1142 1070 1190 peritorum
1081 1143 1118 1179 &
1129 1143 1406 1191 imperitorum,
1416 1154 1517 1181 tanta
1528 1156 1619 1182 cum
1633 1146 1741 1183 volu-

136 1210 238 1250 ptate
247 1199 418 1237 versetur.
449 1199 580 1235 Liceat
591 1197 636 1233 de
649 1196 803 1248 meipso
821 1197 990 1247 profiteri
1003 1226 1011 1240 ‚
1030 1197 1055 1234 si
1075 1198 1233 1247 quando
1250 1210 1313 1236 me
1330 1200 1445 1236 animi
1461 1198 1741 1250 voluptatisque

136 1255 242 1292 causa
253 1255 297 1291 ad
312 1255 544 1304 pingendum
558 1253 718 1290 confero
730 1282 738 1297 ‚
759 1253 865 1302 quod
877 1252 978 1291 facio
989 1252 1073 1290 sane
1085 1253 1275 1306 persaepius
1288 1282 1299 1299 ‚
1312 1267 1405 1292 cum
1426 1255 1471 1292 ab
1482 1256 1559 1293 aliis
1569 1259 1742 1304 negociis

137 1313 269 1348 ocium
282 1310 506 1360 suppeditat,
529 1320 631 1347 tanta
642 1322 729 1347 cum
741 1311 933 1360 voluptate
952 1311 991 1346 in
1001 1321 1116 1359 opere
1128 1309 1363 1359 perficiundo
1372 1310 1494 1348 insisto
1506 1337 1516 1350 ‚
1543 1322 1583 1349 ut
1592 1314 1741 1350 tertiam

137 1368 175 1403 ἃ
187 1378 359 1415 quartam
373 1377 526 1415 quoque
539 1366 670 1403 horam
683 1363 839 1416 elapsam
850 1365 920 1402 ess'e
932 1395 942 1410 ,
953 1366 1014 1403 vix
1026 1364 1161 1416 possim
1173 1367 1334 1404 credere.
1365 1368 1492 1416 Itaque
1503 1368 1740 1417 voluptatem

138 1423 215 1460 haec
226 1435 281 1459 ars
290 1420 406 1461 affert,
420 1423 510 1458 dum
523 1433 605 1459 eam
619 1423 798 1470 colueri53
815 1421 963 1459 laudem
977 1446 985 1460 ,
1000 1422 1165 1461 divitias,
1179 1434 1224 1460 ac
1236 1433 1455 1474 perpetuam
1467 1423 1607 1461 famam
1619 1454 1628 1469 ‚
1651 1423 1743 1461 dum

139 1491 224 1516 eam
235 1480 329 1516 bene
342 1479 527 1516 excultam
537 1477 679 1515 feceris.
713 1479 807 1530 Qae
818 1490 874 1515 res
886 1489 976 1515 curn
986 1479 1036 1514 ita
1046 1476 1089 1515 fit
1099 1503 1108 1518 ‚
1123 1489 1209 1516 cum
1221 1478 1264 1515 sit
1272 1480 1411 1529 pie‘tura
1423 1483 1615 1529 optimum
1628 1483 1665 1518 δε
1680 1492 1744 1518 ve-

135 1533 369 1572 tustissimum
381 1545 645 1572 ornamentum
659 1546 797 1578 rerum,
809 1534 931 1572 liberis
943 1533 1053 1584 digna
1063 1564 1074 1580 ,
1086 1534 1204 1572 doffis
1217 1545 1331 1584 atque
1343 1536 1505 1573 indostis
1515 1547 1636 1585 grata,
1662 1548 1741 1573 ma-

136 1593 259 1638 jorem
269 1592 306 1627 in
318 1591 480 1628 niodum
492 1590 625 1632 hortor
637 1590 816 1628 studiosos
829 1592 993 1638 juvenes,
1009 1600 1050 1627 ut
1061 1617 1069 1631 ‚
1091 1591 1339 1639 quoadliceat
1352 1621 1361 1635 ‚
1380 1591 1528 1641 pisturae
1539 1592 1744 1642 plurimam

136 1658 291 1697 operam
301 1646 533 1697 impendant.
546 1647 722 1684 Proxime
734 1657 800 1683 eos
813 1658 970 1684 moneo,
987 1647 1051 1696 qui
1060 1646 1208 1697 pieiurae
1220 1645 1470 1684 studiosissimi
1481 1646 1577 1692 sunt,
1586 1658 1625 1685 ut
1635 1649 1745 1685 omni

137 1715 252 1752 opera
265 1704 302 1740 ὃ(
315 1702 504 1752 diligentia
516 1703 781 1753 prosequantur
791 1702 903 1753 ipsam
914 1702 1115 1753 perfectam
1127 1704 1302 1754 pingendi
1313 1713 1432 1741 artem
1444 1714 1582 1741 tenere.
1609 1705 1665 1741 Sit
1674 1715 1744 1740 vo-

136 1759 206 1804 bis,
217 1761 280 1808 qui
291 1759 429 1808 pistura
438 1759 601 1808 praestare
612 1759 850 1797 contenditis,
865 1771 952 1796 eura
964 1761 1003 1795 in
1013 1759 1142 1809 primis
1154 1760 1319 1797 nominis
1333 1761 1370 1797 ὅ(
1380 1760 1502 1800 samm,
1517 1772 1633 1810 quam
1644 1769 1744 1798 vete-

136 1826 194 1851 res
206 1814 390 1851 ass'ecuros
401 1815 544 1853 videtis.
577 1815 640 1853 Ac
655 1815 860 1852 meminisse
873 1815 1026 1865 quidem
1037 1814 1179 1862 juvabit
1190 1845 1199 1861 ‚
1209 1815 1354 1866 semper
1365 1813 1550 1853 adversam
1561 1845 1571 1860 ‚
1590 1816 1743 1853 laudi&

136 1871 273 1909 virtuti,
288 1869 388 1906 fuisse
399 1872 608 1908 avariciam.
625 1870 791 1923 Qaestui
803 1872 903 1908 enim
914 1873 1075 1908 intentus
1085 1872 1245 1916 animus,
1255 1883 1339 1909 raro
1348 1872 1568 1922 posteritatis
1578 1871 1741 1909 frustum

137 1925 356 1975 assequetur.
390 1927 477 1962 Vidi
491 1939 584 1976 ego,
600 1926 796 1976 plerosque
807 1929 845 1964 in
857 1926 936 1979 ipso
948 1926 1048 1975 quasi
1060 1927 1152 1964 flore
1163 1926 1394 1978 perdiscendi
1412 1929 1502 1964 ilico
1514 1926 1684 1964 decidisse
1695 1926 1741 1965 ad

135 1983 330 2029 quaestum,
343 1982 379 2018 Sc
393 1994 461 2019 nec
475 1982 617 2019 divitias
627 2009 635 2022 ‚
649 1994 721 2019 nec
734 1984 882 2020 laudem
894 1983 1008 2019 ullam
1020 1982 1106 2019 inde
1116 1982 1217 2019 fuiffe
1228 1983 1406 2033 adeptos:
1430 1984 1494 2031 qui
1507 1982 1531 2019 si
1543 1983 1738 2032 ingenium

136 2036 258 2073 studio
270 2037 458 2079 auxissent,
470 2039 506 2075 in
520 2038 665 2075 laudem
678 2037 786 2075 facile
796 2037 1110 2078 conscendissent,
1132 2050 1211 2088 quo
1223 2041 1262 2075 in
1272 2040 1364 2075 loco
1376 2041 1413 2076 ὃς
1426 2039 1571 2075 divitias
1582 2041 1620 2076 δε
1632 2039 1738 2074 volu-

138 2102 281 2142 ptatem
295 2093 527 2142 accepissent.
545 2095 676 2142 Itaque
688 2094 733 2130 de
753 2094 807 2130 his
818 2093 900 2131 satis
910 2094 1099 2131 hactenus.
1112 2094 1172 2131 Ad
1182 2094 1386 2131 institutum
1398 2094 1604 2131 redeamus.
1619 2093 1737 2130 Pitui-
1748 2094 1854 2140 &310⁶

138 2160 218 2185 ram
231 2149 267 2184 in
281 2158 353 2184 tres
366 2157 487 2196 patres
498 2148 713 2192 dividimus,
724 2160 839 2196 quam
852 2149 1008 2197 quidem
1019 2148 1240 2186 divisionem
1261 2150 1308 2186 ab
1330 2148 1401 2198 ipsa
1419 2159 1552 2186 natura
1564 2160 1736 2199 compet·
1746 2142 1835 2212 2:215?
1842 2174 1879 2202 dl.-

139 2215 221 2241 tum
235 2202 428 2239 habemus.
441 2204 542 2240 Nam
556 2215 645 2239 cum
657 2203 798 2252 pistura
808 2203 949 2240 studeat
959 2214 1015 2239 res
1025 2202 1115 2240 visas
1125 2203 1380 2255 repraesentare
1394 2230 1402 2244 ‚
1418 2215 1592 2242 notemus
1607 2217 1735 2255 quem·
1749 2216 1857 2253 mipo-

137 2259 348 2297 admodum
360 2270 414 2295 res
424 2257 504 2308 ipsae
515 2257 578 2294 sub
589 2258 779 2308 aspestum
789 2259 952 2296 veniant.
961 2259 1149 2308 Principio
1160 2259 1313 2308 quidem
1324 2272 1412 2297 cum
1424 2261 1514 2309 quid
1525 2259 1736 2312 aspicimus,
1748 2257 1801 2293 “st-

138 2316 175 2353 id
187 2316 361 2352 videmus
373 2315 442 2351 effe
453 2314 591 2362 aliquid
603 2314 707 2362 quod
718 2315 850 2351 locum
861 2325 1034 2364 occupet.
1050 2315 1174 2352 Pistor
1185 2327 1276 2354 vero
1288 2315 1394 2362 hujus
1403 2317 1480 2353 loci
1492 2316 1656 2367 spacium
1669 2319 1736 2353 cir·
1785 2311 1788 2313 ’

139 2370 372 2409 cumscribet,
381 2382 539 2418 eamque
550 2370 935 2409 rationem,ducendae
947 2370 1114 2410 fimbriae,
1127 2381 1218 2421 apto
1229 2373 1418 2418 vocabulo
1428 2373 1737 2423 circumscriptio-

139 2439 229 2465 nem
239 2426 450 2476 appellabit.
469 2427 642 2462 Proxime
654 2427 841 2463 intuentes
853 2425 1110 2475 dignoscimus
1120 2452 1128 2465 ‚
1146 2438 1186 2464 ut
1194 2428 1363 2478 plurimae
1375 2427 1556 2479 prospee'ti
1568 2429 1737 2478 eorporis

137 2483 348 2534 superficies
358 2484 453 2519 inter
466 2480 498 2518 se
511 2483 742 2519 conveniant
754 2496 763 2524 ·,
788 2481 923 2531 hasque
933 2481 1208 2532 superficierum
1228 2484 1519 2530 conjunffiones
1530 2484 1657 2522 artifex
1668 2483 1738 2521 suis

140 2541 235 2577 locis
246 2537 451 2588 designans,
462 2538 559 2575 reste
571 2537 891 2587 compositionem
903 2537 1122 2576 nominabit.
1152 2539 1349 2577 Postremo
1359 2538 1571 2590 aspicientes
1584 2569 1594 2584 ‚
1613 2538 1736 2576 distin-

142 2596 236 2633 stius
247 2594 523 2646 superficierum
534 2594 684 2631 colotes
696 2592 933 2631 discernimus
946 2608 955 2637 ·‚
970 2596 1076 2640 cujus
1088 2596 1139 2633 rei
1152 2596 1421 2647 repraesentatio
1432 2597 1469 2631 in
1480 2596 1620 2647 pistura
1631 2594 1736 2645 quod

141 2663 277 2689 omnes
289 2651 406 2687 ferme
416 2648 638 2687 differentias
652 2647 672 2685 a
684 2649 887 2687 luminibus
898 2651 1064 2700 recipiat,
1076 2651 1353 2701 percommode
1364 2651 1464 2702 apud
1475 2664 1546 2688 nos
1567 2652 1735 2702 receptio

140 2709 326 2745 luminum
338 2706 682 2744 dicetur.Pieturam
692 2706 801 2755 igitur
812 2707 1125 2756 circumscriptio,
1139 2706 1424 2759 compositio,&
1436 2708 1623 2745 luminum
1635 2719 1733 2745 rece·
1748 2715 1812 2741 Tria
1819 2716 1859 2750 μ’-

141 2764 223 2814 prio
234 2762 438 2813 perficiunt.
468 2763 529 2799 De
542 2762 596 2798 his
615 2773 707 2810 ergo
719 2760 888 2810 sequitur,
903 2772 944 2799 ut
957 2774 1069 2812 quam
1081 2762 1288 2802 brevissime
1299 2763 1483 2801 dicamus.
1503 2766 1539 2802 δε
1554 2765 1678 2814 primo
1689 2764 1736 2800 de
1750 2755 1849 2830 ‘35³⁰'

144 2818 500 2869 circumscriptione.
533 2816 842 2869 Circumscriptio
854 2818 1007 2867 quidem
1019 2829 1060 2855 ea
1072 2817 1121 2856 est
1132 2844 1140 2857 ‚
1162 2831 1244 2868 quae
1254 2820 1360 2856 lineis
1376 2819 1560 2857 ambitum
1570 2819 1735 2857 fimbria·
1745 2802 1828 2863 22„ss

145 2886 226 2911 rum
237 2877 273 2911 in
290 2876 428 2925 pie'tura
439 2873 652 2912 conscribit.
682 2875 724 2910 In
736 2873 804 2911 hac
823 2873 1051 2911 Parrhasium
1071 2874 1268 2925 piCtorem,
1281 2887 1368 2913 eum
1387 2887 1474 2913 cum
1486 2888 1567 2925 quo
1579 2875 1628 2912 cst
1640 2874 1738 2925 apud

147 2930 447 2983 Xenophontem
466 2931 632 2970 Socratis
642 2931 764 2968 sermo
777 2955 784 2970 ‚
809 2929 965 2980 pulchre
974 2931 1137 2982 peritum
1153 2929 1255 2969 fuisse
1266 2931 1425 2970 tardunt.
1454 2933 1564 2971 Illum
1584 2933 1685 2969 enim
1696 2931 1739 2967 li-

285 3005 289 3008 -
1658 2996 1743 3023 neas
