2023 3162
308 129 356 160 68
666 119 1534 159 M.V1·'r·rit1v11PoLt10N1s

166 181 365 242 1⁷.xv1=1.[p]
387 187 588 236 tetrastylos
608 190 695 231 erit,
719 187 902 224 dividatur
919 189 956 223 in
976 197 1094 236 partes
1116 200 1138 224 x
1151 199 1173 224 x
1188 199 1201 223 1
1215 199 1272 224 11.
1294 188 1331 224 Si
1353 188 1558 237 hexastylos
1579 192 1656 230 erit,
1670 190 1849 230 dividatur
1867 193 1905 231 iu

166 247 424 296 ¹⁷·x-*VU1-partes
443 257 465 280 x
477 257 497 280 x
510 257 531 280 x
543 255 575 280 v.
608 244 660 279 Ex
672 243 725 279 his
737 255 818 294 pars
829 254 901 279 una
913 244 980 278 erit
998 242 1175 279 modulus
1189 271 1199 286 ,
1220 243 1264 280 ad
1276 255 1390 292 quem
1412 244 1493 291 (uti
1510 245 1612 295 supra
1634 246 1808 297 scriptum
1827 248 1901 295 est)

303 313 416 352 opera
428 299 697 336 distribuentur.
729 301 789 349 [q]
811 298 862 334 Ita
874 296 976 348 supra
985 297 1124 346 fingula
1141 298 1315 348 epistylia,
1329 299 1366 335 ὃς
1384 309 1544 350 metopae
1558 300 1659 345 duae,
1679 301 1899 355 &triglyphi

302 360 360 403 [r]
374 355 504 406 singuli
521 364 626 391 erunt
640 354 869 390 collocandi.
902 354 941 390 In
963 353 1200 403 angularibus
1217 365 1297 391 non
1315 356 1474 405 amplius
1488 381 1496 393 ,
1519 368 1632 404 quam
1652 367 1834 405 quantum
1855 361 1906 398 est

301 412 458 463 spatium
477 405 547 459 [s]
568 408 858 458 hemitriglyphi.
892 407 1055 446 Accedit
1072 408 1110 446 id
1123 410 1159 446 in
1171 411 1226 454 [t]
1241 409 1418 447 mediano
1430 421 1565 448 contra
1588 411 1771 461 fastigium
1791 416 1903 453 trium

1780 472 1904 520 trigly-

335 543 431 582 pretati
440 542 535 571 sumus,
545 549 673 578 quantum
685 538 700 568 ,ἰ
712 539 852 579 triglypho
862 541 892 568 ad
904 541 1071 580 triglyphum
1081 542 1116 569 est
1128 540 1212 578 spatii,
1222 542 1259 569 ita
1270 541 1286 569 fi
1298 541 1423 569 hocloco
1433 542 1588 579 accipimus,
1599 551 1650 570 non
1662 542 1772 570 dubium
1784 545 1828 574 cst.
1840 546 1903 584 quin

337 585 386 611 lint
394 580 476 610 futuri
485 582 585 608 moduli
597 590 711 618 quatuor
721 602 728 614 ,
747 582 774 609 id
785 581 820 609 est
830 581 886 609 duae
898 590 1013 620 metopae
1026 585 1050 610 ὃς
1064 581 1212 622 triglyphus
1222 591 1298 610 unus.
1322 583 1384 610 Esto
1392 583 1475 621 igitur
1486 592 1572 622 genus
1580 582 1630 610 hoc
1643 592 1696 610 non
1707 583 1823 623 systylon
1834 605 1840 617 ,
1861 585 1904 614 sed

337 621 715 662 systylonmonotriglyphon.

302 665 332 700 p]
355 663 438 690 idem.
463 664 551 690 Locus
562 661 604 689 hic
615 663 694 690 etiarn
705 662 732 689 in
743 661 875 690 veteribus
885 661 1021 690 codicibus
1033 662 1172 691 mendosus
1184 664 1228 691 est.
1236 662 1404 691 scribendum
1414 662 1684 702 autem‚fiterrastylos
1690 666 1751 694 erit,
1767 664 1904 695 dividatur

346 706 373 731 in
382 710 468 740 partes
479 713 559 730 xrxs.
577 705 601 730 Si
610 702 747 740 hexastylos
754 705 801 730 erit
812 724 818 734 ‚
836 702 972 730 dividasur
981 705 1009 730 in
1023 711 1110 741 partes
1121 715 1135 732 x
1143 714 1224 732 xixs.
1248 704 1276 732 ld
1287 705 1323 731 ita
1331 704 1440 731 ostendo
1452 716 1457 735 ς
1476 703 1527 731 hoc
1537 701 1626 732 differt
1637 714 1702 742 opus
1713 704 1828 743 systylon
1838 716 1902 734 mo-

343 743 540 784 notriglyphon
550 742 564 770 „i
575 743 695 782 diasty10,
708 743 780 782 quod
790 745 816 771 in
827 743 902 778 hujus
911 744 1082 783 angularibus
1091 745 1304 773 intercolumniis
1324 744 1383 772 sunt
1403 754 1518 783 metopae
1527 753 1579 772 tres
1589 749 1614 773 ἃ
1626 745 1757 784 triglyphi
1768 746 1822 774 duo
1831 767 1837 778 ,
1856 747 1904 785 qui

339 781 460 813 efficiunt
479 783 602 812 modulos
621 783 662 811 sex
682 794 744 812 cum
760 784 883 817 dimidio,
893 784 920 811 in
932 784 1056 812 mediano
1065 795 1129 813 vero
1139 794 1253 824 metopae
1262 794 1378 824 quatuor
1389 789 1412 814 &
1423 784 1552 825 triglyphi
1562 794 1624 818 tres¹
1638 786 1663 813 id
1675 786 1724 816 est,
1738 786 1841 814 moduli
1850 796 1902 814 no-

343 835 414 853 vem.
436 827 466 852 ln
477 825 544 852 illius
555 833 643 852 autem
654 824 867 853 intercolumniis
878 825 1047 865 angularibus
1057 825 1114 854 sunt
1126 835 1241 865 metopae
1251 826 1309 854 duae
1319 836 1380 854 cum
1389 826 1528 866 triglypho
1539 835 1609 857 uno,
1629 826 1653 853 id
1673 827 1707 853 est
1718 826 1821 854 moduli
1832 837 1901 866 qua-

342 875 414 896 tuor,
423 866 448 892 in
460 865 582 893 mediano
594 875 657 893 vero
668 874 783 904 metopae
794 875 845 893 tres
858 869 882 893 &
893 865 1021 905 triglyphi
1030 866 1094 899 duo,
1104 866 1171 895 idest
1181 867 1282 895 moduli
1295 866 1337 895 sex
1346 870 1370 894 ὅ(
1380 866 1464 894 semis.
1486 869 1549 895 Non
1560 867 1632 894 enim
1644 867 1678 894 est
1690 865 1792 894 necesse
1803 868 1901 896 admo-

341 917 412 938 nere.
426 905 499 944 supra
509 915 636 933 tetrantes
648 907 832 934 columnarum
842 907 945 934 medios
956 907 1072 945 ungulos
1084 905 1135 935 effe
1143 907 1294 947 triglyphos
1305 928 1312 938 ,
1323 907 1348 935 id
1359 908 1404 940 est,
1417 907 1538 935 modulos
1549 907 1672 935 totidem.
1694 909 1835 945 Superatur
1846 909 1901 949 igi-

341 956 384 975 tur
393 946 510 986 systylon
521 957 584 984 opus
596 948 731 984 utrimque
740 947 847 986 lingulis
857 947 960 975 duobus
970 947 1084 976 modulis
1096 951 1119 976 ὃ(
1130 947 1240 981 semisse,
1252 953 1276 977 ἃ
1285 949 1311 976 in
1321 949 1410 976 medio
1420 948 1535 976 totidem
1547 948 1591 983 (de
1602 948 1818 986 tetrastyloenim
1830 959 1901 978 nunc

345 987 410 1015 mihi
421 988 456 1015 est
466 988 520 1022 res)
538 987 564 1014 id
573 988 609 1014 est
619 1008 625 1019 ,
649 997 674 1014 in
686 987 834 1015 universum
846 987 960 1015 modulis
970 987 1071 1026 septem
1082 992 1105 1016 δε
1117 987 1227 1017 semiffe.
1250 989 1335 1028 Atqui
1347 988 1506 1017 ostendimus
1514 988 1642 1027 tetrastyli
1664 988 1765 1026 diastyli
1775 989 1900 1017 modulos

343 1025 395 1056 effe
406 1038 496 1060 xxvii;
509 1027 523 1055 αἱ
533 1028 626 1066 quibus
639 1028 656 1054 li
665 1026 766 1055 auferas
776 1027 876 1066 septem
887 1038 932 1055 eos
942 1029 1067 1056 modulos
1078 1032 1102 1057 St
1113 1026 1243 1058 semissem
1256 1051 1262 1063 ‚
1282 1029 1378 1068 quibus
1387 1029 1488 1068 superat
1496 1028 1613 1068 systylon
1624 1050 1632 1061 ,
1657 1028 1755 1057 videbis
1765 1025 1896 1069 supereffe

344 1079 374 1097 xx
383 1079 422 1096 xs.
442 1068 527 1107 Qod
536 1070 552 1095 ti
564 1070 612 1095 erit
624 1067 777 1106 hexastylon
787 1089 794 1101 ,
813 1068 976 1107 superabitur
985 1069 1100 1098 modulis
1114 1080 1184 1098 xus.
1195 1070 1288 1109 quibus
1298 1070 1391 1098 ablatis
1400 1070 1532 1098 restabunt
1544 1079 1644 1097 xx1xs.

302 1112 332 1149 q]
360 1109 442 1137 Idem.
465 1111 547 1146 Supra
555 1107 667 1147 lingulas
675 1109 786 1147 epistylii
798 1118 884 1148 partes
898 1130 903 1140 .
915 1119 969 1137 non
981 1119 1038 1149 quae
1048 1111 1259 1140 intercolumniis
1271 1111 1429 1149 respondent
1438 1132 1445 1144 ,
1457 1110 1499 1138 sed
1510 1120 1569 1149 quae
1578 1109 1636 1138 sunt
1647 1108 1662 1138 ,ἰ
1673 1109 1813 1150 triglypho
1822 1111 1899 1148 super

344 1149 496 1178 columnam
508 1148 643 1176 collocato
659 1150 689 1177 ad
701 1159 830 1187 proximae
841 1150 974 1178 columnae
992 1151 1170 1191 triglyphum.
1194 1152 1223 1180 Id
1234 1162 1298 1180 vero
1309 1151 1382 1190 spatii
1393 1151 1494 1190 superat
1508 1151 1709 1179 intercolumnii
1727 1152 1898 1180 intervallum

344 1189 454 1218 modulo
464 1199 528 1221 uno,
541 1189 565 1216 id
577 1188 687 1221 emblac
698 1199 776 1228 atque
788 1190 849 1218 hinc
860 1190 1049 1224 semimodu10‚
1061 1201 1190 1231 quantum
1200 1192 1299 1220 scilicet
1311 1201 1478 1231 metoparum
1488 1191 1649 1220 tetrantibus
1660 1191 1848 1221 columnarum
1858 1194 1900 1220 in-

341 1230 461 1260 vehitur,
471 1229 607 1267 sedetque.

298 1274 326 1307 r]
357 1272 441 1299 Idem.
463 1272 496 1298 Et
506 1270 548 1298 hic
557 1270 631 1298 locus
641 1281 707 1299 unus
718 1269 776 1300 este
788 1270 897 1310 pulchre
907 1273 1102 1301 contaminatis.
1113 1275 1155 1301 Ita
1162 1272 1260 1301 habent
1269 1273 1371 1304 omnia,
1379 1283 1437 1313 quae
1448 1272 1569 1303 viderim,
1582 1272 1750 1310 exemplari-³3
1763 1272 1829 1300 adeo
1840 1284 1900 1312 per-

343 1312 467 1340 tinaciter
476 1312 503 1338 in
512 1321 629 1339 errorem
641 1311 832 1350 conspirarunt.
855 1313 1033 1341 collocantur
1042 1323 1133 1342 autem
1145 1314 1240 1354 linguli
1251 1312 1390 1353 triglyphi,
1399 1324 1458 1351 'non
1469 1313 1542 1345 bini,
1563 1313 1632 1341 unde
1643 1316 1667 1340 St
1679 1314 1898 1353 monotriglyphi

339 1362 440 1380 nomen
450 1352 556 1380 mestum
565 1352 600 1379 est
611 1351 636 1379 id
645 1354 732 1391 operis
743 1363 837 1393 genus.
861 1356 954 1394 Qare
966 1365 1014 1392 pro
1023 1354 1092 1385 bini,
1104 1355 1199 1394 linguli
1208 1354 1375 1383 scribendum
1387 1365 1392 1382 :
1411 1364 1458 1382 nec
1469 1354 1541 1382 enim
1552 1349 1660 1392 possunt
1673 1349 1726 1381 effe
1735 1353 1763 1381 in
1775 1355 1895 1383 interco-

338 1393 444 1421 lumnio
455 1391 584 1432 triglyphi
596 1392 651 1419 bini
665 1414 671 1424 ,
690 1393 735 1421 ubi
747 1394 807 1422 sunt
818 1393 989 1422 solummodo
999 1404 1114 1434 metopae
1124 1396 1191 1424 duae.
1622 1410 1638 1426 ο

291 1435 327 1470 s]
348 1434 433 1461 Idem.
458 1433 574 1460 Inolevit
586 1437 609 1461 δε
622 1432 664 1461 hic
675 1434 831 1473 jampridem
842 1444 915 1462 error
928 1436 1044 1464 Vitruvii
1055 1436 1202 1465 codicibus.
1219 1435 1402 1475 Expungenda
1412 1445 1475 1463 vero
1486 1436 1520 1463 est
1530 1435 1613 1464 dictio
1623 1434 1801 1463 dimidiatum.
1818 1436 1893 1464 Nam

340 1483 470 1512 quantum
480 1473 705 1513 hemitriglyphus
716 1476 818 1514 amplus
829 1476 873 1508 est,
892 1484 996 1504 tantum
1008 1478 1033 1504 in
1044 1478 1148 1517 angulis
1158 1499 1164 1509 ,
1176 1486 1305 1516 quantum
1317 1477 1485 1504 contrastura
1494 1475 1561 1514 scapi
1573 1476 1682 1514 patitur,
1696 1477 1740 1510 (ea
1749 1476 1821 1503 enim
1833 1486 1897 1514 pru-

340 1516 415 1542 denti
426 1514 583 1542 Architecto
598 1515 791 1551 moderabitur)
813 1516 1029 1555 relinquendum;
1052 1518 1076 1545 id
1088 1520 1123 1546 est
1134 1539 1141 1550 ,
1159 1517 1346 1546 semimodulus
1363 1518 1518 1555 utrimque;
1537 1526 1594 1555 quae
1606 1516 1720 1544 diximus
1739 1515 1896 1545 semimeto-

339 1556 445 1593 piorum
456 1557 565 1583 nomine
574 1556 667 1594 accipi.
686 1557 770 1596 Qod
783 1557 801 1584 fi
812 1558 1020 1586 animadvertere
1028 1557 1139 1587 severius
1152 1562 1175 1587 S:
1187 1559 1312 1597 castigare
1325 1557 1391 1585 mihi
1402 1557 1570 1595 permittatur
1581 1570 1588 1589 ς
1603 1566 1664 1585 nam
1676 1556 1775 1595 aliquid
1783 1557 1897 1586 omnino

338 1595 469 1623 libertatis
478 1591 663 1624 assumendum
674 1598 709 1625 est
721 1594 764 1630 [li
777 1597 869 1626 locum
877 1597 946 1627 hunc
955 1599 1091 1638 corrigere
1103 1599 1167 1627 velis
1178 1620 1185 1631 ,
1206 1599 1361 1637 depravatus
1370 1599 1443 1626 enim
1457 1595 1592 1625 manifeste
1603 1598 1655 1625 est:
1673 1597 1714 1625 vel
1724 1597 1896 1626 reclamanti—

337 1635 384 1664 bus
395 1636 519 1664 omnibus
531 1636 723 1673 exemplaribus
733 1639 771 1665 isti
782 1637 914 1676 scripturae
925 1649 1017 1667 notam
1027 1641 1168 1672 inuram‚&
1180 1641 1205 1667 in
1214 1640 1361 1678 deportatae
1378 1639 1470 1667 locum
1481 1638 1547 1666 hanc
1557 1637 1704 1673 subjiciam5
1718 1639 1745 1665 in
1756 1639 1893 1678 angulari-

339 1676 386 1704 bus
395 1687 448 1704 non
458 1677 572 1715 amplius
583 1698 589 1709 ‚
609 1687 689 1715 quarn
699 1687 829 1717 quantum
849 1681 884 1707 est
895 1680 1009 1718 spacium
1018 1680 1231 1721 hemitriglyphi.
1253 1680 1402 1718 Triplicem
1413 1680 1484 1708 enim
1495 1678 1642 1706 habendam
1652 1675 1703 1706 effe
1714 1679 1740 1706 in
1750 1678 1894 1719 triglyphis

338 1716 520 1744 distribuendis
531 1718 712 1756 epistyliorum
721 1720 855 1747 rationem
863 1720 950 1748 censet
962 1740 968 1749 .
986 1721 1153 1761 angularium
1166 1743 1172 1753 ‚
1191 1720 1340 1748 mediani&
1352 1730 1445 1748 eorum
1456 1729 1513 1758 quae
1524 1721 1592 1747 inter
1603 1718 1654 1747 hoc
1667 1723 1692 1747 δέ
1703 1719 1746 1747 illa
1754 1718 1820 1746 sunt.
1843 1720 1893 1747 Ista

340 1757 376 1783 ait
387 1757 413 1783 in
424 1756 521 1794 systylo
532 1762 556 1784 3<
568 1759 793 1799 monotriglypho
808 1770 906 1799 genere
918 1761 1012 1790 habere
1023 1771 1146 1800 metopas
1156 1762 1218 1789 duas
1229 1765 1252 1790 &
1263 1760 1432 1801 triglyphurn
1449 1770 1531 1788 unum
1542 1781 1548 1790 ,
1565 1759 1702 1798 angularia
1713 1767 1802 1786 autem
1812 1758 1894 1787 semi-

341 1794 534 1836 tfilePhifese
543 1797 663 1834 sP³¹iuffla
676 1809 761 1838 neque
771 1802 883 1839 amphus
894 1802 1209 1841 quicquani.h¹1edianum
1218 1812 1281 1831 vero
1291 1801 1444 1841 triglyphos
1454 1801 1520 1829 duos
1531 1805 1556 1829 δε
1565 1809 1686 1838 metopas
1696 1807 1758 1831 tre-55
1770 1799 1807 1827 ita
1817 1800 1890 1829 enim

341 1846 390 1864 nos
406 1837 584 1865 emendamus.
1205 1862 1207 1864 .

298 1879 323 1912 t]
350 1876 435 1905 Idem.
459 1877 513 1904 Hic
525 1878 605 1906 etiam
616 1877 689 1906 locus
703 1879 727 1906 in
743 1880 947 1909 omnibuslibris
958 1884 1029 1921 turpi
1047 1884 1150 1912 macula
1159 1884 1194 1911 est
1215 1880 1333 1910 faedatus.
1357 1881 1425 1908 Fieri
1435 1881 1506 1908 enim
1527 1890 1579 1908 nnn
1590 1879 1689 1918 potest,
1709 1888 1738 1907 ut
1750 1880 1891 1910 collocatis

339 1917 414 1956 supra
424 1918 561 1946 columnas
572 1918 724 1957 triglyphis,
744 1920 770 1947 in
782 1921 904 1949 mediano
915 1923 1123 1951 intercolumnio
1133 1922 1262 1962 triglyphi
1273 1931 1325 1949 tres
1336 1921 1537 1952 constituantur,
1550 1924 1573 1948 S<
1586 1930 1639 1947 non
1651 1920 1737 1958 plures
1747 1931 1826 1959 quam
1836 1931 1890 1950 tres

338 1967 463 1996 metopae.
476 1961 569 1996 Qare
580 1959 595 1986 li
605 1968 663 1986 eam
673 1958 845 1998 scriptionem
856 1963 1008 2000 recipimus,
1020 1964 1150 2002 exigenda
1159 1963 1223 1990 loco
1231 1962 1314 1990 diffie
1324 1963 1411 1991 trium,
1421 1964 1443 1988 ἃ
1455 1971 1503 1999 pro
1514 1972 1543 1988 ea
1552 1960 1719 1988 scribendum
1728 1970 1847 1999 quatuor,
1857 1972 1887 1991 ut

335 1998 366 2025 fit
376 2000 456 2026 trium
468 1998 667 2038 triglyphorum
677 2003 818 2038 &quaruor
827 2005 1105 2040 metoparum.Statim
1115 2004 1185 2032 enirn
1196 2003 1253 2041 post
1262 2001 1410 2030 collocatos
1421 2000 1494 2039 supra
1503 2001 1689 2029 columnarum
1701 2010 1827 2030 tetrantes
1838 2005 1889 2031 tri-

337 2037 464 2078 glyphos,
475 2039 590 2076 sequitur
598 2049 714 2078 metopa,
728 2040 822 2069 deinde
834 2043 995 2082 uigiyphus,
1005 2044 1092 2082 postea
1103 2053 1221 2082 metopa,
1232 2043 1291 2071 inde
1302 2041 1464 2082 triglyplius‚
1475 2043 1563 2080 postea
1574 2050 1683 2080 metopa
1694 2044 1781 2075 tertia,
1791 2043 1888 2072 deinde

334 2081 427 2106 tertius
439 2079 591 2118 triglyphus
602 2101 609 2112 ,
629 2090 708 2118 quem
719 2080 834 2120 sequitur
844 2093 936 2121 quarta
949 2093 1074 2122 metopa;
1087 2085 1196 2113 demum
1205 2083 1278 2122 supra
1289 2081 1613 2121 columnamtriglyphus.
1640 2082 1720 2110 Vides
1731 2083 1758 2110 in
1768 2084 1889 2112 interco-

334 2119 437 2148 lumnio
448 2118 499 2148 effe
509 2128 629 2159 metopas
640 2130 755 2159 quatuor
765 2143 771 2155 ,
790 2133 852 2151 cum
861 2125 909 2151 lint
921 2125 1054 2164 triglyphi
1064 2134 1126 2154 treS.
1148 2124 1196 2153 Sed
1205 2124 1276 2163 quod
1287 2122 1461 2152 censuerimus
1479 2123 1579 2160 diastyli
1590 2127 1614 2151 ἃ
1626 2122 1713 2162 systyli
1723 2124 1824 2152 diversa
1835 2122 1887 2153 effe

1201 2179 1204 2187 ·
1314 2164 1434 2191 mediana
1463 2163 1668 2191 intercolumnia
1680 2185 1686 2196 ‚
1700 2163 1886 2202 ⁸scribendum

517 2196 622 2248 Opus
641 2198 854 2246 tetrastYIOn
876 2199 1067 2250 diastylon.
1314 2201 1367 2232 effe
1386 2204 1564 2232 existimamus
1577 2225 1583 2235 ‚
1601 2205 1718 2232 duorum
1730 2205 1886 2244 triglypho-

1315 2254 1374 2273 rum
1394 2248 1418 2272 &
1436 2245 1519 2272 trium
1536 2253 1706 2283 metoparum
1718 2265 1724 2272 .
1752 2244 1885 2274 Deforme

1315 2286 1388 2313 enim
1396 2285 1462 2312 mihi
1473 2285 1577 2313 videtur
1586 2306 1593 2317 ,
1606 2285 1755 2313 medianum
1765 2286 1885 2314 interco-

1314 2325 1446 2353 lumnium
1467 2323 1519 2354 effe
1535 2325 1716 2365 proportionis
1725 2324 1886 2364 sesquiquar-

1313 2374 1348 2393 ta:
1366 2366 1532 2405 adreliqua.
1556 2366 1606 2393 Sed
1618 2366 1651 2393 de
1667 2366 1884 2395 intercolumniis

1310 2407 1420 2434 Doricis
1430 2410 1454 2434 ὃ(
1465 2405 1686 2445 intertriglyphiis
1697 2406 1722 2433 in
1734 2407 1884 2435 univcisum

1310 2447 1346 2473 ita
1357 2446 1462 2474 habeto.
1481 2447 1592 2484 Diastyli
1601 2447 1809 2475 intercolumnia
1818 2458 1886 2486 prx-

1310 2495 1350 2514 ter
1361 2487 1622 2518 medianumstmbent
1633 2496 1685 2514 tres
1695 2487 1882 2516 columnarum

1309 2523 1489 2555 crassitudines
1502 2549 1508 2558 ‚
1525 2528 1742 2567 intertriglyphia
1753 2529 1810 2567 plus
1829 2528 1881 2556 hoc

1307 2566 1405 2595 habeut
1425 2565 1556 2595 semissem
1576 2568 1717 2596 columnae.
1741 2570 1804 2597 Hoc
1817 2569 1881 2597 loco

1306 2608 1555 2648 intertriglyphium
1580 2609 1684 2647 accipio
1706 2619 1754 2647 pro
1775 2608 1878 2647 spatio,

1307 2649 1378 2686 quod
1397 2650 1432 2677 est
1444 2650 1459 2677 ,ὲ
1477 2649 1617 2689 triglypho
1626 2651 1671 2687 qui
1686 2649 1759 2688 super
1775 2650 1878 2678 medios

1304 2689 1438 2717 columuae
1457 2699 1585 2717 tetrantes
1607 2690 1755 2718 collocatus
1773 2690 1826 2721 est,
1846 2690 1880 2719 ad

1303 2731 1456 2767 proximum
1476 2732 1530 2769 pari
1552 2732 1578 2758 in
1600 2731 1662 2758 loco
1682 2730 1876 2758 constitutum:

1301 2770 1419 2809 alioquin
1427 2774 1504 2798 ‘eram
1517 2780 1630 2809 metopae
1642 2771 1752 2798 nomine
1761 2771 1880 2810 appella-

1303 2810 1573 2839 laturuslxledisuum
1581 2811 1819 2839 intercolumnium
1829 2823 1878 2851 pa-

1301 2860 1465 2890 tetquatuor
1473 2852 1657 2879 columnarum
1666 2848 1875 2886 crassitudinem,

1302 2892 1551 2932 intertriglyphium
1570 2891 1672 2929 superat
1691 2891 1743 2920 hoc
1760 2892 1874 2931 spatium

1299 2930 1400 2961 semisse
1419 2928 1563 2961 columnae.
1584 2932 1679 2970 Systyli
1695 2933 1876 2961 intercolum-

1301 2974 1351 3005 nia,
1362 2983 1478 3011 excepto
1493 2972 1625 3002 mediano.
1636 2972 1733 3001 habent
1744 2974 1875 3002 interval-

281 3001 337 3031 lum
347 3003 479 3033 ‘Olumflae
497 3004 574 3033 unius
583 3008 606 3033 δ”
616 3006 730 3036 dimidiae
743 3029 749 3042 2
770 3010 987 3052 intertriglyphia
997 3020 1088 3051 patent
1107 3021 1236 3052 quantum
1254 3011 1312 3042 sunt
1323 3011 1411 3043 craffae
1420 3014 1477 3042 dua:
1488 3012 1629 3042 columuae.
1651 3014 1780 3042 Mediano
1792 3014 1874 3041 inter-

1732 3054 1872 3083 columm'o
