2023 3162
287 93 334 121 ιο
667 74 724 115 M.
771 72 1099 114 V1Triuv11
1147 70 1503 110 POLLIOle

279 158 367 185 nem
379 141 533 181 habent:
555 153 636 192 qnae
646 151 773 180 antem
783 152 827 177 ex
839 140 951 177 altera
962 148 1065 187 parte
1078 167 1089 183 ‚
1111 138 1281 189 proxime
1304 139 1505 176 Cor-tinam
1517 154 1529 177 ς
1547 148 1627 176 non
1644 138 1782 178 habent
1802 148 1867 191 ape>a

278 211 431 253 parente
438 213 473 237 m
484 200 654 250 splenem.
689 196 806 234 Unde
817 197 929 233 etiam
941 193 1079 230 Medici
1090 204 1296 242 quaerentes
1308 194 1353 230 de
1364 205 1405 229 ea
1418 207 1467 232 re,
1481 196 1702 233 invenerunt
1713 196 1750 231 in
1761 197 1801 233 iis
1812 198 1867 233 lo-

281 260 334 295 cis
345 257 498 293 herbam
508 284 518 300 ‚
540 266 653 304 quam
664 262 801 302 pecora
813 249 996 295 rodendo³
1005 249 1274 286 imminuerant
1284 250 1398 287 lienes
1411 277 1419 285 .
1442 251 1492 286 ita
1502 261 1586 286 eam
1596 249 1749 288 herbam
1761 253 1866 289 colli-

280 313 417 363 gendo,
431 321 562 348 curant
571 307 730 347 lienosos
740 306 814 342 hoc
829 304 1119 344 medicamento,
1141 305 1247 352 quod
1266 305 1377 341 etiam
1398 304 1590 342 Cretenses
1612 307 1670 351 [e]
1691 303 1867 343 οἴαπλᾶαον

282 369 467 408 vocitant.
498 367 550 403 Ex
562 377 608 401 eo
620 365 707 400 licet
717 362 802 398 scire
814 388 824 404 ‚
846 360 934 397 cibo
947 370 1058 409 atque
1081 371 1183 408 aquae
1203 361 1446 410 proprietates
1459 361 1636 397 locorum
1656 364 1868 401 naturaliter

282 423 491 474 pestilentes
503 431 567 458 aut
578 418 733 456 salubres
744 416 823 453 esse.
853 415 1033 454 Itemsiin
1044 413 1239 466 paludibus
1259 418 1402 453 moenia
1424 415 1622 453 constituta
1642 427 1770 462 erunt,
1788 431 1870 468 quae

281 477 644 529 paludes-secundum
656 484 756 510 mare
765 472 900 509 fuerint
913 497 921 510 ‚
946 470 1232 523 spestabuntque
1251 472 1295 508 ad
1306 470 1617 521 septentrionem,
1639 480 1700 509 aut
1718 473 1871 512 interse-

284 535 537 584 ptentrionem
557 533 594 568 ὃς
617 530 801 567 orientem
814 554 823 571 ‚
845 539 973 577 eaeque
990 526 1142 577 paludes
1161 526 1381 564 excelsiores
1397 526 1537 565 fuerint
1547 539 1663 577 quam
1675 529 1777 564 littus
1788 539 1869 566 ma-

284 591 408 626 rinum
421 617 429 631 ,
450 588 594 623 ratione
605 585 824 622 videbuntur
835 583 902 621 effe
914 583 1122 620 constituta.
1153 581 1270 620 Foffis
1282 584 1384 620 enim
1394 582 1520 623 dusiis,
1533 583 1574 620 fit
1583 596 1686 633 aquae
1697 584 1815 621 exitus
1825 584 1871 622 ad

282 645 396 688 littus,
405 646 441 680 ὃς
452 654 496 679 ex
506 643 596 679 mari
609 639 882 692 tempestatibus
894 639 1004 677 au&o
1014 640 1050 675 in
1062 639 1214 690 paludes
1227 638 1469 676 redundantia
1489 640 1726 676 motionibus
1740 642 1872 677 conci-

283 710 381 737 tatur
394 725 401 738 ‚
417 697 617 746 amarisque
628 695 873 734 mixtionibus
885 706 964 732 non
974 696 1111 746 patitur
1122 693 1315 731 bestiarum
1328 695 1540 744 palustrium
1551 707 1685 745 genera
1696 693 1747 731 ibi
1758 695 1872 741 nasci,

286 766 450 804 quaeque
476 752 520 789 de
539 751 779 803 superioribus
801 751 892 787 locis
911 751 1076 788 natando
1096 751 1267 800 proxime
1283 751 1383 787 littus
1401 752 1615 801 perveniunt
1626 777 1634 790 ‚
1658 750 1873 790 inconsueta

281 809 487 847 salsitudine
498 819 689 846 necantur.
720 807 917 856 Exemplar
936 816 1060 843 autem
1084 805 1190 851 hujus
1202 806 1255 841 rei
1266 829 1274 843 ,
1298 805 1449 843 Gallicae
1460 805 1609 856 paludes
1629 805 1778 856 possunt
1788 806 1873 852 esse,

285 878 369 915 quae
390 867 531 902 circum
549 864 719 901 Altinum
734 889 741 903 ‚
766 864 986 899 Ravennam
999 887 1007 901 ‚
1036 860 1278 910 Aquilegiam
1291 891 1301 905 ‚
1322 862 1466 911 aliaque
1486 873 1565 911 quae
1583 864 1621 899 in
1643 862 1871 905 ejuscemodi

283 923 380 958 locis
392 922 595 971 municipia
605 920 625 955 s
620 929 683 956 unt
694 931 761 968 pro
768 920 861 954 xima
875 917 1084 967 paludibus:
1098 917 1202 966 quod
1212 915 1306 954 hisce
1317 918 1520 954 rationibus
1530 917 1667 956 habent
1678 917 1874 955 incredibi-

286 977 364 1015 lem
373 976 630 1014 salubritatem.
665 974 809 1026 Qbus
822 984 945 1010 autem
965 971 1161 1010 insidentes
1177 972 1259 1009 sunt
1276 972 1428 1024 paludes
1449 975 1485 1010 ὅ(
1500 984 1576 1010 non
1596 972 1735 1010 habent
1753 975 1874 1010 exitus

145 1032 191 1079 Al·
202 1035 274 1061 Pom·
287 1033 513 1085 profluentes
527 1061 537 1076 ‚
558 1044 682 1080 neque
691 1042 755 1080 per
767 1029 940 1068 flumina,
964 1040 1084 1078 neque
1098 1027 1278 1080 perfossas
1289 1057 1299 1073 ‚
1318 1029 1371 1066 uti
1383 1029 1551 1066 Pontinae
1567 1056 1575 1069 ,
1596 1028 1723 1066 stando
1742 1028 1876 1079 putres-

146 1081 226 1112 puna.
289 1100 377 1126 cunt
391 1115 399 1128 ‚
421 1087 646 1125 &humores
659 1097 784 1136 graves
797 1087 831 1122 ὃ(
844 1084 1049 1134 pestilentes
1061 1086 1097 1121 in
1109 1083 1163 1120 his
1173 1084 1268 1121 locis
1279 1086 1472 1122 emittunt.
1500 1085 1595 1121 Item
1605 1086 1643 1121 in
1658 1085 1794 1135 Apulia
1805 1096 1875 1136 op-

286 1145 418 1196 pidum
430 1143 570 1194 Salapia
580 1152 696 1181 vetus,
714 1141 818 1190 quod
832 1140 1043 1178 Diomedes
1054 1141 1099 1177 ab
1120 1141 1237 1176 Troia
1249 1140 1390 1177 rediens
1414 1139 1601 1178 constituit
1610 1169 1620 1185 ‚
1643 1139 1713 1177 sive
1727 1142 1876 1189 (quem-

285 1199 491 1237 admodum
503 1198 672 1236 nonnulli
683 1196 909 1246 scripserunt)
922 1195 1068 1246 Elphias
1089 1195 1267 1233 Rhodius
1279 1224 1289 1240 ,
1308 1197 1344 1232 in
1358 1196 1539 1241 ejusmodi
1558 1197 1653 1233 locis
1666 1195 1782 1233 fuerat
1793 1196 1876 1233 col-

286 1256 457 1292 locatum
471 1283 480 1298 ,
492 1266 536 1290 ex
548 1266 627 1302 quo
642 1254 775 1290 incolae
787 1254 985 1301 quotannis
996 1251 1215 1301 aegrotando
1233 1250 1447 1289 laborantes
1460 1280 1469 1294 ,
1489 1251 1690 1301 aliquando
1702 1262 1876 1302 pervene-

288 1321 375 1348 runt
385 1312 430 1347 ad
452 1310 505 1346 M.
520 1309 722 1346 Hostilium
734 1337 744 1353 ‚
763 1306 810 1344 ab
820 1319 943 1356 eoque
965 1308 1112 1357 publice
1132 1316 1299 1358 petentes
1321 1309 1610 1358 impetraverunt
1622 1337 1632 1352 ‚
1649 1308 1701 1344 uti
1721 1308 1776 1344 his
1794 1306 1876 1344 ido-

290 1378 408 1403 neum
418 1366 547 1402 locum
557 1365 602 1401 ad
614 1365 758 1402 moenia
769 1362 1018 1401 transferenda
1029 1365 1268 1412 conquireret
1278 1365 1514 1413 eligeretque.
1541 1364 1656 1400 Tunc
1666 1364 1694 1399 is
1706 1372 1875 1400 moratus

289 1433 373 1458 non
383 1421 444 1461 est,
457 1421 516 1458 sed
529 1421 647 1458 statim
657 1420 861 1457 rationibus
881 1419 932 1456 do
939 1418 1089 1457 &iffime
1100 1418 1257 1468 quaefitis
1269 1449 1279 1464 ‚
1298 1419 1319 1456 s
1313 1420 1502 1458 ecundum
1514 1430 1616 1457 mare
1628 1427 1812 1456 mercatus
1824 1417 1876 1455 est

289 1475 552 1527 possessionem
564 1477 655 1513 loco
666 1475 858 1513 salubri:ab
869 1476 1003 1513 Senatu
1014 1476 1238 1526 populoque
1249 1477 1436 1514 Romano
1448 1477 1568 1527 petiit,
1581 1485 1620 1512 ut
1628 1476 1756 1512 liceret
1765 1472 1876 1510 transl

288 1532 382 1569 ferre
392 1532 574 1583 oppidum
585 1562 595 1575 ,
616 1531 877 1581 constituitque
890 1533 1047 1574 moenia‚
1069 1533 1106 1568 ὃ(
1119 1543 1217 1568 areas
1230 1531 1350 1569 divisit
1363 1561 1372 1576 ‚
1385 1542 1620 1580 nummoque
1637 1529 1796 1567 sestertio
1807 1527 1877 1566 sin-

290 1588 383 1636 gulis
396 1589 645 1638 municipibus
658 1589 849 1638 mancipio
861 1587 972 1625 dedit.
1003 1587 1070 1623 His
1088 1587 1267 1624 confeffis
1277 1589 1400 1624 lacum
1419 1588 1558 1637 aperuit
1568 1588 1605 1623 in
1625 1598 1727 1623 mare
1739 1586 1774 1621 ὅ(
1787 1596 1877 1634 por-

153 1651 199 1681 Al.
210 1648 268 1678 mil·
291 1653 371 1680 tum
386 1640 405 1679 ὲ
418 1644 502 1680 lacu
514 1644 724 1692 municipio
734 1643 898 1692 perfecit.
929 1645 1056 1692 Itaque
1068 1655 1167 1680 nunc
1187 1640 1263 1692 [f]
1284 1643 1442 1693 Salapini
1453 1653 1612 1692 quatuor
1623 1641 1788 1679 millibus
1798 1640 1877 1691 pas-

150 1689 263 1768 }Zfas·
294 1697 387 1735 sibus
398 1697 573 1748 progressi
584 1699 630 1735 ab
641 1697 786 1749 oppido
796 1700 910 1736 veteri
923 1728 934 1745 ‚
946 1698 1111 1736 habitant
1121 1700 1159 1735 in
1167 1697 1295 1737 salubri
1304 1699 1408 1736 loco.

951 1803 986 1840 C
1016 1816 1039 1841 A
1073 1816 1103 1841 P.
1162 1803 1216 1852 V„

558 1890 643 1942 De
657 1888 1003 1962 fundament&
1018 1907 1273 1941 murorum
1298 1886 1362 1945 Εἴ
1376 1895 1610 1941 turrium.

379 2004 463 2044 Um
475 2018 566 2056 ergo
577 2006 630 2044 his
640 2006 847 2045 rationibus
858 2009 925 2045 erit
935 2005 1149 2044 salubritatis
1161 2008 1224 2052 [a]
1235 2007 1272 2042 in
1283 2007 1477 2044 moenium
1487 2005 1803 2044 collocandorum
1816 2004 1876 2044 exe*

379 2062 876 2112 plicatio‚regionesq·‚ele6te
888 2062 1024 2100 fuerint
1034 2061 1212 2100 fruCtibus
1221 2062 1266 2099 ad
1276 2062 1445 2099 alendam
1457 2063 1644 2100 civitatem
1657 2063 1814 2112 copiosae
1822 2065 1874 2102 ,ὃς

295 2118 439 2155 viarum
451 2119 762 2163 munitiones,aut
772 2120 1069 2169 opportunitates
1079 2117 1290 2156 fluminum,
1305 2117 1363 2154 seu
1375 2131 1439 2168 pet
1450 2128 1579 2170 portus
1591 2118 1736 2155 marinae
1749 2117 1875 2156 subve-

296 2172 440 2209 &iones
453 2172 647 2211 habuerint
658 2174 701 2211 ad
712 2176 855 2212 moenia
865 2175 1148 2224 coportationcs
1160 2172 1452 2223 expeditas,tunc
1462 2176 1620 2211 turrium
1630 2185 1668 2210 m
1675 2185 1874 2222 urorumq3

295 2226 537 2265 fundamenta
550 2228 597 2265 sic
607 2229 688 2267 sunt
705 2229 887 2274 facienda,
898 2231 950 2266 uti
960 2229 1150 2267 fodiantur
1173 2228 1213 2275 (si
1225 2240 1363 2277 queant
1375 2227 1434 2276 [b]
1454 2230 1625 2276 inveniri)
1640 2229 1686 2267 ad
1698 2226 1871 2268 solidum.

295 2283 332 2320 &
345 2284 382 2320 in
394 2282 524 2323 solido,
543 2283 740 2334 (quantum
753 2297 796 2322 ex
808 2285 1051 2337 amplitudine
1061 2286 1184 2336 operis
1194 2296 1265 2337 pro
1277 2286 1421 2322 ratione
1438 2285 1624 2332 videatur)
1639 2282 1876 2322 crassitudine

1713 2341 1874 2390 amplio-

294 2423 328 2456 e]
350 2421 416 2450 Vide
429 2423 547 2450 Lexicon
558 2423 584 2450 in
595 2432 662 2451 voce
683 2425 705 2450 A
716 2434 726 2450 s
744 2432 758 2450 Ρ
772 2433 785 2451 1.
799 2433 812 2450 ε
823 2434 841 2451 Ν
856 2435 874 2451 o
887 2433 917 2452 N.
939 2425 1068 2455 Barbatus
1083 2427 1114 2454 ad
1124 2425 1193 2454 hunc
1203 2426 1303 2454 locum.
1327 2426 1480 2464 Asplenium
1493 2424 1572 2452 herba
1583 2424 1618 2451 est
1630 2423 1714 2451 vermi
1734 2421 1877 2461 scolopen&

332 2462 384 2490 dra:
395 2473 473 2501 quam
485 2463 627 2491 simillium.
648 2462 761 2492 lienosos
773 2474 802 2491 ea
813 2465 897 2492 curari
906 2465 971 2493 dicit
989 2467 1095 2495 Vitruv.
1105 2468 1200 2495 minuit
1211 2469 1282 2495 enim
1291 2466 1366 2494 lienis
1374 2475 1520 2493 tumorem.
1537 2466 1593 2491 imo
1604 2468 1628 2491 S<
1641 2463 1785 2490 naturalem
1797 2463 1874 2490 lienis

333 2503 549 2542 magnitudinem
559 2504 591 2531 ad
602 2514 659 2532 eam
671 2505 828 2543 parvitatem
839 2504 956 2538 deducit,
968 2515 996 2533 ut
1009 2517 1081 2539 oves,
1095 2518 1154 2545 qux
1165 2518 1205 2535 eas
1214 2508 1239 2535 in
1250 2506 1349 2546 pabulis
1359 2505 1510 2544 frequenter
1521 2504 1634 2537 sumunt,
1651 2504 1720 2531 liene
1730 2513 1818 2531 carere
1831 2503 1874 2530 vi-

333 2543 459 2576 deantur,
475 2552 549 2571 tanta
560 2545 597 2571 vis
607 2545 679 2572 estin
689 2544 794 2583 pabulo.
818 2545 888 2583 Qis
900 2555 962 2573 vero
973 2546 1076 2574 dubitat
1087 2548 1150 2585 quin
1161 2558 1193 2575 ex
1202 2549 1275 2587 aquis
1285 2547 1365 2576 etiam
1384 2554 1541 2587 argumenta
1560 2555 1621 2573 vera
1637 2543 1790 2572 sumantur?
1806 2543 1873 2570 Hoc

335 2594 442 2621 quoque
450 2593 571 2623 tempore
581 2585 769 2613 Vitruvianum
780 2585 931 2625 exemplum
939 2585 1130 2616 confirmatur:
1156 2589 1250 2616 Petrus
1260 2589 1331 2616 enim
1340 2587 1444 2615 Laudus
1454 2589 1542 2615 Cretae
1554 2586 1678 2619 Antistes,
1693 2586 1731 2614 vir
1742 2583 1871 2622 optimus,

336 2623 360 2651 se
372 2624 422 2652 lroc
432 2622 576 2653 observasse
584 2628 608 2653 δι
619 2624 745 2653 invenisse
752 2626 831 2654 dixit.

292 2662 329 2701 f]
353 2665 451 2692 Cicero
462 2674 555 2694 contra
566 2666 688 2694 Rullum:
717 2665 775 2704 Nifi
783 2666 852 2703 fhrte
860 2666 987 2695 mavultis
997 2667 1037 2695 his
1047 2667 1122 2696 rebus
1132 2688 1139 2701 ,
1159 2676 1240 2708 atque
1253 2668 1301 2697 bac
1309 2667 1363 2697 luce
1377 2672 1408 2697 P.
1420 2672 1449 2697 V.
1468 2669 1495 2695 in
1506 2668 1633 2705 Sipontina
1641 2663 1760 2704 fluitare
1769 2684 1777 2695 ,
1787 2664 1872 2692 autin

340 2705 502 2741 Salpinarum
508 2706 648 2743 peflrlentiae
656 2707 748 2741 finibm
758 2707 830 2734 Rullo
838 2707 901 2734 duce
910 2708 1028 2736 collocari.

300 2745 331 2778 a]
351 2744 498 2773 Philander.
520 2746 702 2777 Scribendurn.
715 2751 739 2775 δ(
751 2749 894 2778 moenium,
907 2757 1009 2777 mutata
1025 2750 1210 2789 praepofitione
1225 2751 1252 2778 in
1270 2750 1503 2786 conjunffionem,
1515 2756 1559 2776 aut
1569 2757 1660 2776 vacare
1669 2745 1872 2775 existimandum

339 2785 375 2812 est
386 2794 522 2825 utramque
533 2808 539 2818 ‚
556 2788 628 2826 quod
639 2792 663 2816 &
672 2788 752 2826 aliqui
764 2789 880 2816 Codices
889 2788 1045 2828 agnoscunt.
1069 2792 1123 2819 Nili
1135 2788 1241 2819 fortasse
1249 2800 1323 2829 putes
1333 2791 1477 2830 legendum
1487 2810 1493 2821 ,
1503 2789 1528 2816 in
1540 2790 1670 2816 moenium
1681 2786 1872 2814 collocationi-

341 2824 389 2852 bus
401 2846 407 2856 .
426 2828 496 2864 quod
505 2827 574 2855 dicat
592 2829 640 2856 lib.
652 2839 676 2857 v.
686 2839 741 2867 cap.
752 2838 775 2862 3.
798 2831 841 2856 Vti
848 2832 875 2856 in
889 2829 949 2856 libro
957 2833 1035 2867 primo
1051 2831 1081 2859 de
1090 2831 1290 2859 salubritatihua
1304 2834 1331 2858 in
1348 2834 1470 2858 moenium
1481 2827 1676 2857 collocationlbm
1685 2829 1721 2854 ef}
1735 2825 1870 2864 scriptum.

341 2866 417 2902 Qin
428 2867 506 2903 paulo
521 2877 582 2895 ante
599 2879 654 2907 cap.
669 2879 695 2900 4·
713 2870 768 2897 ait:
791 2873 859 2896 Cum
869 2870 1001 2908 quarenda
1010 2870 1095 2907 fuerit
1105 2875 1132 2899 in
1142 2875 1263 2900 moenium
1274 2871 1474 2900 collocationibus
1482 2868 1638 2906 fivlubritas.
1663 2867 1758 2896 inveni
1777 2875 1870 2896 tamen

342 2906 418 2932 MSS.
431 2907 571 2937 Codicerm
581 2910 608 2935 in
620 2919 673 2947 quo
681 2909 785 2948 legatur
795 2929 802 2941 ,
818 2912 846 2936 in
854 2909 976 2937 moenibus
987 2912 1147 2939 conlocandis.

302 2944 496 2981 b]‚1’hilander
508 2948 740 2987 :Scribendumsi
752 2956 841 2987 queat.
864 2950 949 2987 Qod
959 2952 1039 2979 etiam
1051 2951 1144 2980 vitiose
1156 2950 1367 2992 legiturlib.111.
1378 2959 1403 2979 c.
1415 2960 1439 2985 3·

1772 2992 1799 3026 ς]
1809 2989 1872 3019 Phi-
