2023 3162
329 96 799 136 VocAssvLonvn
855 93 1427 135 VITRUVIANORUM.
1635 107 1679 144 75

99 176 224 205 autem
236 162 307 209 νήτη
317 165 417 214 quasi
428 161 523 207 νεοίτη
537 162 595 210 ‚lid
608 165 656 203 est
669 194 678 209 ‚
695 164 836 204 infima,
850 165 1047 216 postrema.
1079 165 1169 203 Hoc
1180 163 1592 215 nomincappellitmin
1603 166 1684 203 iim‘

98 224 187 275 'plici
196 221 438 259 tetrachordo
450 222 578 258 ultima
591 250 601 266 ‚
625 233 705 270 quae
718 220 857 270 hypata·
873 251 882 264 ‚
901 223 938 259 id
949 222 998 259 cst
1010 251 1019 266 ‚
1039 220 1215 273 suprema:
1230 234 1274 258 ex
1289 220 1466 271 oppolito
1479 220 1682 271 respondet,

98 279 207 315 Hanc
227 278 336 315 aestati
355 278 400 314 ab
410 278 585 326 Antiquis
608 276 822 314 attributam
832 277 986 314 affirmat
997 279 1273 321 Caelius‚veluti
1286 277 1439 326 hypatea
1458 276 1594 323 hyemi.
1625 278 1684 313 Est

98 344 227 371 autem
239 333 334 384 apud
349 334 562 371 Vitruvium
574 331 713 370 sonitus
725 343 856 369 eorum
869 335 934 381 qui
955 333 1084 371 stantes
1096 334 1177 370 sunt
1196 334 1296 370 ofito.
1331 334 1407 386 Qi
1424 332 1577 380 quidem
1588 342 1685 380 quo-

98 392 199 426 niam
222 402 300 426 non
313 391 420 427 unius
440 387 666 425 tetrachordi
684 397 830 424 tantum
844 417 854 431 ‚
875 389 933 425 sed
946 390 1157 426 multorum
1176 387 1609 439 respectuconlidetatur,
1629 389 1682 424 di—

99 444 196 483 veria
207 445 388 483 vocabula
407 456 471 494 per
483 442 803 494 compositionem
825 442 982 482 sortitur.
1014 449 1109 501 Qae
1122 446 1222 482 enim
1233 447 1326 481 inter
1339 444 1469 481 stantes
1481 441 1552 486 νήτη
1567 458 1683 491 σωημ-

98 499 203 550 μὶζύων
223 501 357 538 dicitur
377 529 386 545 ‚
413 512 454 536 ea
473 499 522 536 est
546 511 661 547 quam
681 498 860 536 nostrates
882 500 1018 537 Musici
1037 503 1074 536 in
1096 500 1285 548 systemate
1304 500 1487 550 appellant
1515 506 1546 536 D
1567 497 1682 550 laso'l.

99 557 274 594 Gra-cum
295 566 418 594 autem
439 555 854 605 interpretatur,ultima
867 557 1150 602 conjunctarum
1164 585 1173 599 ‚
1195 568 1242 592 eo
1261 556 1365 604 quod
1384 556 1515 592 ultima
1526 556 1684 604 quidem

99 612 141 650 sit
154 613 389 649 chordarum,
404 609 479 647 hoc
491 611 551 648 est,
568 612 665 647 tertii
676 609 924 649 tetrachordi,
941 624 1019 660 quo
1031 612 1108 648 duo
1119 610 1284 660 suprema
1298 611 1334 647 ὅ(
1347 610 1423 647 duo
1436 610 1563 648 infima
1574 620 1682 647 tetra-

101 668 241 705 chorda
252 667 473 717 copulantur
486 695 492 701 .
516 666 536 701 a
548 678 619 714 qua
641 667 909 714 coniugatione
927 667 1061 704 dicitur
1072 669 1180 703 etiam
1192 664 1262 709 νήτη
1275 662 1545 718 πωεζώΓμᾶρων,
1571 666 1608 702 id
1621 666 1684 709 est,

99 724 539 772 ultimaeoniugatatum.
577 721 752 757 Paranete
771 732 861 757 veto
876 721 1145 769 synemmenon
1167 724 1295 759 eadem
1316 724 1461 759 ratione
1480 723 1685 773 penultima

101 781 236 819 dicitur
248 778 544 823 conjunstarum
560 788 607 813 eo
618 776 722 825 quod
735 786 822 812 ante
834 777 1005 813 ultimam
1015 776 1058 813 fit
1069 777 1230 823 ejusdem
1241 777 1480 814 tetrachordi.
1493 777 1551 814 Est
1561 788 1684 814 autem

100 837 194 872 iuter
203 834 407 871 sonosillos
421 833 553 869 decem
567 834 629 881 qui
641 831 799 868 mobiles
811 842 1018 871 vocantur,
1034 834 1071 869 ὃς
1085 832 1105 868 a
1118 832 1248 868 nostris
1260 832 1396 868 dicitur
1417 830 1508 881 Csol
1523 830 1572 879 fa.
1610 833 1686 868 Ha-

101 891 208 928 betur
220 891 329 928 etiam
343 899 510 940 paranete
523 888 823 936 diezeugmenon
836 916 845 930 ‚
863 887 899 924 id
917 887 965 924 est
976 917 986 932 ‚
999 889 1201 939 penultima
1212 887 1490 931 dinumeratum,
1514 880 1552 924 δε
1565 888 1614 924 est
1626 899 1685 924 to-

101 959 170 984 nus
180 947 330 984 octavus
341 948 433 982 inter
446 944 624 982 mobiles,
641 946 677 980 ὃ(
689 943 895 992 penultima
907 945 1029 992 quarti
1039 942 1277 982 tetrachordi.
1309 942 1398 980 Ideo
1413 952 1536 978 autem
1549 943 1684 979 dicitur

101 1003 304 1052 penultima
315 1000 579 1045 disjunctarum
594 1027 603 1043 ,
626 999 733 1048 quod
744 996 816 1047 ipsti
833 999 1019 1035 mediante
1031 1001 1173 1037 acutius
1191 997 1477 1035 octochordum
1489 997 1508 1033 a
1526 1000 1686 1047 graviori

101 1059 336 1106 disjungatur.
370 1055 662 1092 Recentioribus
684 1064 812 1091 autem
832 1054 883 1091 est
901 1061 933 1091 D
952 1054 985 1090 la
994 1052 1054 1106 sol
1069 1067 1118 1091 re.
1138 1056 1235 1092 Nete
1246 1054 1559 1102 diezeugmenon,
1573 1053 1609 1090 id
1621 1053 1684 1096 est,

100 1114 229 1150 ultima
239 1112 500 1154 disiunchrum
513 1122 555 1147 ea
567 1110 628 1148 est,
644 1122 762 1158 quam
774 1109 888 1146 nostri
910 1116 936 1145 E
958 1108 990 1145 la
1012 1112 1063 1146 mi
1080 1111 1276 1162 appellant.
1301 1109 1683 1158 Netehyperboleon.

100 1168 218 1212 idest,
231 1166 639 1217 ultimasuptemarum,
655 1167 786 1202 ultima
804 1165 854 1202 est
866 1167 985 1203 ultimi
1004 1167 1250 1203 tetrachordi:
1272 1167 1310 1202 ὅ(
1331 1165 1426 1202 hanc
1454 1166 1580 1200 dicunt
1603 1170 1633 1200 A
1652 1164 1688 1200 la

99 1225 150 1259 mi
169 1236 219 1259 re.
250 1223 429 1260 Paranete
440 1222 703 1272 hyperboleon
715 1251 723 1265 ‚
735 1223 943 1271 penultima
953 1222 1242 1260 excellentium,
1260 1233 1323 1257 cur
1345 1224 1558 1257 itavocetur
1569 1230 1683 1269 patet,

100 1278 151 1316 est
165 1290 290 1316 autem
310 1279 440 1316 nostris
453 1277 608 1315 Musicis
627 1283 656 1314 G
664 1275 724 1327 fil
741 1289 777 1313 re
797 1285 848 1313 ut.
881 1277 971 1314 Haec
981 1288 1100 1328 pauca
1120 1279 1164 1316 de
1175 1278 1275 1315 Nete
1294 1277 1331 1313 ὅ(
1351 1278 1426 1323 ejus
1444 1275 1688 1327 compositio-

101 1335 208 1372 nibus
219 1335 355 1380 dicere,
370 1334 468 1371 haud
478 1333 524 1370 ab
535 1347 572 1371 re
584 1333 838 1376 iudicavimus,

158 1391 195 1426 N
205 1402 231 1427 o
244 1405 263 1427 n
277 1402 307 1427 M
319 1405 352 1427 A.
384 1389 467 1425 Lib.
479 1401 523 1427 Vl
538 1402 567 1425 1.
581 1402 661 1438 cap.
677 1404 709 1433 3·
743 1385 874 1442 Anguli
892 1385 939 1423 ad
949 1401 1104 1425 normam
1117 1417 1126 1434 ,
1152 1381 1224 1427 &a
1256 1387 1470 1426 Philander:
1494 1386 1687 1425 Normam

100 1445 193 1482 fabri
204 1447 389 1495 appellant
397 1443 598 1497 squadram.
665 1457 750 1482 uam
760 1446 808 1481 ita
827 1455 1091 1493 componunt3
1124 1445 1282 1495 Regulae
1294 1446 1403 1494 capiti
1423 1444 1533 1480 aliam
1548 1443 1690 1491 promi.

101 1512 256 1538 nentem
268 1510 546 1551 coagmentant‚
558 1511 597 1538 ut
608 1501 766 1538 referant
776 1501 855 1538 duae
868 1501 1043 1549 angulum
1055 1501 1208 1538 rectum.
1242 1502 1434 1539 Vitruvius
1443 1499 1504 1536 lib.
1515 1510 1528 1533 1
1538 1510 1571 1534 x.
1583 1509 1639 1534 c.1
1653 1510 1665 1534 1
1676 1526 1692 1542 .,

101 1569 225 1594 veram
246 1569 422 1594 normam
440 1558 490 1594 ita
507 1557 710 1595 deformat,
732 1567 772 1593 ut
783 1556 823 1594 sit
832 1557 1031 1606 triangulus
1042 1555 1426 1607 disparibuslateribus
1438 1583 1447 1597 ‚
1469 1564 1547 1591 uno
1560 1562 1687 1590 tamen

101 1614 205 1649 resto
216 1615 368 1662 angulo.
403 1614 621 1657 Summrur,
630 1614 750 1662 inquit
761 1642 771 1656 ,
784 1613 917 1662 regulae
928 1623 1009 1650 tres,
1026 1610 1045 1648 e
1058 1611 1191 1660 quibus
1202 1623 1276 1648 una
1286 1611 1327 1648 fit
1338 1610 1448 1660 pedes
1463 1620 1533 1645 tres
1545 1637 1556 1651 ‚
1577 1610 1687 1646 altera

101 1669 216 1718 pedes
238 1680 418 1717 quatuor,
437 1670 543 1706 tertia
563 1669 673 1719 pedes
693 1671 877 1718 quinque,
898 1668 1026 1716 haeque
1044 1669 1138 1705 inter
1157 1666 1190 1704 sc
1210 1665 1429 1716 compofitae
1450 1675 1603 1713 tangant
1618 1666 1689 1701 alia

99 1726 209 1761 aliam
219 1724 287 1761 suis
307 1724 563 1762 cacuminibus
574 1726 760 1767 extremis,
779 1724 927 1762 schema
939 1723 1115 1761 habentes
1132 1724 1293 1772 trigoni3
1316 1719 1583 1758 deformabunt
1600 1731 1689 1757 not-

100 1791 203 1817 mam
214 1780 452 1817 emendatam
497 1779 587 1816 Haec
598 1780 670 1817 illc.
692 1780 753 1816 Cl.
765 1778 956 1816 Salmasius
968 1780 1005 1815 in
1017 1779 1189 1815 Solinum
1202 1790 1284 1828 pag.
1299 1783 1391 1821 669.
1412 1776 1537 1812 Litera
1557 1775 1590 1810 L
1600 1787 1688 1812 nor-

100 1847 168 1871 mae
179 1834 340 1871 formam
351 1834 587 1884 repraesentat.
622 1837 740 1872 Vetus
752 1833 1014 1884 Agrimensor:
1037 1835 1069 1870 L
1079 1833 1119 1884 ſs
1132 1835 1170 1870 in
1187 1835 1336 1870 termino
1346 1834 1543 1875 inveneris,
1565 1843 1690 1867 normae

93 1888 276 1941 fizchram
293 1889 441 1942 dcssgnat
457 1883 636 1927 &lineam
650 1899 879 1942 gammatam.
911 1891 1057 1927 Norma
1079 1902 1122 1927 ex
1142 1890 1283 1938 angulis
1304 1888 1410 1924 restis
1429 1888 1687 1935 componitur.

101 1946 138 1982 N
142 1957 248 1982 orma
259 1944 307 1982 est
320 1957 393 1994 qua
406 1946 529 1994 anguli
542 1947 738 1994 exiguntur
750 1958 798 1983 an
808 1946 896 1982 resti
908 1944 991 1981 lint:
1004 1955 1042 1982 ut
1056 1944 1364 1995 perpendiculum
1376 1953 1454 1990 quo
1465 1941 1686 1988 altitudineS;

101 2001 194 2038 linea
203 2003 261 2038 vel
272 2002 396 2050 regula
406 2013 480 2050 qua
490 2001 743 2049 longitudines
757 2003 1004 2050 explorantur.
1037 2000 1177 2038 Graecis
1188 2009 1324 2036 norma
1334 1994 1489 2045 γνώμων.

156 2057 195 2091 N
205 2068 228 2092 v
241 2071 260 2093 c
272 2069 294 2093 L
307 2071 325 2093 E
335 2070 361 2095 v
370 2068 399 2094 s.
428 2056 512 2093 Lib.
523 2068 545 2093 v
554 2068 567 2092 1
581 2068 610 2093 1.
625 2068 704 2106 cap.
729 2069 761 2092 1.
794 2052 938 2108 Infhper
949 2067 994 2091 ex
1011 2053 1092 2104 tcsta
1103 2053 1242 2091 nucleus
1251 2052 1449 2091 inducatur.
1480 2049 1687 2088 Philander:

48 2128 51 2130 ·
103 2110 295 2146 Nucleum
304 2121 419 2148 vocat
432 2113 595 2148 maxime
606 2111 828 2149 resistentem
840 2110 1018 2151 crustam,
1032 2110 1102 2148 five
1116 2112 1263 2150 corium
1274 2140 1284 2157 ,
1303 2109 1341 2146 id
1350 2108 1399 2146 est
1410 2138 1420 2154 ‚
1438 2107 1604 2146 medium
1616 2104 1688 2143 five

104 2166 255 2203 interius
264 2167 533 2215 pavimentum.
564 2167 694 2204 Italum
704 2168 837 2216 vulgus
847 2167 997 2203 animam
1009 2167 1182 2216 appellat.

872 2275 933 2326 Ο.

105 2384 235 2468 OC
248 2399 272 2423 H
288 2399 308 2422 R
324 2398 356 2421 A.
387 2385 470 2423 Lib.
482 2397 525 2422 vl
540 2398 570 2422 1.
585 2396 662 2436 cap.
677 2399 713 2429 7.
743 2385 900 2421 Primum
912 2392 1026 2420 autem
1036 2392 1241 2435 exponamus
1253 2394 1323 2433 qztae
1328 2392 1392 2435 per
1400 2378 1622 2432 senqscentia
1630 2376 1691 2430 fh-

200 2440 348 2477 dieantur
358 2467 366 2480 ‚
381 2442 436 2476 uti
445 2440 537 2492 quod
545 2447 655 2478 Graece
666 2437 766 2491 ⁶32?oe
775 2438 913 2476 dicitur.
944 2439 1080 2477 Baldus
1092 2453 1099 2475 :
1112 2438 1170 2474 Est
1182 2438 1311 2476 fossilis
1323 2439 1444 2483 color,
1455 2438 1515 2474 cui
1526 2436 1545 2472 ἐι
1558 2437 1691 2472 colore

103 2497 181 2547 ipso
194 2509 338 2534 nomen
349 2495 519 2534 inditum.
535 2497 697 2534 Pallescit
709 2498 824 2540 enim,
839 2498 876 2533 δ(
888 2491 1018 2546 8042&
1030 2495 1157 2531 Graece
1167 2496 1286 2544 pallor
1298 2496 1439 2532 dicitur.
1456 2493 1566 2529 Lutei
1581 2491 1692 2527 colo-

104 2556 152 2590 ris
173 2553 222 2591 est
236 2582 245 2596 ,
266 2564 377 2601 quare
396 2551 416 2588 a
435 2551 566 2590 nostris
584 2562 677 2588 terra
690 2552 794 2605 gialla
813 2552 1027 2603 appellatur.
1058 2551 1157 2589 Galli
1176 2551 1311 2589 Graeco
1324 2551 1481 2588 nomine
1500 2545 1628 2583 Ochte
1638 2545 1692 2581 di-

106 2620 196 2647 cunt
209 2639 217 2652 ,
229 2609 404 2645 Germani
416 2619 508 2645 vero
520 2619 701 2658 corrupto
712 2609 981 2657 aliquantulum
993 2606 1194 2650 vocabulo,
1207 2619 1285 2659 oger
1294 2607 1330 2643 δε
1340 2601 1502 2657 ogergeeL
1514 2602 1587 2639 alio
1598 2602 1691 2638 item

105 2666 274 2708 nomine,
294 2661 468 2714 Berggec‘l,
489 2663 564 2701 hoc
583 2664 645 2708 est,
660 2660 782 2703 ochra,
790 2662 896 2714 gilva
909 2660 1020 2699 ochra
1032 2689 1040 2702 ‚
1067 2661 1317 2698 &montanum
1331 2658 1483 2712 gal-vum.
1515 2657 1690 2694 Haecille.

107 2721 287 2758 Barbarus
300 2734 307 2756 :
329 2717 457 2755 Ochi-a
471 2721 584 2756 etiam
596 2718 727 2756 nostris
749 2716 874 2755 ochrea
884 2719 1019 2756 dicitur
1030 2717 1066 2754 &
1077 2726 1171 2752 terra
1177 2716 1279 2769 gialla
1291 2741 1298 2752 ‚
1321 2715 1357 2752 id
1368 2714 1434 2753 est,
1451 2715 1563 2751 lutea.
1600 2712 1692 2750 Haec

107 2776 185 2814 usta
196 2776 235 2813 fit
246 2774 366 2818 rubra,
386 2774 422 2810 &
435 2786 502 2824 pro
514 2775 633 2811 fundo
644 2786 685 2812 ea
696 2774 856 2825 pictores
867 2784 1019 2811 utuntur
1040 2771 1169 2809 Ochta
1178 2784 1255 2808 non
1269 2770 1358 2807 usta.
1388 2769 1534 2818 Fundus
1544 2769 1643 2804 enim
1653 2769 1692 2804 δε

109 2831 238 2869 umbra
255 2830 459 2868 obscuriori
470 2832 598 2867 colore
610 2830 676 2867 effe
689 2830 809 2867 debet.
846 2829 1007 2867 Videtur
1019 2838 1142 2865 autem
1154 2828 1258 2875 quod
1268 2825 1392 2863 Ochra
1404 2825 1532 2862 Graece
1543 2823 1593 2862 est
1603 2850 1612 2863 ‚
1640 2823 1693 2860 Sil

108 2886 238 2924 Latine
250 2887 333 2924 dici.
345 2887 446 2923 Nam
459 2898 547 2923 cum
559 2887 751 2924 Vitruvius
762 2885 838 2922 hoc
852 2886 969 2934 capite
982 2885 1167 2920 rationem
1177 2883 1379 2926 reddit,cur
1390 2880 1524 2918 Ochrae
1536 2879 1692 2922 Atticae‚

110 2941 147 2979 id
166 2942 235 2988 est,
254 2944 407 2993 optimae
427 2944 534 2994 copia
552 2954 633 2981 non
652 2941 844 2980 haberetur
865 2939 934 2978 suis
953 2938 1187 2989 temporibus
1200 2968 1212 2985 ‚
1238 2947 1480 2977 commutato
1502 2934 1692 3026 vogabulo

1054 2998 1083 3033 I<
1119 3007 1139 3032 2
1584 3000 1692 3034 cnae,
