2023 3162
280 76 355 106 :30
668 50 1499 96 M.V·1TRUV11P021„10N15

271 130 418 179 ncil'que
436 127 648 165 distinemur
660 155 669 169 ,
694 136 739 160 ne
753 124 788 159 in
801 118 1110 158 contentionibus
1122 128 1357 163 moveantur.
1389 119 1495 156 Tum
1508 126 1597 158 vero
1608 116 1766 155 modioli
1778 123 1858 159 mre}

271 189 307 224 in
329 198 371 223 ca
393 184 551 235 capitula
569 180 827 220 includuntur,
850 178 887 213 ὃ(
908 178 945 212 in
964 187 1030 212 eos
1052 175 1203 212 cuneoli
1218 174 1323 211 ferrei
1337 186 1456 222 ,quos
1480 167 1853 225 [αωὲῃςόῖὃαςΟι-ῃςῑ

269 252 422 279 vocant,
451 240 700 276 collocantur.
733 231 880 269 Deinde
892 229 979 267 ansae
993 230 1193 267 rudentum
1207 230 1383 266 induntur
1400 242 1464 279 per
1476 230 1658 266 foramina
1676 233 1858 282 capitulo-

270 309 352 334 rum
366 326 375 340 ‚
396 296 483 332 &in
496 295 646 330 alteram
658 298 803 340 partem
815 287 1061 332 trajiciuntur:
1087 286 1219 323 deinde
1239 287 1276 321 iu
1298 284 1436 322 suculas
1450 286 1700 330 conjiciuntur
1713 315 1721 329 ‚
1741 289 1860 326 invol-

270 362 479 400 vunturquc
491 347 669 389 vestibus,
681 345 735 381 uti
747 355 811 393 per
823 354 882 379 eas
894 343 1035 378 extenti
1053 341 1239 384 rudentes,
1251 352 1338 377 cum
1353 340 1524 377 manibus
1534 340 1615 376 sunt
1633 340 1857 393 ta&i,aequa-

270 409 347 445 lem
366 409 402 442 in
421 414 582 451 utroque
600 400 741 437 sonitus
761 398 919 435 habeant
932 397 1158 447 responsum.
1191 397 1305 434 Tun'c
1323 406 1449 433 autem
1467 396 1595 432 cuneis
1615 395 1659 430 ad
1675 394 1861 438 foramina

273 461 570 500 concluduntur,
594 466 634 493 ut
648 467 729 492 non
740 452 882 504 poffint
900 453 933 489 se
945 454 1145 490 remittere.
1175 453 1233 489 Ita
1245 452 1386 499 trajecti
1404 454 1440 488 in
1451 453 1602 489 alteram
1615 461 1778 499 partem,
1800 467 1858 492 ca-

275 518 361 554 dem
381 516 526 552 ratione
539 538 547 551 ‚
565 511 733 549 vectibus
754 521 819 559 pet
836 509 978 546 suculas
999 508 1271 551 extenduntur,
1291 505 1352 553 [b]
1374 507 1496 544 donec
1516 506 1701 555 aequaliter
1719 507 1857 547 sonent.

268 574 320 610 Ita
337 579 548 608 cuneorum
570 564 876 605 conclusionibus
896 563 941 602 ad
960 563 1123 602 sonitum
1138 563 1286 601 musicis
1297 563 1551 601 auditionibus
1565 563 1756 612 catapultae
1768 574 1861 603 tem-

270 636 453 678 petantur.

893 688 928 725 C
958 697 986 726 A
1017 700 1048 725 P.
1113 686 1149 724 X
1162 688 1176 725 1
1188 687 1233 724 X.

283 784 363 837 De
379 780 751 856 oppugnatorid‘,
768 775 1125 851 defensoriisque
1137 773 1284 829 rebus.
1311 777 1384 828 Et
1398 776 1614 850 primum
1631 750 1687 827 de
1700 773 1755 825 A
1758 776 1847 827 rie·

722 865 774 908 tis
788 864 1027 919 inventione,
1046 862 1194 925 ejusqae
1211 860 1403 906 machina.

270 987 357 1068 D
371 987 399 1023 E
420 985 475 1023 his
495 983 603 1023 rebus
620 992 701 1032 quae
716 982 824 1032 potui
841 980 935 1017 dixi:
955 979 1061 1017 restat
1073 979 1163 1017 mihi
1176 979 1220 1016 de
1235 980 1291 1026 [a]
1305 980 1585 1032 oppugnatoriis
1598 978 1716 1018 rebus,
1730 987 1863 1027 quem-

369 1038 580 1079 admodum
599 1036 936 1076 machinationibus
957 1035 994 1072 δε
1013 1036 1127 1073 duces
1148 1036 1308 1073 victores
1325 1061 1333 1074 ‚
1370 1038 1408 1074 <Sc
1433 1032 1598 1073 civitates
1621 1033 1774 1072 defensa:
1794 1031 1864 1071 ess‘e

269 1089 423 1147 possint.
454 1098 620 1133 Primum
630 1095 674 1133 ad
686 1093 988 1144 oppugnationes
1004 1088 1074 1138 [b]
1095 1091 1186 1128 aries
1201 1091 1247 1128 fic
1259 1092 1430 1129 inventus
1443 1101 1673 1129 memoratur
1684 1089 1763 1127 ess'e.
1776 1090 1866 1127 Cat-

271 1152 498 1203 thaginenses
509 1152 555 1188 ad
565 1151 687 1188 Gades
699 1148 970 1200 oppugnandas
981 1147 1092 1184 castra
1104 1147 1322 1198 posuerunt:
1343 1159 1431 1184 cum
1444 1158 1566 1184 autem
1577 1146 1766 1184 castellum
1779 1155 1866 1183 ante

270 1205 461 1259 cepissent,
484 1208 522 1244 id
540 1207 716 1244 demoliri
736 1204 818 1242 sunt
837 1205 983 1242 conati:
1006 1202 1252 1253 posteaquam
1273 1215 1351 1240 non
1364 1202 1571 1240 habuerunt
1582 1203 1627 1239 ad
1646 1201 1865 1238 demolitio-

272 1276 361 1301 nem
379 1264 622 1301 fen-amenta,
645 1259 872 1311 sumpserunt
890 1261 1039 1308 tignum
1059 1283 1066 1295 ‚
1086 1258 1197 1307 idque
1215 1259 1384 1296 manibus
1406 1258 1640 1302 sustinentes,
1672 1258 1867 1307 capiteque

274 1321 353 1364 ejus
369 1320 554 1358 summum
574 1329 724 1355 murum
735 1317 973 1353 continenter
985 1312 1168 1364 pulsantes
1180 1343 1189 1358 ‚
1206 1315 1373 1352 summos
1386 1313 1550 1364 lapidum
1561 1314 1710 1350 ordines
1722 1312 1868 1363 dejicie-

274 1372 384 1412 bant.
407 1375 444 1411 &
464 1377 513 1412 ita
524 1374 707 1423 gradatim
717 1385 760 1409 ex
771 1371 902 1409 ordine
916 1380 1037 1407 totam
1056 1371 1404 1409 communitionem
1423 1367 1700 1419 dissipaverunt.
1734 1367 1868 1405 Postea

275 1430 432 1478 quidam
450 1430 552 1468 faber
571 1430 708 1478 Tyrius
728 1458 739 1473 ‚
768 1428 927 1464 nomine
947 1426 1244 1476 Pephasmenos‚
1265 1425 1334 1463 hae
1355 1426 1501 1463 ratione
1521 1424 1559 1461 Sc
1578 1424 1798 1462 inventione
1815 1426 1869 1461 in-

276 1485 410 1522 ductus
422 1514 432 1529 ,
455 1487 559 1523 malo
578 1484 733 1523 statuto,
751 1496 795 1521 ex
807 1495 854 1520 eo
865 1483 1022 1519 alterum
1034 1480 1337 1519 transversumuti
1349 1482 1522 1518 trutinam
1540 1479 1739 1532 suspendit:
1760 1482 1797 1517 ὃς
1816 1486 1870 1516 te-

276 1540 452 1578 ducendo
482 1544 520 1579 ὃς
548 1539 779 1592 impellendo
798 1537 1081 1575 vehementibus
1101 1538 1216 1587 plagis
1237 1537 1371 1583 dejecit
1394 1536 1672 1574 Gaditanorum
1690 1546 1863 1574 murum.

276 1594 327 1648 [c]
345 1598 474 1634 Cetras
485 1607 612 1635 autem
626 1593 907 1634 Chalcedonius
924 1594 970 1631 de
981 1594 1131 1631 materia
1141 1594 1309 1643 primum
1330 1591 1446 1629 bafim
1468 1591 1634 1637 subjectis
1647 1592 1738 1628 rotis
1756 1590 1863 1632 fecit,

271 1654 454 1703 supraque
475 1653 671 1702 compegit
688 1649 887 1690 arrectariis
906 1650 1048 1699 &jugis
1061 1647 1142 1696 [d]
1159 1660 1278 1687 varas:
1302 1651 1340 1686 ἅ
1361 1650 1400 1686 in
1420 1648 1475 1685 his
1495 1646 1680 1699 suspendit
1698 1647 1865 1686 arietem.

1744 1701 1866 1740 coriis-

271 1797 302 1830 α]
323 1799 378 1823 lam
389 1797 463 1834 supra
472 1798 503 1825 ad
514 1807 656 1836 cap.xv11.
666 1798 819 1825 monuimus
830 1795 844 1824 ὲ
855 1794 938 1826 Baldo
947 1797 1091 1837 legendum
1101 1795 1259 1834 ἒππζορέὲιις.

269 1836 298 1870 b]
320 1836 440 1865 Philand.
466 1839 531 1865 Non
542 1846 603 1865 ante
612 1837 809 1876 praecluduntur
819 1837 845 1864 in
857 1837 977 1876 capitulis
988 1835 1118 1865 foramina
1129 1848 1174 1875 per
1186 1848 1243 1876 qum
1257 1838 1402 1866 tenduntur
1414 1836 1428 1865 ὲ
1441 1846 1523 1864 nervo
1533 1835 1682 1874 capilloque
1700 1832 1766 1861 torti
1777 1830 1867 1864 funes}

262 1908 263 1911 Ἴ
305 1881 385 1915 quarn
394 1878 507 1905 tinnitus
518 1878 686 1905 'reddiderint
697 1878 818 1915 aequales.
845 1877 1020 1905 Brachiorum
1040 1879 1112 1906 enim
1122 1879 1215 1916 :equali
1226 1878 1345 1905 tentione
1356 1898 1362 1910 ,
1384 1877 1473 1905 fieri&
1487 1877 1579 1903 dextra
1596 1879 1621 1903 δε
1634 1874 1731 1901 §nistra
1742 1882 1815 1912 parte
1824 1871 1866 1901 fu-

305 1918 382 1944 nium
393 1916 494 1944 sonitus
504 1914 606 1945 necesse
617 1918 817 1954 estmestamque
827 1918 944 1945 telorum
955 1915 1116 1945 missionem.
1126 1919 1172 1945 llla
1183 1918 1199 1945 fi
1210 1918 1370 1948 homotona,
1382 1918 1407 1944 id
1417 1917 1451 1944 est
1461 1916 1597 1953 :equaliter
1607 1912 1681 1942 tensa
1690 1924 1744 1941 non
1756 1911 1865 1944 fixerint.

308 1960 332 1984 ὅ(
344 1956 449 1996 plagam
460 1957 542 1995 ipsam
552 1977 559 1990 ‚
576 1956 602 1984 id
612 1957 648 1984 est
657 1954 810 1984 inissionem
819 1966 874 1984 non
885 1966 998 1995 aequam,
1009 1961 1033 1985 S<
1043 1955 1119 1986 funes
1130 1967 1184 1985 non
1195 1957 1330 1996 acqualiter
1340 1958 1431 1985 sonare
1441 1965 1545 1984 certum
1555 1956 1600 1983 est.
1624 1954 1707 1993 Qod
1720 1954 1865 1983 &tradidit

307 1996 355 2025 lib.
369 2005 390 2023 ι.
401 2007 457 2036 cap.
470 2006 492 2025 1.

134 2048 259 2087 Casssxix.
271 2049 301 2084 a]
322 2048 472 2079 Philander.
494 2050 680 2080 machinarum
689 2049 745 2079 aliae
756 2048 814 2079 sunt
825 2049 1040 2091 oppugnacmiae,
1049 2049 1144 2090 quibus
1155 2049 1239 2078 hostes
1249 2048 1401 2088 impetimus
1412 2070 1418 2082 ‚
1438 2048 1470 2077 de
1481 2048 1575 2087 quibus
1587 2047 1639 2076 hoc
1649 2047 1745 2086 capite,
1758 2050 1783 2075 δε
1794 2046 1863 2075 duo-

305 2089 356 2119 bus
365 2088 534 2126 sequentibus
546 2113 553 2124 ,
572 2093 628 2120 ³11·ae
637 2091 695 2120 sunt
706 2092 912 2131 repugnatoriae,
924 2101 982 2130 quae
994 2095 1018 2119 δε
1030 2089 1044 2119 εὶ
1057 2087 1224 2120 defendendo
1235 2090 1454 2130 propugnatoriae
1463 2086 1632 2129 dicipoffunt
1644 2109 1651 2122 ,
1661 2088 1700 2116 his
1714 2091 1808 2116 centra
1816 2088 1863 2116 ad-

307 2130 490 2161 versariorum
501 2132 709 2160 machinationes
720 2133 831 2162 utimur.
843 2131 876 2159 de
885 2132 979 2169 quibus
990 2141 1046 2169 cap.
1059 2131 1167 2159 ultimo.

273 2170 303 2206 h]
331 2172 414 2201 Idem.
435 2173 532 2201 Plinius
543 2172 588 2200 lib.
600 2183 650 2200 vii.
663 2183 719 2211 cap.
735 2177 779 2207 56.
796 2172 883 2198 arietis
893 2173 920 2199 in
932 2172 1076 2200 muralibus
1086 2171 1214 2199 machinis
1227 2171 1411 2199 inventionem
1422 2169 1517 2198 tribuit
1529 2171 1603 2209 Epeo
1613 2168 1644 2198 ad
1655 2169 1777 2205 Troiam.
1788 2171 1870 2208 Qa-

308 2213 338 2240 lis
349 2222 437 2242 autem
447 2211 526 2241 fucrit
538 2234 544 2244 ,
566 2213 680 2252 intelligi
693 2213 778 2251 potest
789 2221 821 2239 ex
832 2210 944 2250 Iosepho
960 2211 1006 2239 lib.
1017 2221 1066 2239 ιιι.
1081 2212 1114 2240 de
1126 2211 1196 2240 bello
1206 2212 1323 2239 IudaIco.
1345 2210 1486 2241 Immensa.
1496 2211 1584 2249 inquit
1595 2232 1602 2243 ,
1621 2211 1666 2241 est,
1677 2211 1786 2238 materia
1798 2210 1869 2238 malo

309 2256 381 2282 navis
390 2252 519 2284 ammius,
531 2254 604 2287 cujus
614 2253 747 2282 summum
759 2251 833 2292 gravi
843 2250 915 2279 ferro
925 2251 1066 2281 solidatum
1076 2253 1123 2283 est,
1132 2253 1222 2280 arietis
1233 2249 1323 2292 effigie
1335 2250 1477 2284 fabricato,
1488 2252 1556 2279 unde
1568 2261 1667 2279 nomen
1678 2252 1790 2289 accepit.
1812 2253 1872 2279 De-

309 2294 408 2332 pendet
417 2302 505 2321 autem
515 2291 621 2321 funibus
641 2293 741 2320 medius
753 2303 785 2320 ex
797 2291 871 2320 trabe
888 2292 938 2320 alia
951 2293 1022 2321 velut
1040 2303 1072 2321 ex
1083 2293 1184 2322 trutina
1195 2292 1259 2331 palis
1279 2292 1394 2331 undique
1403 2290 1478 2320 fulta.
1500 2290 1658 2320 Retrorsum
1667 2301 1758 2320 autem
1772 2300 1872 2331 magna

311 2335 431 2362 virorum
443 2334 612 2361 multitudine
632 2333 745 2371 repulsus
755 2334 782 2360 in
792 2331 883 2360 fronte
901 2334 1071 2371 prominente
1091 2331 1162 2361 ferro
1172 2333 1274 2361 moenia
1292 2333 1417 2371 percutit.
1439 2333 1505 2361 Vide
1517 2334 1598 2360 etiam
1614 2333 1682 2370 apud
1694 2332 1871 2359 Ammianum

308 2374 357 2402 fib.
368 2384 453 2402 xxm.
464 2377 488 2402 ἅς
498 2374 642 2413 Vegetium
655 2374 700 2401 lib.
713 2384 751 2401 ιν.
774 2374 871 2401 Arietis
881 2375 917 2401 est
926 2373 1010 2413 figura
1020 2376 1117 2403 Romae
1127 2375 1154 2401 in
1165 2384 1227 2402 arcu
1239 2375 1315 2402 Lucii
1324 2373 1446 2411 Septimii
1455 2374 1544 2401 Severi
1557 2394 1563 2404 ,
1574 2374 1600 2400 in
1611 2372 1743 2400 radicibus
1753 2373 1869 2410 Capito-

312 2415 340 2442 lii
353 2436 359 2446 ,
381 2418 404 2443 δέ
416 2414 441 2441 in
453 2413 576 2441 cochlide
588 2415 713 2442 columna
723 2414 843 2449 Traiani.
858 2414 993 2448 Ejusmodi
1002 2414 1129 2453 scalptam
1138 2423 1246 2455 gemma
1256 2413 1403 2442 mihidono
1411 2413 1484 2441 dedit
1495 2413 1621 2449 Cajetana
1629 2413 1722 2450 puella,
1734 2416 1757 2441 δι
1770 2422 1870 2450 corpo-

311 2456 344 2483 ris
355 2453 468 2494 speciosa
477 2453 632 2482 habitudine
644 2475 650 2486 ‚
667 2458 690 2482 5„-
702 2454 823 2493 virginali
837 2454 937 2492 pudore
949 2455 1068 2495 inlignis,
1079 2454 1188 2483 isabella
1198 2458 1359 2484 Bonamana.
1370 2453 1496 2482 scitula&
1516 2453 1648 2482 venustula
1659 2454 1744 2492 puella
1753 2474 1759 2483 ,
1776 2452 1870 2481 bellxula

310 2506 389 2534 atque
400 2495 512 2534 lepidula
521 2494 620 2531 pue-11³,
642 2493 788 2522 suavissima
797 2498 821 2523 δε
833 2492 1004 2523 mellitiffima
1021 2496 1107 2534 puell-2
1116 2517 1123 2526 ‚
1141 2493 1287 2524 subfuscula
1296 2494 1338 2523 sed
1350 2492 1492 2522 formosuia
1501 2498 1524 2522 Sc
1535 2494 1676 2522 delicatula
1686 2494 1780 2532 puella.
1805 2494 1868 2527 Ejus

307 2536 430 2567 sermone
442 2540 466 2564 &
478 2536 666 2563 consuetudine
675 2535 818 2573 dispeream
827 2535 843 2562 fi
855 2535 918 2573 quid
927 2536 962 2564 est
972 2534 1100 2570 festivius,
1112 2536 1239 2565 mellitius
1247 2556 1254 2570 ,
1265 2544 1346 2574 atque
1353 2533 1536 2563 saccharatius.
1560 2537 1602 2563 De
1613 2535 1694 2564 ariete
1703 2534 1794 2562 scribit
1805 2536 1866 2562 Ro-

311 2577 402 2605 bertus
412 2577 546 2604 Valturius
553 2575 623 2604 libro
633 2576 665 2603 de
675 2586 702 2603 re
714 2575 821 2603 militari
832 2575 950 2604 decimo.

279 2619 304 2652 c]
336 2621 407 2645 Ante
417 2617 565 2657 legebatur,
578 2619 661 2645 Geras
671 2624 761 2644 autem
774 2615 984 2645 Charcedonius.
996 2621 1020 2646 3<
1030 2616 1066 2646 ita
1077 2616 1231 2650 Athenaeus,
1242 2616 1317 2653 cujus
1328 2617 1418 2644 locum
1426 2615 1606 2649 subjiciemus.

278 2658 309 2691 d]
332 2658 480 2686 Philander.
498 2660 582 2688 Varae.
594 2666 723 2696 quantum
731 2656 853 2684 existimo
864 2677 871 2687 ,
894 2655 991 2685 fiebant
1000 2657 1066 2690 solo,
1077 2659 1101 2686 id
1114 2659 1150 2686 est
1160 2678 1166 2688 .
1183 2658 1234 2686 bafi
1247 2678 1255 2690 ,
1273 2656 1366 2685 axibus
1376 2653 1530 2684 firmissiruis
1542 2657 1685 2695 compasto
1694 2676 1700 2688 ‚
1718 2654 1824 2683 arressis
1835 2652 1867 2681 ab

310 2707 424 2736 utroque
434 2698 514 2726 latere
524 2698 662 2736 applicatis
670 2696 788 2725 trabibus
799 2717 804 2726 ‚
824 2700 847 2724 S<
859 2697 939 2736 jugiS.
952 2698 977 2725 id
988 2699 1033 2731 est,
1044 2698 1192 2726 transversis
1204 2702 1228 2726 δι’
1239 2698 1368 2736 porrectis
1378 2697 1487 2737 tigillis,
1508 2706 1553 2725 aut
1563 2693 1686 2724 afferi'bus
1697 2695 1770 2733 supra
1779 2695 1866 2722 collo-

310 2739 376 2765 catis
386 2759 392 2769 ‚
410 2737 528 2776 suspenso
538 2738 569 2765 ad
580 2738 634 2766 liaec
644 2738 726 2766 ariete
740 2759 745 2769 ,
762 2737 900 2775 suppoiitis
912 2746 1001 2766 tamen
1013 2739 1089 2766 rotis.
1108 2738 1230 2766 machina
1240 2747 1298 2766 tota
1308 2736 1425 2766 cratibus
1436 2737 1596 2765 creberrime
1607 2758 1613 2768 ,
1635 2737 1763 2773 corioque
1783 2735 1868 2762 crudo

308 2781 335 2805 ἃ
346 2780 444 2805 recenti
456 2778 598 2817 tegebatur
607 2800 613 2810 ,
634 2788 689 2816 quo
702 2775 785 2806 effent
796 2778 908 2806 tutiores
920 2799 927 2810 ‚
945 2779 990 2817 qui
999 2789 1031 2807 ex
1049 2790 1079 2808 ea
1089 2789 1179 2808 muros
1196 2779 1337 2818 pulsarent.
1356 2780 1431 2806 Varae
1441 2786 1531 2805 tamen
1541 2777 1609 2816 apud
1619 2779 1755 2805 Lucanum
1766 2774 1811 2803 lib.
1823 2785 1863 2802 ιν.

309 2818 434 2845 dicuntur
442 2817 532 2849 furcae.
543 2818 637 2857 quibus
647 2820 712 2846 retia
721 2819 887 2849 sustinentur,

667 2874 740 2882 -—-
763 2857 891 2895 Dispofitis
901 2879 907 2889 ,
928 2859 1020 2896 inquit,
1031 2860 1143 2891 attollat,
1154 2861 1221 2888 retia
1232 2861 1315 2888 varis.

319 2897 415 2924 clami
427 2896 564 2934 Salmafim
575 2899 599 2924 in
612 2898 731 2926 Soliuum
744 2909 803 2937 pag.
816 2905 885 2929 946.
908 2900 999 2926 Nemo
1008 2901 1105 2938 quippe
1116 2901 1201 2939 potest
1215 2898 1313 2939 passum
1323 2897 1419 2931 facere,
1432 2906 1476 2925 aut
1488 2894 1603 2936 gressum
1613 2896 1701 2933 aliquo
1713 2896 1796 2924 medo
1808 2905 1871 2934 pro-

319 2946 428 2967 movere
440 2959 446 2970 ‚
463 2938 527 2976 quin
538 2948 612 2967 crura
622 2939 728 2968 diducit
741 2944 763 2968 ἃ
775 2939 874 2977 aperiat
889 2960 893 2971 ‚
911 2939 982 2977 quod
993 2940 1026 2967 cst
1037 2943 1143 2979 proprie
1155 2943 1289 2969 intricare.
1301 2940 1365 2968 Inde
1375 2942 1399 2967 δι’
1413 2935 1497 2976 passus
1508 2936 1532 2964 τὲ
1543 2939 1629 2973 βῆυάι,
1641 2938 1712 2973 quc-l
1725 2934 1800 2975 pallis
1811 2947 1870 2964 ctu-

1781 2977 1862 3006 ribus.
