2023 3162
264 118 339 152 134
671 96 1540 138 DESIGNIFICATIONB.

257 182 310 208 rat
319 168 506 208 Barbatus.
519 170 554 204 T
548 179 639 211 orus,
650 166 763 211 aines?
771 163 961 201 rotundum
970 159 1162 201 membrum
1165 161 1369 212 pulvinaris
1380 164 1418 199 in
1427 161 1573 203 modum,
1580 161 1668 200 unde
1679 157 1723 201 &¹
1733 176 1856 200 nomen

248 224 400 278 fiimpstt
410 254 417 261 .
446 220 544 264 ςιέαἶς
567 228 676 259 Grace
692 219 832 257 dicitur.
863 225 992 272 Turget
1011 228 1126 255 autem
1147 213 1192 257 ό*
1210 227 1378 270 tanquam
1398 217 1553 268 carnosus
1567 227 1679 256 tumor
1698 217 1854 256 videtur.

259 280 344 319 Itali
361 279 385 316 a
398 279 519 332 forma
539 278 736 314 Bastonem
749 304 762 320 ,
783 275 872 312 Galli
892 276 989 312 rond
999 283 1058 311 aut
1077 275 1205 311 Rozel
1216 282 1350 310 vocant.
1382 272 1557 310 Unicum
1574 274 1708 312 habent
1727 284 1855 312 torum

261 335 475 374 Tuscanica
484 334 574 372 basis
587 335 625 370 ὃς
636 332 796 376 Dorica,
808 330 868 368 sed
879 330 999 380 &ipsa
1009 331 1104 380 apud
1115 331 1333 369 Vitruvium
1344 330 1485 365 Ionica.
1505 328 1633 366 Attica
1643 341 1731 367 vero
1744 330 1852 371 duos,

261 391 488 443 superiorem
499 393 536 427 ὃ(
547 388 765 438 inferiorem
778 415 788 431 ,
798 398 962 436 quorum
973 387 1138 436 superior
1146 387 1271 422 minor
1281 384 1340 424 est,
1354 384 1507 421 inferior
1516 395 1606 421 vero
1616 387 1746 431 major.
1761 387 1856 423 inter

262 448 334 487 hos
346 448 395 485 est
405 447 475 497 ip121
494 456 581 482 cum
591 444 650 481 sua
667 444 821 481 cavitate
842 443 982 480 Scotia.
1002 442 1139 479 imitari
1157 450 1284 478 autem
1301 441 1371 477 hos
1390 440 1562 492 pulvinos
1581 439 1769 490 appositos
1781 470 1792 486 ,
1808 453 1856 478 ne

263 506 392 541 Scotia
402 502 607 550 frangatur,
626 500 718 537 nulli
729 498 895 536 dubium.
929 497 1098 534 Eandem
1107 509 1243 535 vocem
1259 495 1439 534 habemus
1459 497 1522 533 lib.
1541 508 1598 532 10.
1612 507 1692 547 cap.
1712 503 1773 534 18.
1792 496 1856 534 ubi

263 560 417 610 legitur:
442 551 716 606 constituebatur
726 556 765 591 in
774 566 812 590 ea
833 555 972 604 (lignea
981 554 1088 600 turri)
1102 553 1266 589 arietaria
1277 548 1434 587 machina
1445 580 1455 595 ‚
1477 563 1546 602 qua
1568 556 1675 587 Graece
1693 546 1855 597 κῃοὸόκη

263 614 391 651 dicitur
403 639 411 652 ‚
432 613 469 649 in
479 624 547 664 qua
557 607 774 648 collocabatur
783 619 875 661 tortos
891 606 1067 661 perfed't'us
1077 610 1114 645 in
1123 617 1230 645 torno.
1265 607 1369 658 Qid
1379 606 1556 656 significet
1576 619 1624 644 eo
1637 608 1728 643 loco
1739 617 1857 654 torus,

266 669 365 707 haud
376 669 454 706 satis
462 677 582 718 patet.
606 665 704 703 forte
714 665 854 703 tectum
864 665 1031 704 denotat,
1048 665 1111 702 cui
1122 662 1343 701 innitebatur
1353 665 1452 700 aries.
1478 674 1551 712 ego
1561 674 1630 712 pro
1643 673 1730 699 toro
1742 663 1859 700 liben-

265 727 340 762 tius
351 726 512 776 legetem
525 722 680 761 trochos
691 748 699 761 ‚
720 722 797 758 hoc
808 721 858 758 est
875 721 1046 770 cylinder.
1070 720 1174 769 quod
1186 719 1332 758 videtur
1342 719 1470 767 colligi
1481 731 1526 756 ex
1538 718 1691 755 Herone
1702 718 1856 756 Mecha-

265 783 358 819 nico
378 792 460 832 cap.
481 792 495 816 1
509 793 539 816 1.
559 779 622 816 ubi
640 777 685 815 de
702 779 870 815 maximo
893 778 1005 814 ariete
1024 776 1218 824 Byzantio.
1238 775 1380 812 etenim
1398 773 1480 824 post
1499 775 1618 811 multa
1637 775 1718 811 hate
1737 774 1857 811 addit:

263 835 576 873 Sciendumautem
587 836 636 870 eff
648 863 658 878 ‚
678 836 845 871 Arietum
862 829 922 868 alii
932 829 1066 884 quidem
1085 829 1108 868 a
1129 832 1293 868 virorum
1312 827 1535 866 multitudine
1545 838 1736 881 reguntur,
1745 831 1860 879 juxta

260 888 493 945 quorumdam
512 891 737 941 antiquorum
752 885 1022 925 mechanicorum
1040 888 1232 939 opinionem
1243 913 1251 926 ‚
1265 884 1324 922 alii
1334 898 1417 923 vero
1434 882 1739 922 contranitentibus
1756 884 1860 938 lignis

264 945 511 997 distenduntur
522 975 532 990 ‚
551 943 675 997 aliique
684 941 820 979 demum
822 941 930 995 stiper
940 941 1103 993 cylindros
1109 941 1356 995 propelluntur.
1390 943 1483 979 Item
1496 941 1739 979 Ammianus:
1760 946 1859 976 Hanc
1879 964 1881 967 .

264 1004 314 1040 ita
326 1000 481 1039 validam
491 1000 614 1038 molem
625 1029 634 1044 ‚
656 1003 738 1036 rotis
749 993 944 1048 &similam
960 1010 1081 1050 regens
1092 994 1287 1048 numerosam
1304 995 1506 1047 intrmstcas
1517 995 1615 1033 miles
1627 1023 1633 1036 ,
1656 994 1861 1049 languidiori

266 1071 446 1095 murorum
460 1058 557 1110 parti
566 1051 699 1091 viribus
722 1052 886 1090 admovet
894 1053 980 1090 cita.
1010 1052 1155 1103 Lipsius
1174 1064 1328 1102 quoque
1348 1048 1368 1087 ὲ
1391 1052 1638 1089 Colmaricnsi
1657 1052 1860 1089 Chronico

268 1114 345 1152 haec
356 1114 523 1162 suggerit.
537 1112 560 1147 l.
574 1110 737 1149 machin.
754 1121 768 1150 3
782 1138 788 1145 .
802 1109 885 1146 dial.
901 1121 931 1146 1.
963 1113 999 1146 T
993 1105 1070 1145 rabs
1081 1105 1255 1161 haecfiiper
1265 1105 1414 1160 quadam
1426 1106 1657 1156 instrumenta
1656 1110 1782 1157 jacuit,
1796 1120 1861 1159 quo

258 1168 404 1219 facilius
414 1175 628 1204 moveretur.
661 1165 765 1202 Idem
774 1164 909 1203 sensisse
919 1164 1092 1203 videmus
1103 1164 1315 1208 Barbarum,
1329 1166 1392 1213 qui
1402 1164 1534 1201 locum
1546 1162 1648 1200 hunc
1660 1164 1861 1201 vernacule

267 1227 317 1262 ita
330 1224 484 1262 reddidit
499 1237 505 1259 :
527 1218 698 1273 Pouevast
707 1218 813 1258 anche
831 1222 869 1258 in
888 1217 953 1271 effa
963 1219 997 1256 la
1015 1217 1174 1258 machina
1192 1221 1374 1264 arietaria,
1392 1218 1483 1255 detta
1496 1217 1540 1255 da
1560 1220 1665 1255 Graeci
1680 1215 1863 1264 criodochi‚

267 1280 354 1318 nella
366 1277 466 1333 quale
474 1277 660 1330 seponeva
670 1290 718 1313 un
726 1273 859 1326 bistone
870 1305 880 1322 ,
894 1290 911 1312 o
929 1276 1060 1313 morello
1072 1305 1082 1321 ,
1091 1273 1186 1326 fatto
1201 1275 1240 1312 al
1248 1285 1342 1313 torno
1352 1301 1360 1315 ‚
1373 1273 1478 1327 sopra
1488 1273 1519 1310 il
1524 1272 1624 1325 quale
1631 1286 1689 1310 era
1693 1272 1781 1326 pasto
1791 1273 1806 1309 l
1813 1275 1861 1310 'a-

267 1338 369 1373 riete.
399 1334 472 1372 Sed
483 1332 835 1383 Athenaeumipsum
846 1333 1056 1380 audiamus;
1070 1332 1125 1383 ἐφ’
1136 1327 1174 1375 ἧς
1185 1327 1238 1378 ιφῖί
1256 1327 1426 1379 nuntiabam
1446 1327 1574 1374 ἐπετίθᾴ
1585 1355 1594 1370 ,
1609 1327 1647 1365 dl’
1662 1325 1686 1367 ἕ
1705 1326 1863 1372 ww&-

266 1389 410 1442 1&va
421 1386 534 1438 nefor,
544 1388 582 1425 di’
594 1385 802 1428 α’νῖιαυ-αίςων
813 1384 1004 1440 ἐνεργεῖ-πάι)
1012 1385 1138 1440 χρείων.
1150 1389 1187 1425 in
1197 1401 1264 1440 qua
1273 1389 1378 1424 etiam
1386 1385 1578 1439 cylindrum
1586 1383 1756 1438 imposuit,
1766 1388 1863 1435 cujus

267 1446 400 1484 auxilio
409 1442 572 1498 impulsus
582 1446 671 1482 aries
684 1471 692 1486 ‚
701 1456 766 1497 per
774 1445 995 1483 retraciiones
1004 1442 1163 1497 effiilum
1173 1440 1383 1497 operabatur.
1413 1444 1484 1480 Pro
1496 1441 1666 1491 cylindro
1676 1444 1800 1491 itaque
1810 1443 1864 1479 le-

268 1506 394 1554 gimus
405 1514 547 1547 torum,
556 1514 627 1552 pro
639 1513 717 1551 quo
727 1500 911 1539 trochum
920 1500 1189 1538 restituendum
1201 1500 1221 1537 a
1232 1512 1270 1537 rc
1280 1500 1443 1537 alienum
1454 1510 1534 1535 non
1544 1498 1762 1545 judicamus.

326 1560 362 1596 T
379 1573 400 1596 R
411 1572 433 1596 A
447 1572 467 1596 c
480 1571 506 1596 H
519 1571 538 1594 F.
553 1571 572 1594 L
585 1569 611 1595 o
627 1570 654 1594 s,
685 1558 768 1595 Lib.
780 1570 814 1594 x.
828 1568 906 1608 cap.
923 1569 937 1594 1
951 1570 981 1602 5.
1011 1557 1093 1595 Pars
1103 1557 1275 1607 quaedam
1284 1556 1531 1606 catapultae.T
1527 1551 1656 1591 racheli
1656 1551 1865 1603 fiicularum

262 1614 441 1667 foramina
453 1626 515 1652 xi.
545 1613 700 1650 Baldus:
721 1615 766 1651 In
786 1614 968 1663 corruptis
988 1613 1184 1651 codicibus
1202 1643 1212 1659 ‚
1240 1614 1336 1650 inter
1353 1622 1449 1661 quos
1467 1608 1739 1664 Jocundianum
1750 1620 1865 1646 annu-

269 1671 436 1716 mer0‚&
448 1671 553 1707 illum
567 1681 682 1719 quem
692 1671 730 1707 in
741 1669 940 1707 Germania
952 1669 1096 1707 editum
1109 1669 1201 1721 saepe
1210 1667 1598 1711 nominavimus‚loco
1609 1664 1866 1716 tracheli‚por-

269 1726 418 1765 tentoso
429 1726 598 1776 quodam
610 1726 803 1764 vocabulo
814 1727 972 1775 legimus
985 1721 1158 1762 Carchebi.
1171 1724 1271 1762 haud
1281 1723 1528 1761 emendatiori
1538 1721 1621 1760 usus
1634 1720 1683 1759 est
1695 1720 1865 1759 Caesaria-

271 1794 354 1828 nus,
363 1782 459 1833 apud
470 1793 585 1831 quem
595 1782 754 1831 legimus
769 1778 911 1818 Cartibi.
925 1783 1014 1819 utin
1026 1781 1274 1831 expositione:
1289 1776 1446 1817 Canibus
1456 1791 1525 1815 non
1537 1773 1738 1820 Carthebus,
1747 1785 1786 1812 ut
1795 1787 1864 1812 cor-

271 1847 370 1889 rupte
380 1836 503 1890 ligitur
515 1867 526 1882 ,
533 1836 617 1888 sive
630 1835 818 1882 cambam,
825 1847 888 1890 pro
898 1850 962 1890 quo
975 1835 1199 1874 Carttbulum.
1224 1836 1391 1873 Latinum
1403 1836 1453 1871 efi
1467 1830 1684 1876 vocabulum,
1693 1828 1862 1879 merifivn-

270 1904 336 1945 que
344 1891 482 1928 denotat
490 1891 660 1944 lapideam
670 1892 876 1944 quadratam
887 1922 898 1938 ,
916 1891 1023 1930 altera
1026 1902 1127 1944 parte
1137 1891 1323 1945 longiorem
1336 1917 1342 1930 ,
1355 1900 1393 1928 ut
1405 1895 1511 1929 Varro
1521 1886 1746 1936 attestaturin
1753 1882 1812 1922 lib.
1823 1882 1866 1920 de

271 1948 379 1999 Ling.
392 1952 469 1982 Lat.
481 1953 575 1982 Sunt
583 1948 694 1998 igitur
703 1945 825 1996 afferes
834 1946 987 1999 quidam,
998 1946 1218 1998 menfiilaeve‚
1230 1949 1270 1983 in
1278 1944 1398 1998 quibus
1408 1940 1612 1993 aliaefitculs
1621 1966 1629 1980 ,
1650 1938 1694 1976 aa'
1702 1939 1866 1977 elevatio-

272 2015 350 2039 nem
362 2000 665 2054 depressionemque
673 1999 836 2038 machina
849 2030 855 2037 .
876 2015 946 2052 quae
955 2015 1032 2038 cum
1043 2015 1096 2038 res
1102 2001 1155 2051 sit
1165 2004 1284 2053 ingens
1297 2024 1304 2038 ‚
1326 1996 1424 2036 haud
1427 2000 1478 2034 ita
1484 1995 1595 2047 facile
1602 2009 1709 2032 manu
1718 1996 1866 2033 trafflari

265 2056 378 2111 possit.
417 2056 509 2094 Haec
520 2057 592 2094 ille.
607 2058 761 2105 quinon
774 2055 923 2105 quidem
934 2057 1077 2095 Latine,
1092 2066 1135 2093 ut
1144 2067 1214 2093 nos
1223 2055 1416 2095 vertimus,
1428 2054 1510 2090 imo
1520 2050 1770 2097 semibarbare‚
1780 2052 1865 2089 imo

273 2114 382 2164 plane
392 2112 543 2150 barbare
552 2111 697 2162 scripsit.
717 2111 882 2150 Turneb.
893 2113 955 2149 lib.
967 2124 1001 2148 2.
1013 2123 1093 2161 cap.
1105 2126 1141 2157 4.
1152 2123 1318 2149 errorem
1329 2110 1442 2148 addit,
1455 2108 1492 2145 ἃ
1502 2107 1699 2145 emendare
1710 2117 1866 2145 conatus

273 2170 334 2206 cst.
355 2169 433 2214 ejus
445 2167 554 2206 verba
572 2168 676 2206 sunt:
700 2164 858 2204 Carcheli
864 2163 1085 2217 sucularum.
1105 2168 1169 2202 Hic
1180 2163 1326 2202 tracheli
1337 2191 1347 2207 ‚
1368 2162 1405 2201 id
1413 2165 1461 2200 efi
1471 2189 1479 2203 ‚
1501 2164 1575 2200 colli
1590 2159 1810 2214 sucularum,
1819 2160 1867 2198 le-

266 2222 420 2277 gendum
430 2236 590 2277 auguror.
623 2222 752 2259 Collum
768 2231 883 2258 autem
901 2224 962 2258 efi.
985 2234 1053 2274 qua
1058 2219 1146 2272 fimt
1158 2219 1368 2272 graciliores.
1400 2220 1522 2262 Hujus
1543 2229 1710 2257 mentem
1720 2220 1866 2255 secutus

272 2280 323 2317 est
334 2280 524 2318 Barbarus
553 2280 637 2317 Nos
649 2280 750 2317 aliter
758 2279 886 2316 locum
896 2279 1068 2315 luxatum
1081 2276 1302 2315 restituimus
1314 2306 1325 2322 ,
1342 2287 1480 2326 nempe
1489 2286 1560 2324 pro
1582 2273 1743 2312 carcheli
1755 2303 1766 2319 ,
1786 2285 1866 2310 car-

275 2334 386 2373 chesii
402 2334 611 2372 sucularum
630 2335 836 2372 scribentes.
865 2332 1125 2371 &saneavero
1143 2333 1243 2370 sensu
1260 2333 1458 2371 Turnebus
1475 2331 1655 2369 aberravit
1667 2359 1678 2374 ‚
1696 2341 1770 2367 nec
1787 2329 1867 2365 ani-

271 2391 489 2429 madvertit,
504 2390 638 2428 suculae
650 2391 809 2435 collum,
827 2401 899 2439 qua
912 2401 1011 2440 parte
1029 2390 1245 2439 graciliores
1263 2389 1359 2433 sunt,
1376 2400 1436 2426 XI.
1450 2385 1678 2423 foraminum
1696 2384 1764 2422 effe
1782 2395 1864 2422 non

271 2447 361 2497 poff
354 2460 385 2484 e.
416 2446 605 2484 Caeterum
615 2458 680 2482 cur
699 2447 895 2485 Vitruvius
913 2445 1042 2484 suculae
1054 2444 1284 2483 carchefium
1293 2444 1390 2481 dixe-

273 2505 337 2540 rit,
360 2502 483 2553 palam
494 2502 563 2542 est,
578 2500 756 2549 siquidem
767 2502 892 2540 sucula
906 2502 980 2552 ipsa
998 2500 1190 2545 carchesii,
1209 2500 1315 2549 quod
1325 2512 1456 2550 poma
1498 2511 1679 2542 FOK.X1

273 2559 349 2596 culi
366 2560 381 2594 s
380 2559 501 2610 pecies
523 2557 591 2596 est,
607 2558 809 2605 imaginem
829 2558 1002 2598 imitatur,
1016 2568 1056 2595 ut
1073 2559 1109 2594 in
1119 2557 1140 2594 s
1134 2557 1281 2601 ubiesto
1290 2556 1390 2593 sche-
1470 2546 1777 2593 ¹&**³'“1“*“**‘³⁸*”=<

272 2625 372 2651 mate
381 2613 491 2652 facile
500 2614 623 2651 videre
634 2612 693 2650 est.
702 2611 942 2663 Carchefium
952 2625 1043 2663 ergo
1054 2613 1215 2665 appellat
1226 2622 1368 2663 partem
1377 2612 1490 2662 ipsam
1499 2611 1738 2660 sucule‚circa
1747 2617 1860 2658 quam

273 2669 369 2706 funis
378 2669 450 2720 ipse
460 2670 648 2707 ductarius
658 2669 873 2711 involvitur,
883 2668 1106 2718 distinguens
1118 2680 1254 2718 nempe
1265 2668 1310 2705 ab
1321 2678 1365 2705 ea
1377 2680 1458 2717 quae
1469 2669 1506 2704 iu
1523 2678 1661 2706 axones
1674 2665 1860 2710 utrimque

274 2734 487 2763 attenuatur
504 2735 617 2776 parte.
649 2724 739 2762 Haec
751 2724 823 2761 ille.
853 2724 1031 2763 Barbarus
1041 2723 1153 2761 edidit
1163 2724 1342 2761 Tracheli
1352 2724 1557 2762 sucularum
1566 2723 1699 2760 foram.
1717 2731 1729 2754 1
1743 2730 1773 2754 1.
1786 2717 1822 2754 S.

331 2781 366 2815 T
378 2791 401 2817 R
411 2792 438 2818 A
448 2792 475 2818 N
484 2792 500 2818 s
509 2792 534 2818 ‘r
544 2792 567 2820 R
578 2791 615 2818 A.
642 2780 727 2817 Lib.
745 2793 757 2816 1
767 2792 801 2819 v.
814 2792 895 2830 cap.
913 2795 946 2819 2.
981 2778 1142 2830 Transtra
1163 2777 1205 2822 (ἐν
1222 2778 1376 2829 capreoli.
1407 2779 1538 2817 Baldus
1552 2793 1560 2815 ε
1580 2778 1672 2827 Qae
1682 2772 1750 2809 smt
1760 2782 1858 2810 tran-

274 2834 356 2873 stra,
369 2836 419 2871 ita
428 2835 541 2873 docet
552 2835 676 2873 Festus
689 2849 696 2872 :
709 2840 743 2871 T
738 2834 872 2886 razstra
891 2829 935 2874 ό-
944 2833 1062 2873 tabula
1081 2836 1228 2871 navium
1237 2833 1401 2872 dicuntur
1411 2832 1455 2878 (ῤ’
1462 2835 1558 2885 tigna
1565 2843 1634 2882 quie
1643 2827 1667 2864 a
1676 2830 1810 2879 pariete
1819 2828 1859 2863 in

267 2891 683 2944 parietemporriguntur.
697 2892 818 2944 Qod
827 2902 952 2931 autem
964 2892 1007 2932 ad
1018 2902 1127 2931 naves
1137 2890 1201 2929 seu
1210 2891 1377 2929 triremes
1386 2890 1553 2941 pertinet,
1559 2886 1582 2922 s
1574 2896 1648 2936 aepe
1657 2882 1754 2934 apud
1764 2883 1816 2920 ΡΟ
1822 2884 1858 2919 ἒ-

276 2957 342 2985 tas.
352 2945 456 2996 Vug.
471 2941 621 2985 AEneid.
639 2955 671 2985 3.

1725 2474 1777 2520 §Q

1721 2516 1741 2541 {s

1668 3012 1749 3021 --
1758 2995 1859 3043 Furit
