2023 3162
248 49 327 81 214
615 28 1484 70 M.V1TRuv11P01„t10izrs

245 103 324 139 vim
344 97 519 151 ponderis
532 106 733 135 momento
752 93 939 131 deducens
952 119 960 135 ,
984 93 1060 131 fine
1079 91 1331 134 vehementia,
1347 95 1524 141 molliter,
1539 96 1586 134 ab
1603 98 1685 135 imo
1696 97 1835 136 sursum

243 155 384 193 versum
404 154 528 204 egredi
540 153 652 201 cogit.
691 149 1035 201 Qeinadmodum
1048 150 1162 187 etiarn
1175 151 1274 187 navis
1284 151 1459 189 onerariae
1473 155 1641 192 maximae
1653 153 1837 203 guberna-

245 222 321 255 tor,
341 210 403 257 [d]
414 210 536 248 ansam
549 206 788 259 gubernaculi
806 214 946 246 tenens,
957 205 1063 254 quod
1076 207 1130 251 [e]
1140 202 1220 256 οἴαξ
1230 205 1249 242 a
1260 205 1398 244 Gtaecis
1409 209 1612 258 appellatur
1622 239 1632 255 ‚
1642 221 1714 247 una
1724 222 1835 248 manu

242 277 448 305 momento
466 278 529 316 per
541 263 655 301 centri
666 262 851 299 tationem
863 259 1105 312 pressionibus
1117 263 1201 299 attis
1213 263 1370 311 agitans,
1390 263 1502 301 versat
1514 275 1597 302 eam
1607 264 1838 315 amplissimis

246 321 521 359 &immanibus
532 319 664 356 mercis
679 317 716 354 δε
728 328 843 367 penus
853 317 1082 367 ponderibus
1094 327 1285 355 oneratam
1300 347 1310 363 ‚
1334 315 1409 369 [f]
1422 318 1567 368 ejusque
1578 322 1659 358 vela
1668 332 1756 359 cum
1768 321 1837 359 fint

247 389 312 428 per
330 376 565 415 altitudinem
579 373 743 411 mediam
763 372 850 409 mali
862 372 1062 422 pendentia
1072 402 1082 417 ‚
1106 384 1187 411 non
1200 373 1319 423 potest
1330 373 1464 412 habere
1475 376 1573 412 navis
1586 376 1746 414 celetem
1759 389 1838 414 cur-

247 432 347 469 sum:
375 435 453 484 [g]
479 441 567 468 cum
577 439 702 467 autem
711 430 748 466 in
758 427 906 466 summo
917 430 1297 467 cacumineantennae
1307 428 1491 468 subduCtae
1503 429 1586 468 sunt
1595 460 1604 475 ‚
1626 441 1717 469 tunc
1728 432 1838 470 vehe-

247 489 423 525 mentiori
445 485 676 537 progreditur
686 486 846 535 impetu,
867 485 971 533 quod
985 496 1062 522 non
1074 487 1246 535 proxime
1265 486 1410 523 calcem
1430 487 1539 530 mali,
1560 486 1667 536 quod
1685 485 1836 526 estloco

249 544 365 580 centri
381 541 458 586 ‚sed
471 544 507 578 in
521 540 866 590 stimmo,longius‚
886 541 923 578 ὅ(
943 541 987 578 ab
1006 552 1054 578 eo
1071 540 1255 591 progressa
1273 543 1505 592 recipiuntin
1525 541 1559 580 se
1580 543 1660 580 vela
1669 553 1833 581 ventum.

246 599 377 646 Itaque
397 598 451 634 uti
463 598 577 635 vestis
598 596 664 635 sub
676 608 790 634 onere
804 594 983 642 subjectus
995 626 1005 641 ‚
1016 596 1039 634 si
1049 608 1114 646 pet
1127 597 1291 634 medium
1303 599 1491 647 premitur,
1507 598 1636 635 durior
1644 598 1707 644 est,
1719 610 1840 647 neque

247 654 453 691 incumbit:
476 665 565 691 cum
585 663 710 691 autem
723 662 835 704 caput
847 653 921 700 ejus
941 651 1127 690 summum
1147 652 1366 700 deducitur,
1384 653 1540 692 faciliter
1558 665 1654 692 onus
1675 655 1840 692 extollit:

1715 709 1842 747 simili-

1303 806 1351 834 Sed
1360 806 1421 835 illud
1431 807 1645 845 praetereundum
1654 816 1707 834 non
1718 805 1844 841 arbitror,

681 849 807 878 Statera.
1259 847 1366 887 aginam
1377 868 1384 879 ,
1404 848 1421 875 fi
1430 847 1561 875 credimus
1572 847 1701 886 Pompeio
1713 867 1720 880 ‚
1732 843 1783 875 effe
1793 856 1845 885 qua

1259 887 1379 917 inseritur
1390 887 1479 927 scapus
1498 888 1606 916 trutinae
1617 909 1624 920 ‚
1645 888 1671 916 id
1682 888 1718 916 est
1729 908 1736 919 ,
1751 887 1778 915 in
1790 897 1845 926 quo

1260 926 1392 957 foramine
1412 930 1509 957 trutina
1517 928 1541 957 se
1555 930 1643 957 vertit.
1664 930 1702 957 Ea
1714 929 1843 967 interpre-

1261 970 1328 998 tatio
1338 969 1355 997 fi
1366 969 1460 998 vitiosa
1468 980 1521 997 non
1532 971 1577 1000 est,
1588 979 1667 1008 quarn
1680 979 1739 997 vcra
1748 969 1786 999 fit.
1795 979 1847 1007 pu-

1261 1019 1292 1038 ro
1310 1011 1505 1039 aestimandum.
1527 1012 1597 1039 Nam
1617 1009 1706 1049 scapus
1726 1011 1751 1037 in
1772 1008 1845 1037 fora-

1260 1060 1322 1079 men
1333 1051 1441 1080 insertus
1452 1051 1593 1091 quomodo
1601 1051 1700 1079 sursum
1710 1051 1846 1078 deorsum-

1261 1102 1291 1120 ve
1300 1093 1343 1131 agi
1363 1101 1442 1131 queat
1463 1091 1600 1131 (quisunt
1611 1092 1709 1131 proprii
1726 1091 1845 1119 trutina-

1258 1142 1318 1161 rum
1337 1135 1449 1168 motus)
1468 1143 1523 1161 non
1543 1133 1629 1160 video·
1652 1131 1845 1171 Qamobrem

1259 1183 1293 1201 eo
1303 1174 1413 1202 nomine
1422 1173 1509 1202 ansam
1520 1193 1528 1203 .
1548 1173 1621 1211 quod
1631 1174 1656 1200 in
1669 1174 1769 1201 vetusta
1779 1182 1847 1200 aerea

1259 1215 1351 1243 statera
1364 1235 1371 1247 ‚
1391 1224 1471 1253 quam
1492 1214 1662 1242 florentinus
1681 1211 1781 1242 aurifex
1801 1212 1844 1241 hic

1259 1254 1373 1283 ostendit
1386 1276 1392 1288 ‚
1410 1256 1436 1282 in
1453 1253 1552 1283 annulo
1571 1253 1677 1292 scapum
1689 1254 1758 1282 verti
1778 1263 1845 1282 con-

1255 1295 1445 1334 speximus.aut
1456 1295 1522 1323 ansae
1532 1294 1840 1327 axiculunnfibulamve,

1259 1337 1446 1377 intelligimus.
1465 1336 1533 1366 Vide
1547 1335 1770 1364 Monantholium
1781 1345 1843 1375 pag.

1260 1387 1323 1412 ¹47-
1333 1382 1357 1407 δι
1368 1377 1440 1416 seqq.

1301 1418 1331 1454 d]
1351 1418 1434 1447 Idem.
1457 1420 1499 1447 De
1509 1417 1693 1459 gubernaculo
1713 1416 1843 1456 quaeritur

1257 1459 1326 1498 apud
1344 1459 1515 1488 Aristotelem
1531 1459 1712 1489 mechanicas:
1724 1458 1848 1496 quaestio-

1259 1510 1291 1528 ne
1303 1511 1326 1528 v.
1348 1499 1568 1529 Gubernaculurn
1587 1501 1673 1529 vicem
1693 1499 1775 1528 vestis
1794 1508 1845 1538 ge-

1258 1541 1303 1573 rit,
1315 1551 1385 1569 mare
1397 1541 1484 1569 oneris
1495 1562 1502 1572 ,
1512 1541 1629 1570 cardines
1640 1542 1666 1569 in
1676 1539 1774 1579 quibus
1786 1549 1847 1568 ver-

1258 1582 1323 1610 titur
1335 1582 1546 1622 gubernaculum
1567 1580 1756 1622 hypomochlii
1767 1601 1773 1611 ,
1794 1590 1848 1619 gu-

1258 1621 1383 1650 beruator
1394 1623 1517 1650 motoris.
1532 1623 1602 1651 Haec
1614 1623 1669 1651 ille.
1688 1621 1845 1649 Aristoteles

1258 1663 1435 1692 mechanicassn
1449 1663 1614 1702 problemate
1634 1674 1649 1691 v
1661 1673 1681 1691 r.
1700 1661 1844 1690 secundum

1256 1703 1403 1732 editionem
1415 1703 1613 1732 Monantholii:
1627 1706 1665 1733 ’ri
1676 1700 1790 1733 πηδαλιέ
1800 1699 1843 1728 al»-

1257 1741 1350 1780 νσῖμῐως
1367 1742 1454 1776 eda-iou,
1474 1745 1491 1772 Ε
1511 1743 1638 1779 &nimau
1657 1741 1793 1780 ωξςέξχεοῧζ
1810 1742 1842 1771 ⁶35

1257 1783 1380 1815 rz’vewn'or
1391 1783 1417 1812 τιῗ
1429 1787 1522 1816 maior,
1535 1781 1579 1822 niu}
1591 1786 1612 1811 ’θ
1622 1779 1705 1813 κάπης
1715 1780 1838 1810 πλείτίω.

1257 1827 1287 1853 Id
1299 1826 1352 1857 est;
1376 1825 1548 1852 Gubernacuh'
1561 1825 1674 1861 potentiae
1691 1822 1767 1857 causa
1778 1841 1784 1852 ,
1805 1818 1839 1851 (5¹

1256 1865 1323 1904 quod
1332 1867 1468 1901 navigium
1485 1866 1568 1901 magis
1579 1866 1605 1890 in
1621 1865 1776 1891 contrarium
1782 1869 1843 1899 pro-

1257 1906 1331 1933 cedat
1341 1914 1421 1943 quam
1431 1906 1494 1931 remi
1506 1903 1631 1940 palmula.

244 1945 271 1981 e]
308 1943 456 1972 Philander.
479 1944 767 1973 Gubernaculisumma
779 1955 836 1984 pars
848 1966 854 1977 ,
867 1956 945 1984 quam
954 1946 1042 1974 ansam
1052 1945 1189 1973 Vitruvius
1201 1946 1334 1977 nominat,
1345 1944 1398 1981 alaz}
1406 1944 1512 1973 dicitur.
1529 1945 1637 1972 austere
1650 1943 1719 1970 lulio
1731 1943 1841 1971 Polluce

285 1986 472 2012 onomasticcan
484 1985 530 2012 lib.
540 1995 559 2013 1.
572 1995 626 2023 cap.
641 1997 666 2016 9.
687 1995 838 2023 quanquam
850 1985 966 2022 &ipsum
987 1995 1077 2013 totum
1089 1985 1300 2025 gubernaculum
1312 1995 1344 2012 co
1354 1984 1463 2012 nomine
1475 1984 1589 2024 intelligi
1601 1984 1684 2022 potest
1697 2004 1704 2014 ,
1723 1984 1762 2012 vel
1775 1984 1840 2011 teste

287 2024 398 2053 Thoma
409 2026 550 2065 Magistro,
562 2025 608 2053 lib.
618 2026 650 2053 de
661 2025 823 2053 dictionibus
836 2027 944 2053 Atticis.
967 2026 1053 2053 media
1063 2035 1120 2063 pars
1136 2023 1218 2062 φθεὶξ.
1232 2034 1276 2052 aut
1289 2025 1344 2062 ῥιζκ
1356 2045 1363 2055 ,
1383 2033 1428 2053 aut
1438 2023 1568 2062 κέπέζωμφ
1580 2032 1700 2052 vocatur.
1722 2033 1843 2053 extrema

286 2063 419 2103 π’]εξιίγω.
431 2066 502 2103 quod
514 2066 645 2104 reliquum
655 2067 700 2098 est,
712 2064 966 2104 wizh‘appellatur.

237 2105 274 2142 f]
304 2105 387 2133 Idem.
407 2107 480 2144 Lege
489 2108 661 2144 quaestionem
672 2115 710 2134 vr.
722 2105 901 2133 mechanicam
914 2105 1070 2134 Aristotelis.
1090 2106 1176 2134 Malus
1189 2106 1219 2133 lit
1237 2106 1329 2134 vestis.
1351 2105 1411 2133 mali
1432 2105 1500 2133 sedes
1512 2124 1520 2135 ,
1537 2105 1562 2133 id
1573 2105 1620 2137 cst,
1645 2102 1757 2135 ἑᾹΣλιον,
1779 2106 1844 2133 Ari-

282 2146 413 2173 stote-lies}
431 2145 655 2184 hypomochlium
670 2147 821 2179 5Vitruvio.
832 2147 907 2183 iplius
920 2147 979 2174 mali
991 2146 1057 2174 calx.
1070 2147 1207 2186 navigium
1219 2147 1330 2185 pondus.
1348 2146 1451 2184 spiritus
1465 2167 1471 2179 ‚
1488 2146 1533 2184 qui
1545 2147 1601 2174 vela
1612 2147 1697 2174 tendit
1707 2167 1713 2179 ,
1735 2147 1769 2174 est
1781 2156 1842 2174 rno-

285 2194 338 2214 tor.
361 2185 489 2214 Vclorum
500 2197 598 2226 genera
609 2187 688 2214 tradit
700 2186 869 2214 Ilidoruslib.
880 2187 1099 2226 etymologarrx.
1110 2196 1166 2225 cap.
1182 2191 1204 2220 32
1219 2187 1263 2215 ista
1273 2183 1340 2218 effe,
1357 2188 1462 2214 acation
1475 2207 1481 2217 .
1501 2187 1660 2224 epidromon
1673 2208 1680 2218 ,
1700 2186 1841 2219 dolonem,

283 2235 462 2259 artemonem,
475 2226 595 2266 siparum.
606 2231 629 2255 δε
643 2227 805 2255 mendicum.
830 2228 946 2254 Acation
958 2227 1046 2255 velum
1054 2223 1107 2254 effe
1119 2228 1153 2254 ait
1167 2227 1323 2259 maximum,
1337 2231 1361 2255 δε
1373 2228 1400 2254 in
1412 2227 1497 2255 media
1510 2229 1568 2255 navi
1581 2229 1767 2262 constitutum.
1779 2228 1843 2265 Epi·

283 2266 398 2293 dromon
410 2266 527 2295 secundm
539 2265 589 2295 effe
599 2268 803 2307 magnitudinis,
816 2266 857 2295 sed
867 2268 898 2295 ad
910 2268 1029 2306 puppim.
1052 2267 1189 2295 Dolonem
1201 2268 1351 2298 minimum.
1366 2271 1389 2296 3<
1400 2268 1430 2295 ad
1443 2277 1547 2306 proram
1557 2267 1684 2296 defixum.
1708 2271 1841 2295 Artemo-

283 2316 356 2336 nem,
369 2315 397 2333 ut
408 2307 461 2333 dixi
472 2329 477 2339 ‚
488 2308 632 2347 dirigendae
641 2309 714 2336 navis
725 2309 812 2346 potius
824 2307 897 2336 causa
907 2308 1126 2336 commendatum
1134 2319 1214 2345 quarn
1226 2309 1378 2336 celeritatis.
1390 2310 1519 2347 Siparum,
1532 2306 1613 2336 unum
1622 2309 1715 2346 pedem
1728 2307 1837 2341 liabens,

283 2355 339 2384 quo
349 2347 432 2382 juvari
442 2349 545 2387 navigia
556 2348 639 2376 solent
651 2349 677 2375 in
688 2350 859 2388 navigatione
871 2368 877 2378 ,
897 2349 1002 2387 quoties
1012 2349 1050 2377 vis
1062 2350 1134 2376 venti
1145 2348 1300 2389 languescit.
1322 2349 1479 2377 Mendicum
1490 2369 1496 2381 ,
1507 2349 1569 2387 quid
1579 2349 1609 2377 lit
1621 2370 1627 2382 ,
1647 2359 1701 2377 non
1712 2348 1838 2387 explicat.

285 2389 380 2415 Sextus
392 2397 456 2414 vero
466 2390 605 2426 Pompeius
616 2389 648 2416 de
657 2399 690 2416 eo
699 2390 732 2417 lic
742 2388 833 2421 tradit,
845 2389 1004 2417 Mendicum
1015 2389 1068 2417 dici
1079 2398 1173 2428 putant
1184 2389 1281 2421 velum.
1295 2389 1367 2427 quod
1376 2390 1401 2417 in
1414 2399 1491 2427 prora
1502 2390 1618 2427 ponitur.

238 2429 272 2465 g]
307 2427 392 2455 Idem.
415 2430 478 2456 Non
489 2428 601 2456 dubium
613 2430 647 2456 est
659 2450 664 2460 ‚
684 2430 748 2468 quin
761 2429 789 2457 lit
799 2429 943 2469 legendum
953 2429 1097 2462 subduCtae5
1108 2439 1136 2458 ut
1148 2428 1274 2458 referatur
1285 2431 1316 2457 ad
1326 2438 1456 2457 antennae.
1479 2431 1559 2461 Cum,
1570 2430 1657 2468 inquit
1669 2450 1676 2462 ‚
1696 2430 1722 2458 in
1733 2429 1838 2458 summo

283 2468 346 2495 mali
358 2470 496 2497 cacumine
508 2468 640 2497 subdut‘Jtae
651 2468 708 2497 sunt
718 2479 851 2502 antennae;
861 2470 984 2503 non,vel:i
994 2470 1119 2498 subdue‘ta
1129 2471 1155 2498 in
1167 2471 1304 2498 cacumine
1313 2479 1442 2497 antennae.
1455 2470 1497 2497 Est
1507 2479 1596 2498 autern
1606 2479 1721 2499 antenna
1732 2471 1837 2510 lignum

279 2509 306 2535 in
318 2508 492 2537 transversum
505 2510 566 2537 mali
587 2509 700 2547 politum
715 2531 721 2542 ,
741 2511 810 2537 unde
828 2511 925 2548 pendet
937 2511 1034 2539 velum.
1057 2511 1145 2538 Graeci
1165 2511 1268 2546 nsgyi'aw
1284 2511 1386 2538 dicunt.
1409 2510 1597 2539 Artemidorus
1617 2511 1687 2539 libro
1707 2512 1794 2550 primo
1802 2511 1836 2538 de

281 2549 500 2587 interpretatione
509 2549 673 2577 somniorum
683 2550 787 2577 videtur
798 2550 937 2587 langaran
948 2548 1096 2590 appellasse.
1108 2551 1226 2579 Valerius
1238 2551 1344 2579 Flaccus
1355 2550 1401 2578 lib.
1415 2560 1435 2578 ι.
1449 2552 1702 2590 Argonauticain,&
1715 2554 1837 2580 Lucanus

280 2589 352 2617 libro
360 2600 428 2618 vrri.
440 2594 463 2619 δε
473 2601 498 2618 x.
519 2600 586 2618 vote
598 2593 691 2618 Graeca
702 2589 830 2618 ceruchos
841 2600 937 2618 vocant
949 2612 955 2624 ,
978 2592 1051 2629 quod
1061 2601 1160 2619 cornua
1171 2591 1292 2619 habeant.
1319 2591 1482 2629 Α’κξοκὲρᾳιω
1491 2601 1581 2619 autem
1591 2591 1650 2620 sunt
1660 2601 1838 2622 antennarum

281 2639 410 2658 eXtremae
420 2640 516 2669 partes.
537 2633 560 2658 A
572 2631 739 2659 Tertulliano
751 2630 795 2659 lib.
809 2632 891 2658 tertio
901 2631 1021 2659 adversus
1041 2633 1210 2659 Marcionem
1231 2641 1330 2660 cornua
1341 2640 1488 2662 vocantur,
1509 2633 1548 2660 uti
1559 2641 1619 2660 ante
1630 2632 1644 2660 a*
1664 2632 1779 2671 Virgilio
1791 2632 1839 2658 ΑΞ-

281 2671 408 2698 neuim.
428 2672 568 2699 Malivero
580 2673 622 2707 (ut
635 2671 659 2699 id
679 2671 772 2699 addam
784 2681 816 2699 cx
835 2671 979 2699 Macrobio
999 2672 1208 2699 Saturmliorum
1228 2672 1307 2699 lib-v.
1321 2670 1525 2710 )'p.1rsinferior
1546 2682 1656 2710 pterna:
1674 2682 1731 2710 pars
1748 2671 1836 2700 media

278 2709 431 2738 trachelon:
454 2722 510 2750 pars
522 2711 621 2740 fumun
631 2711 782 2739 cdrcliefion
790 2712 864 2739 dicit.
891 2712 988 2739 Eadem
1000 2711 1102 2750 prorsus
1114 2711 1170 2739 sunt
1181 2713 1247 2751 apud
1267 2713 1429 2741 Atlienaeum
1438 2712 1484 2739 lib.
1497 2722 1538 2740 xt.
1549 2723 1580 2740 ex
1591 2712 1742 2751 Asclepiade
1755 2713 1837 2751 Myr-

280 2749 366 2777 leano.
391 2754 506 2780 Galenus
517 2754 723 2780 Commentario
734 2752 766 2780 de
778 2752 896 2780 articulis
908 2753 987 2780 tertio
998 2753 1078 2780 tradit
1089 2773 1096 2783 ,
1115 2752 1137 2783 >5-
1146 2751 1198 2784 ι’ςὲν,
1211 2753 1237 2781 id
1248 2753 1283 2781 est
1292 2774 1299 2786 ,
1311 2753 1409 2781 malum
1421 2753 1494 2780 navis
1503 2773 1509 2784 ‚
1530 2753 1678 2780 maximum
1688 2762 1767 2791 atque
1780 2763 1836 2781 ere-

280 2789 354 2817 Ctuin
365 2792 474 2831 tignum
486 2790 538 2820 effe
547 2814 553 2824 ,
573 2794 615 2821 cui
626 2792 730 2821 summo
740 2792 931 2831 superpolitum
944 2794 979 2821 est
990 2792 1095 2833 liguum
1106 2792 1287 2825 transversum,
1301 2792 1315 2823 ὲ
1326 2804 1380 2832 quo
1388 2792 1550 2831 suspenditur
1561 2793 1649 2821 velum
1660 2814 1666 2825 ,
1689 2793 1715 2820 id
1725 2794 1770 2825 est,
1783 2794 1837 2821 lin.

282 2838 356 2857 teum
368 2851 374 2862 ,
396 2832 467 2869 quod
477 2831 491 2860 ὲ
505 2834 589 2861 ventis
602 2834 706 2861 inflatur
719 2854 726 2865 ,
744 2833 847 2862 difium
858 2833 920 2863 ι’ςὶσν.
942 2834 1024 2862 Funer
1034 2843 1124 2862 autem
1134 2834 1160 2861 in
1171 2833 1276 2861 summo
1289 2835 1358 2862 malo
1369 2832 1498 2871 »(μξχησέκς
1512 2834 1653 2860 nominari.
1674 2835 1708 2861 Et
1727 2834 1752 2861 in
1764 2834 1835 2862 libro

279 2868 496 2938 delHippocratis
509 2873 645 2903 vocabulis
659 2875 705 2908 ait,
717 2882 838 2903 antennae
849 2874 1030 2904 summitatem
1042 2874 1132 2913 π’ςῖρον
1144 2875 1292 2910 nominari,
1304 2879 1328 2904 ἃ
1338 2871 1453 2913 πξθβῖδὶ
1463 2873 1586 2902 aldem&
1597 2874 1657 2903 inde
1667 2874 1693 2903 5¹¹
1702 2873 1836 2903 summum

280 2919 312 2938 ν(
326 2920 370 2938 um
379 2921 574 2950 pervenientes.

1698 2957 1728 2992 h]
1752 2955 1836 2985 Idem,
