2023 3162
710 18 896 58 Paris
970 17 1227 57 PrttMA-
1706 32 1753 66 17

164 92 252 130 duas
266 89 375 129 dabat
384 87 560 138 gradibus
574 116 584 134 ,
606 87 644 125 δε
656 84 742 125 duas
753 86 1000 126 vacuitatibus
1012 115 1023 132 ‚
1041 97 1121 135 quae
1131 83 1366 123 omnesuum
1376 84 1504 123 lumen
1518 86 1753 138 accipiebant

167 146 188 183 ὲ
199 147 374 197 superiori
385 156 505 196 parte,
525 155 636 193 atque
648 142 774 181 hocin
783 143 950 194 perfeetis
960 143 1130 181 ovalibus
1142 141 1191 179 est
1202 153 1299 192 opus
1309 140 1522 191 magistrale.

218 209 270 241 De
282 203 462 239 Fumarn's.
483 199 609 237 Inhoc
620 197 782 245 subjeeto
795 199 874 236 Itali
887 200 970 249 (qui
979 197 1252 247 valde'frugales
1262 196 1442 235 instruunt
1453 196 1579 244 focos)
1593 197 1749 238 fortassis
1784 204 1787 206 ’

161 256 262 295 haud
273 258 407 309 optimi
418 256 496 294 sunt
508 254 702 293 consiliarii
712 275 722 302 3
740 265 966 305 quapropter
974 255 1099 305 potius
1110 253 1157 290 ab
1167 254 1210 290 iis
1221 252 1335 290 discas
1347 279 1355 293 ‚
1378 255 1509 303 partim
1522 253 1745 292 constituere

159 313 313 363 pulchra
322 312 380 351 fro
386 312 461 349 ntis
454 313 549 362 picia
570 307 750 360 (Anglice
761 308 925 358 mantcls)
943 311 1039 348 intra
1049 309 1241 348 conclavia
1253 333 1260 348 ‚
1274 310 1409 360 partim
1427 309 1574 347 venuste
1585 309 1743 348 educere

158 368 258 406 foras
268 369 516 406 fumariorum
534 367 639 416 gulas
658 367 766 404 variis
782 365 930 405 formis,
955 375 996 402 ut
1016 365 1207 416 usurpant,
1231 365 1276 401 de
1295 364 1427 414 quibus
1447 377 1553 415 agam
1564 366 1601 402 in
1623 366 1739 416 poste-

156 426 254 461 riore
265 435 365 475 parte
376 425 449 461 mei
459 424 598 473 operis,
628 423 665 458 &
675 421 818 470 reliqua
828 431 954 471 petam
967 420 988 458 a
1009 417 1162 472 Phtlzppo
1178 417 1219 457 de
1236 417 1257 456 l’
1270 426 1370 458 orme
1380 422 1416 457 in
1427 419 1496 458 hac
1505 430 1607 472 parte
1617 424 1740 472 operis

154 482 206 518 sui
218 482 336 529 magis
345 479 524 530 diligenti,
538 488 653 527 quam
662 477 699 514 in
712 478 861 517 caeteris,
873 487 945 517 aut,
954 486 994 514 ut
1006 475 1069 527 ipsi
1081 475 1242 515 tribuam
1261 475 1280 512 s
1277 487 1382 521 uum,
1392 478 1508 527 magis
1519 489 1636 527 quam
1648 478 1743 528 quis.

156 547 271 588 quam
281 536 380 572 alius.

210 593 373 628 Primum
392 587 559 626 observat
577 586 685 626 valde
699 587 818 626 sobrie
831 617 842 634 ‚
864 588 967 626 illum
986 588 1051 638 qui
1070 589 1107 625 in
1126 586 1364 637 dispositione
1382 590 1533 636 alicujus
1555 588 1737 629 strueturae

155 646 437 684 consideraverit
445 654 614 682 naturam
624 645 821 693 Regionis,
835 645 872 682 ὃς
883 654 1016 681 ventos
1027 646 1090 693 qui
1100 644 1293 681 ordinario
1302 640 1457 693 perflant
1468 645 1513 681 ab
1522 644 1593 682 hac
1604 656 1668 683 aut
1678 647 1737 684 illa

153 713 254 754 parte
264 731 274 747 ,
285 701 386 752 poss'e
406 699 596 737 conclavia
614 700 663 736 ita
684 700 854 737 ordinare
865 728 875 744 ,
887 709 928 736 ut
937 711 1069 750 parum
1087 700 1328 736 incommodi
1342 701 1496 749 patiatur
1515 700 1534 737 a
1545 700 1672 748 fumo;
1695 705 1735 740 &

155 768 348 809 propterea
357 756 533 806 opinatur
552 753 628 791 hoc
638 754 930 793 incommodum
949 765 988 792 ut
1000 755 1206 805 plurimum
1219 755 1308 791 oriri
1325 755 1372 791 ab
1382 756 1607 804 imprudenti
1616 757 1738 794 initio.

154 814 235 851 Aut
245 812 269 850 si
280 824 357 850 non
370 811 410 849 sit
421 820 580 848 erratum
592 812 631 846 in
643 809 881 861 dispositione
891 840 902 856 ,
914 809 1019 847 sedin
1031 809 1102 860 ipsa
1112 809 1296 848 struitur&
1311 819 1399 846 tunc
1413 810 1562 848 instituit
1574 813 1736 862 logicam

151 867 458 918 disquisitionem:
481 874 633 904 ventum
645 877 709 904 aut
727 867 886 904 nimium
905 865 1054 904 admitti
1072 866 1109 902 in
1120 864 1271 902 summo
1281 864 1327 902 ad
1346 864 1533 903 orificium
1552 865 1623 904 sive
1635 879 1735 905 nares

151 923 295 968 fistulae,
314 933 375 961 aut
386 922 533 959 furnum
552 921 873 973 constipariinfra:
893 920 944 959 sin
956 921 1095 959 horum
1115 920 1281 965 nihilsit,
1298 931 1391 958 tunc
1408 921 1457 958 est
1469 920 1627 972 repulsio
1641 921 1735 960 fumi

151 980 196 1016 ab
207 980 327 1017 altiori
345 989 478 1016 monte
489 987 551 1014 aut
561 976 698 1015 fabrica
707 1009 717 1027 ,
737 990 818 1028 quae
829 977 999 1028 superant
1013 977 1160 1014 fumarii
1176 977 1301 1014 fauces
1311 978 1349 1014 ὃ(
1360 987 1560 1027 operantur
1570 976 1639 1014 hos
1650 977 1736 1015 effe-

150 1036 237 1072 stuS.
269 1036 308 1072 Si
319 1045 439 1083 neque
450 1032 525 1070 hoc
535 1032 658 1078 fuerit,
670 1044 749 1071 tum
760 1033 968 1078 concludit,
982 1033 1114 1071 locum
1127 1033 1191 1081 qui
1204 1032 1397 1071 infestatur,
1410 1032 1611 1070 neceffario
1623 1034 1735 1071 nimis

147 1090 216 1128 efl'e
227 1090 421 1140 angustum
443 1090 480 1126 δε
503 1087 665 1126 clausum
676 1118 686 1133 ‚
706 1090 757 1127 ita
778 1100 817 1126 ut
828 1089 953 1126 fumus
965 1100 1045 1127 non
1063 1087 1176 1140 possit
1194 1088 1317 1138 egredi
1334 1099 1399 1138 per
1410 1089 1576 1126 naturale
1599 1089 1736 1140 princi-

145 1148 261 1197 pium,
277 1157 405 1183 carens
416 1143 645 1182 successione
657 1144 693 1182 &
705 1143 967 1195 supplemento
979 1145 1070 1183 novi
1080 1145 1188 1180 aeris.

200 1202 316 1239 Porro
328 1202 366 1238 in
377 1200 473 1238 hisee
484 1199 623 1237 casibus
637 1228 646 1244 ,
668 1199 824 1250 suggerit
843 1199 979 1237 diversa
991 1198 1184 1237 artificiosa
1203 1199 1387 1237 remedia:
1409 1210 1575 1248 quorum
1595 1201 1658 1237 uni
1671 1201 1733 1237 tri-

145 1257 258 1294 buam
271 1256 422 1294 brevem
442 1255 748 1307 descriptionem,
773 1257 859 1305 quia
877 1257 1021 1293 redolet
1042 1253 1321 1305 Philosophiam
1332 1280 1340 1294 ‚
1364 1257 1401 1292 &
1414 1256 1460 1293 ab
1472 1253 1550 1304 ipso
1571 1255 1734 1292 Vitruvio

146 1314 306 1362 tangitur
322 1313 383 1350 lib.
404 1323 418 1348 1
427 1339 435 1347 .
456 1322 538 1362 cap.
550 1318 586 1349 6.
605 1309 664 1348 sed
685 1311 731 1348 ab
751 1311 828 1349 hoc
848 1311 1004 1349 authore
1023 1309 1211 1361 ingeniose
1233 1312 1438 1361 applicatur
1457 1310 1501 1349 ad
1519 1310 1733 1361 praesentem

144 1368 192 1406 us
185 1380 261 1405 um.
294 1367 385 1406 Vult
403 1378 473 1404 nos
493 1378 710 1417 comparare
729 1367 819 1405 duas
840 1378 955 1404 aeneas
977 1378 1163 1405 concavas
1182 1367 1274 1417 pilas
1286 1395 1297 1412 ,
1316 1365 1479 1404 modicae
1500 1367 1731 1416 capacitatis,

143 1435 231 1461 cum
242 1423 380 1472 exiguis
393 1422 639 1461 foraminibus
650 1425 781 1474 apertis
790 1425 828 1460 in
840 1432 994 1473 utraque
1005 1452 1015 1468 ,
1040 1422 1084 1460 ad
1095 1422 1351 1472 recipiendum
1363 1433 1499 1472 aquam
1510 1450 1521 1466 ,
1540 1422 1624 1460 a'ere
1635 1423 1731 1472 prius

142 1478 339 1517 exhausto:
361 1478 493 1516 harum
505 1490 577 1516 una
598 1479 822 1517 collocanda
841 1491 928 1517 cum
946 1478 1135 1516 foramine
1154 1477 1292 1516 sursum
1307 1477 1411 1529 super
1429 1477 1589 1515 ferreum
1608 1476 1726 1517 filum,

104 1537 108 1541 “
141 1534 245 1584 quod
262 1533 470 1573 transversat
481 1533 684 1572 fumarium
696 1564 705 1579 ,
721 1537 872 1585 paulum
883 1535 986 1586 supra
997 1533 1268 1588 frontispicium
1282 1563 1292 1579 ,
1311 1534 1357 1572 ad
1367 1533 1591 1571 ordinariam
1600 1534 1727 1570 altitu-

141 1591 270 1628 dinem
291 1591 457 1628 acerrimi
476 1591 611 1628 caloris
629 1600 690 1628 aut
709 1590 866 1630 flammae
878 1620 888 1635 ,
915 1591 1021 1635 cujus
1043 1603 1138 1640 aqua
1158 1589 1331 1628 rarefasta
1350 1614 1358 1628 .
1381 1599 1491 1637 arque
1510 1600 1574 1638 per
1593 1587 1726 1626 rarefa-

141 1646 306 1684 &ionem
318 1646 474 1683 resoluta
485 1646 522 1682 in
533 1657 700 1691 ventum,
710 1648 934 1697 erumpet,&
945 1648 996 1683 ira
1007 1648 1119 1696 pellet
1130 1645 1279 1683 fumum
1289 1643 1504 1692 sursum,qui
1514 1644 1600 1680 alias
1608 1641 1727 1693 posset

138 1702 312 1739 retardari
323 1705 359 1738 in
375 1702 504 1750 gula&
518 1700 608 1752 saepe
618 1704 768 1740 reverti:
791 1704 901 1739 altera
915 1730 926 1746 ‚
945 1702 1064 1750 inquit
1075 1726 1083 1740 ‚
1105 1701 1296 1752 possumus
1305 1697 1471 1749 supplere
1486 1698 1618 1735 locum
1630 1699 1727 1748 prlo—

138 1757 185 1795 ris
196 1756 258 1795 ubi
277 1757 445 1794 exhausta
456 1756 585 1796 fuerit,
609 1758 836 1801 autinterea‚
856 1755 986 1806 siopus
1008 1755 1121 1793 fuerit
1136 1785 1145 1800 ,
1163 1755 1296 1792 focum
1313 1752 1570 1791 sufflaminare.
1601 1756 1728 1809 Qam

137 1813 398 1850 inventionem
410 1811 609 1860 interposui
624 1812 670 1848 ad
681 1813 904 1861 aliquantam
923 1811 1088 1848 Lectoris
1100 1810 1406 1857 delcetationcm,
1427 1810 1464 1846 δε
1475 1819 1571 1847 noto
1584 1805 1603 1845 ὲ
1616 1807 1728 1846 Palla·

137 1864 189 1904 dio
203 1897 213 1913 ,
234 1868 425 1917 Antiquos
439 1865 638 1904 calefeciffe
648 1868 842 1905 conclavia
854 1865 914 1903 sua
929 1865 1072 1904 secretis
1092 1864 1312 1916 quibusdam
1321 1863 1444 1902 fistulis
1456 1863 1526 1902 five
1538 1864 1728 1902 canalibus

138 1923 416 1961 traversantibus
429 1923 640 1974 parietes‚&
654 1922 938 1973 perducentibus
952 1922 1116 1959 calorem
1130 1920 1188 1966 (ut
1199 1921 1353 1971 opinor)
1366 1919 1411 1957 ad
1424 1919 1578 1959 diversas
1587 1920 1725 1957 aedium

137 1989 259 2028 partes
270 1977 290 2016 ὲ
302 1979 499 2016 communi
512 1977 634 2026 furn03
648 1989 790 2015 nomen
803 1980 1000 2029 imponam
1010 1978 1080 2014 illis
1093 1978 1226 2015 caloris
1240 1975 1419 2016 ductibus,
1429 1987 1469 2014 ur
1479 1977 1581 2014 venti
1591 1975 1721 2013 ductus

130 2036 175 2078 K&
188 2034 435 2084 aquaeduiffls
446 2033 618 2071 dicuntur
637 2033 932 2082 quiconducnnt
949 2043 1104 2070 ventum
1125 2032 1162 2069 δε
1179 2043 1334 2083 aquam:
1354 2030 1475 2070 fiveid
1487 2030 1722 2068 consuetudi-

137 2091 192 2126 nis
202 2101 263 2127 aut
272 2090 475 2139 voluptatis
486 2088 595 2127 fuerit
606 2116 615 2129 ‚
643 2089 856 2138 frugalitatis
871 2098 969 2126 certe
981 2088 1095 2126 fuit&
1108 2088 1191 2126 usus
1203 2113 1211 2127 ‚
1236 2089 1340 2137 supra
1363 2087 1641 2123 Germanorum
1654 2085 1723 2122 stu-

137 2157 219 2183 vas:
242 2147 279 2183 &
293 2144 498 2194 praeferrem
508 2156 663 2193 quoque
674 2145 803 2183 nostra:
815 2144 1096 2188 consuetudini,
1117 2142 1181 2181 nisi
1191 2145 1284 2193 ignis
1296 2142 1457 2191 aspertus
1469 2142 1631 2190 aliquam
1641 2153 1723 2190 gra-

135 2203 228 2238 tiam
240 2200 483 2237 conclavibus
495 2200 663 2239 adderet,
684 2212 722 2238 ut
743 2201 930 2237 Homerus
942 2211 1013 2236 nos
1025 2200 1138 2236 docet
1155 2198 1220 2234 suo
1232 2196 1334 2234 versu
1347 2192 1523 2245 (2³29st
1534 2193 1556 2248 ἢ
1567 2194 1662 2247 πυρὸς
1672 2212 1724 2244 22·-

136 2253 336 2307 &pw‘np&
350 2251 459 2299 oin&-
474 2247 584 2307 ἱδέοθς.
617 2254 736 2291 Hom.
750 2256 887 2304 Epigr.)
907 2257 971 2304 qui
982 2254 1060 2292 satis
1072 2255 1188 2302 arguit
1198 2253 1304 2290 illum
1314 2263 1394 2290 non
1404 2252 1505 2290 fuiffe
1516 2265 1671 2295 caecum,
1684 2263 1724 2291 ur

139 2312 290 2362 quidam
298 2311 445 2348 volunt.

193 2367 312 2418 QOd
323 2367 452 2404 attinet
462 2364 509 2402 ad
524 2363 660 2402 cloacas
671 2394 682 2410 ‚
694 2364 737 2402 ad
751 2365 971 2404 emittendas
983 2364 1105 2402 sordes
1117 2376 1161 2402 cx
1172 2364 1308 2403 aedibus
1323 2365 1419 2414 (quae
1428 2366 1516 2403 licet
1524 2364 1613 2403 viles
1625 2375 1720 2412 quo-

137 2423 181 2461 ad
194 2424 441 2462 usum‚tamen
451 2421 497 2457 ad
508 2421 755 2458 salubritatem
767 2420 1010 2459 habitantium
1019 2420 1039 2457 s
1033 2431 1100 2458 unt
1110 2420 1363 2465 neccffariae‚&
1375 2420 1471 2457 forte
1482 2422 1597 2470 magis
1606 2430 1722 2468 quam

134 2478 291 2527 reliqua)
313 2479 456 2528 reperio
477 2478 513 2513 in
527 2475 657 2513 nostris
675 2476 887 2514 austoribus
897 2476 976 2514 haec
997 2476 1169 2514 consilia:
1193 2477 1280 2514 Arri
1297 2476 1516 2513 imitandam
1537 2474 1604 2511 effe
1615 2485 1721 2511 natu‘

134 2544 215 2572 ram
227 2536 264 2570 in
275 2533 329 2570 his
339 2532 566 2582 ignobilibus
579 2531 826 2569 conductibus
838 2557 846 2570 ‚
868 2534 905 2569 δε
918 2533 1002 2569 illos
1012 2530 1258 2569 semovendos
1269 2532 1289 2568 a
1300 2531 1376 2568 visu
1396 2530 1476 2577 (ubi
1487 2530 1585 2568 deest
1600 2529 1718 2567 fluens

134 2590 247 2639 aqua)
258 2591 295 2626 in
305 2587 589 2626 remotissimam
609 2586 646 2626 δε
666 2585 919 2625 solidissimam
932 2597 1076 2638 partem
1089 2587 1334 2635 fundationis;
1356 2598 1445 2623 cum
1455 2585 1598 2623 secretis
1610 2585 1631 2622 s
1624 2586 1718 2637 pira-

134 2645 242 2690 culis,
251 2656 334 2694 quae
346 2642 534 2681 transeunt
543 2655 608 2693 per
618 2644 771 2693 parietes
780 2642 886 2680 instar
898 2643 1116 2681 tubulorum
1128 2645 1164 2679 in
1176 2652 1364 2693 patentem
1375 2642 1471 2689 aera3
1488 2640 1525 2677 ὃ(
1535 2641 1581 2679 ab
1590 2643 1717 2678 omni-

134 2700 200 2738 bus
211 2701 311 2737 italis
321 2698 561 2737 structoribus
573 2697 946 2738 commendantur,ad
957 2698 1176 2735 derivandos
1187 2699 1323 2734 noxios
1335 2708 1507 2746 vapores,
1517 2698 1606 2734 licet
1616 2696 1717 2740 alibi,

133 2755 237 2804 quod
248 2755 435 2800 sciam‚vix
447 2752 671 2804 usurpentur.
681 2753 876 2802 Siquidem
886 2755 961 2801 jam
979 2754 1138 2804 expendi
1149 2753 1388 2804 precedentes
1400 2763 1585 2802 aperturas
1598 2751 1717 2801 fingu-

137 2810 238 2848 latim
249 2839 259 2854 ,
271 2810 420 2860 perveni
432 2821 529 2847 nunc
550 2808 595 2846 ad
607 2808 887 2859 dispositionem
898 2811 935 2847 ὅ(
949 2819 1171 2847 contextum
1181 2810 1296 2845 totius
1313 2810 1437 2857 operis
1449 2837 1459 2853 ‚
1472 2810 1536 2857 qui
1547 2819 1719 2858 compre-

137 2863 307 2904 henditur
317 2865 380 2904 sub
389 2866 550 2905 notione
569 2866 847 2918 compartitionbs
858 2877 869 2901 :
881 2877 996 2915 quam
1008 2864 1155 2915 aggredi
1166 2875 1316 2914 nequeo
1335 2861 1483 2915 (utpote
1493 2865 1722 2915 praecipuam

1048 2927 1070 2959 ἦ·
1095 2931 1115 2956 c
1553 2919 1721 2970 partem)
