2023 3162
298 85 760 125 Vocxnvronvn
829 83 1392 124 Vri-Ruvtnnonvn.
1619 99 1667 135 37

89 156 218 194 dicitur
230 182 238 190 .
268 155 473 203 antiquitus
492 154 594 190 enim
613 154 649 190 in
660 154 835 192 tabellam
846 155 1007 192 notanda
1019 154 1322 200 conjiciebantur.
1357 155 1456 192 Hine
1469 153 1489 192 a
1500 155 1663 196 similitu-

89 212 173 248 dine
182 209 355 248 tabellam
367 209 503 246 distam
515 210 549 246 in
562 211 713 258 aquatio
724 221 869 258 organo
879 206 1039 260 putarim
1049 236 1057 249 ,
1083 210 1188 259 quod
1206 212 1243 247 in
1262 222 1304 246 ea
1315 210 1483 249 ordinate
1494 212 1664 262 disposita

86 266 154 303 sint
162 265 346 302 foramina
356 276 420 316 per
432 263 572 304 classes,
590 267 700 301 veluti
709 266 746 300 in
757 264 937 303 indicibus
948 276 1092 304 notata,
1105 278 1171 316 per
1181 265 1353 303 ordinem
1364 266 1559 305 literarum.
1591 270 1661 305 Vel

85 321 172 358 ideo
183 316 286 370 πίναξ
296 332 358 370 per
368 319 682 357 Antonomafiam
696 345 703 359 ‚
725 319 829 369 quod
849 322 944 358 inter
963 322 1105 359 tabulas
1115 347 1123 361 ‚
1148 320 1280 370 quibus
1299 333 1485 370 organum
1505 322 1662 367 constat,

86 376 166 414 haec
180 377 343 413 nobilior
353 375 394 412 sit
404 377 440 413 &
452 377 588 411 caeteris
600 377 715 424 magis
727 377 917 427 praecipua.
1596 397 1599 399 ·

141 433 168 468 P
183 446 202 468 L
217 446 238 468 A
255 444 268 466 s
283 445 308 467 T
326 445 336 468 1
352 445 372 468 c
385 445 419 467 A.
449 430 532 467 Lib.
552 442 563 464 1
576 458 582 464 .
595 441 675 479 cap.
694 443 706 465 1
717 458 724 465 .
744 430 1038 484 Rationisplqsticae
1048 445 1114 468 non
1125 432 1278 485 ignarae.
1306 433 1459 471 Baldus:
1479 433 1661 472 AGraeco

85 488 204 526 verbo
216 483 381 530 wad-Hecu,
390 485 542 533 fingere,
553 483 729 530 formare,
742 485 921 524 habemus
931 483 1079 532 πλαςνίς,
1091 487 1211 531 fictor,
1222 490 1284 537 qui
1295 490 1530 537 argilla‚cera,
1542 492 1661 528 aliave

86 544 238 581 materia
261 542 370 591 sigilla
382 567 391 580 ,
410 552 578 577 rerumve
599 539 850 578 similitudines
867 544 1056 592 exprimit.
1077 544 1175 580 Item
1193 541 1347 587 πλαςτκῆ
1363 557 1417 582 ars
1429 546 1502 594 ipsa
1520 545 1636 584 fistrix
1650 574 1660 589 ,

87 601 193 643 cujus
207 599 465 647 cognitionem
479 596 671 633 Vitruvius
682 597 719 632 in
731 595 798 633 suo
810 596 1007 634 archimeto
1020 624 1028 637 ‚
1051 597 1114 634 etsi
1126 611 1205 636 non
1216 600 1396 636 summam
1409 629 1418 644 ‚
1437 601 1563 638 saltem
1574 601 1660 639 desi-

87 656 189 692 derat
201 653 444 691 mediocrem.
481 656 510 686 C
510 652 714 686 cenationum
723 650 914 695 lacunam,
923 654 985 701 inq
991 654 1043 689 uit
1052 653 1243 691 Philander
1254 681 1261 694 ‚
1279 653 1321 698 d„
1331 668 1540 694 camerarum·
1551 659 1662 693 imum

84 708 202 747 coelum
214 704 391 761 aliquando
404 704 506 757 paulo
515 707 664 742 ornatius
675 707 742 741 erit
750 703 1030 758 dtflz'nguendum
1041 736 1050 751 ‚
1059 707 1290 745 caelandumve
1303 724 1313 745 .-
1323 709 1438 763 figilla
1449 714 1561 752 etiam,
1577 714 1660 748 ima·

79 763 291 818 gu7zcul.eve,
298 761 422 800 reliffis
432 762 470 796 in
478 758 666 813 parietibus
676 759 820 797 aediculis
832 760 949 805 (Italia
959 761 1107 799 nichios
1117 764 1369 814 appelhzt‚credo
1380 764 1469 815 quod
1474 769 1517 803 im
1524 765 1663 804 bricatzts

84 818 216 857 conchis
225 816 332 869 sbleat
341 829 457 854 earum
465 813 624 867 superior
636 825 719 867 pars
731 817 855 853 ornari.
878 814 1030 853 Conchlu
1039 818 1129 853 enim
1139 815 1299 870 Ethrusci
1309 820 1454 857 nichios
1463 824 1656 864 nominant)

84 872 270 913 collocandae
281 900 288 914 ,
311 882 371 909 aut
381 869 602 924 fastigiorum
611 872 795 908 acroteriz‘s.
815 869 857 907 Id
863 871 930 921 fiet
949 885 1015 908 non
1032 871 1100 922 ⁷21ss
1110 871 1263 923 plastices
1278 871 1436 923 beneficio
1449 901 1455 914 ‚
1477 878 1574 923 cujus
1582 875 1661 928 fuit

75 930 210 985 fingere
228 943 272 967 ex
288 928 404 981 argilla
412 924 657 978 Jt'nnlt'tudlizes
669 953 677 965 ‚
697 924 714 963 e
725 923 828 979 gypfi)
838 924 978 964 reddere
987 924 1164 965 hominum
1173 929 1340 981 imagines
1352 955 1359 968 ‚
1382 926 1515 966 rubrica
1525 934 1606 968 item
1616 927 1661 970 ά*

84 996 177 1023 creta
191 1015 200 1031 ,
217 995 254 1022 ut
264 997 307 1021 ex
315 993 383 1035 cap.
401 995 457 1017 12·
472 979 565 1024 lib-3
572 996 603 1024 5.
617 980 704 1018 le.
715 982 904 1018 didicimus.
917 985 1059 1031 th‘rae
1076 985 1183 1019 aetatjs
1194 983 1354 1032 arttfices‚
1369 982 1457 1035 quod
1464 982 1662 1036 hujusmodi

84 1043 123 1080 in
131 1043 347 1093 antiquorum
361 1038 472 1074 rm'm's
484 1038 672 1089 reperiunt,
684 1037 876 1075 stucclmm
888 1038 1065 1091 appelet‚
1079 1031 1150 1076 &a
1165 1039 1350 1076 Hastenus
1363 1040 1565 1078 Philander.
1577 1043 1661 1079 Cae-

85 1108 203 1135 terum
217 1096 311 1133 utilis
323 1093 371 1131 est
383 1105 436 1130 ars
447 1093 538 1129 haec,
553 1092 594 1129 ad
606 1104 806 1144 prototypa
821 1092 919 1142 (quae
931 1095 951 1130 a
962 1094 1093 1130 nostris
1105 1092 1237 1131 modellz
1247 1095 1434 1141 dicuntur)
1449 1106 1533 1134 tum
1543 1097 1661 1134 archi—

83 1153 202 1191 tedis,
219 1161 300 1188 tum
319 1149 493 1187 statuariis
512 1147 728 1196 effingenda.
759 1149 879 1185 Graeci
897 1158 1026 1198 typum
1045 1149 1103 1187 seu
1123 1161 1367 1200 prototypum
1382 1180 1393 1195 ,
1413 1154 1657 1202 exemplarve2

83 1206 372 1260 protoplasticen
383 1206 523 1242 dicunt.
543 1204 638 1240 unde
650 1205 770 1240 Plinio
781 1204 868 1241 teste
880 1204 970 1241 loco
979 1206 1092 1241 citato
1104 1205 1277 1243 babemus
1291 1235 1300 1250 ‚
1312 1206 1512 1244 Archesilai
1528 1219 1659 1257 proto-

83 1264 257 1316 plasticen
267 1263 380 1312 pluris
392 1261 514 1297 venite
524 1258 669 1296 solitam
679 1260 724 1297 ab
734 1259 930 1297 artificibus
941 1260 1022 1309 ipsis
1032 1273 1146 1309 quam
1157 1263 1314 1298 aliorum
1325 1273 1451 1312 opera.
1484 1263 1574 1300 Haee
1586 1264 1658 1300 ille.

84 1321 144 1357 Cl.
165 1316 355 1356 Salmasius
372 1318 410 1354 in
427 1316 541 1352 Solin.
559 1327 571 1350 1
583 1324 672 1361 048.
705 1317 782 1368 Qi
801 1328 843 1352 ex
863 1327 931 1352 aere
949 1315 1080 1353 statuas
1100 1319 1137 1354 &
1160 1316 1257 1365 signa
1274 1317 1456 1355 faciebant
1470 1346 1479 1361 ‚
1501 1319 1660 1356 statuarii

77 1371 224 1428 fufires.
257 1374 333 1424 Q
353 1383 395 1408 ex
415 1371 537 1420 argilla
549 1399 559 1414 ‚
567 1370 722 1420 fideres,
735 1372 863 1409 Graece
881 1368 1030 1419 πλαςαί.
1063 1374 1141 1423 Q
1159 1385 1203 1409 ex
1226 1383 1412 1410 marmore
1425 1402 1434 1418 ‚
1444 1370 1635 1426 sculptores
1647 1401 1657 1414 ‚

84 1431 245 1479 γλυφεῖς.
265 1429 344 1479 Qi
354 1427 465 1475 sigilla
476 1438 518 1463 ex
529 1436 684 1475 argento
696 1428 733 1463 in
745 1426 831 1464 vasis
842 1428 1098 1477 exprimebant
1111 1457 1121 1471 ,
1144 1429 1348 1468 caelatores‚
1371 1429 1497 1465 Graece
1506 1426 1655 1478 πρῶταί.

83 1487 130 1523 Et
146 1498 216 1536 pag
241 1496 255 1520 1
264 1489 356 1524 096.
378 1483 544 1520 Ridiculi
556 1481 634 1519 sunt
645 1483 712 1521 viri
721 1482 821 1520 dothi
831 1485 894 1533 qui
903 1495 984 1522 eam
993 1494 1132 1521 vocem
1146 1484 1159 1531 (
1172 1483 1350 1522 maltham
1365 1485 1376 1531 )
1389 1481 1552 1537 Juvenali
1563 1485 1658 1523 resti-

83 1552 194 1581 tuunt
207 1567 226 1583 ‚‚
237 1552 284 1577 eo
295 1537 395 1577 versu
411 1553 418 1575 :

420 1596 505 1647 Qt'
513 1593 643 1632 maltha
653 1593 765 1648 facies
769 1597 889 1649 pingit
899 1598 976 1635 cito.
1010 1627 1012 1629 .

87 1652 191 1707 Qid
201 1651 300 1689 enim
311 1649 450 1688 maltha
460 1651 505 1688 ad
515 1651 693 1701 picturam
710 1651 796 1690 facit
809 1656 819 1689 ἓ
840 1652 1061 1703 Legendum
1072 1664 1120 1689 eo
1130 1653 1223 1689 loco
1235 1651 1303 1689 effe
1314 1650 1465 1689 constat:

418 1708 504 1760 QZ
512 1705 638 1743 multas
652 1705 765 1759 facies
775 1708 883 1761 fingit
892 1710 966 1747 cito.

82 1763 215 1801 Plastas
226 1763 445 1812 intelligit&
460 1762 554 1799 recte
565 1764 614 1799 ita
624 1763 877 1813 interpretatus
888 1764 937 1801 est
947 1775 1051 1801 vetus
1061 1763 1456 1812 Scholiastes.quorum
1465 1765 1659 1815 proprium

83 1819 133 1856 est
144 1822 220 1856 cito
232 1822 354 1869 plures
363 1818 475 1855 facies
484 1816 636 1867 fingere,
647 1830 734 1867 quas
745 1831 824 1857 uno
836 1819 995 1857 modulo
1008 1831 1049 1856 ac
1060 1830 1151 1869 typo
1164 1820 1386 1869 exprimunt.

140 1876 166 1912 P
182 1889 200 1911 L
214 1888 236 1911 A
251 1888 275 1909 T
289 1886 309 1909 Α
323 1886 347 1909 ,κ’
361 1887 384 1908 o
398 1886 421 1908 N
437 1887 454 1909 E
470 1887 495 1908 s.
529 1873 611 1909 Lib.
622 1887 656 1911 v.
667 1885 746 1923 cap.
762 1886 776 1911 1
789 1886 802 1910 1
812 1903 819 1910 .
850 1879 894 1911 Vt
891 1874 969 1923 stnt
976 1875 1067 1911 inter
1075 1872 1159 1909 duas
1166 1876 1316 1926 porticus
1326 1872 1427 1925 filvae
1437 1884 1496 1912 aut
1509 1874 1662 1926 platano-

84 1943 155 1968 nes.
167 1929 318 1966 Baldus:
340 1929 446 1965 Loca
454 1929 607 1978 platanis
617 1929 663 1965 ad
677 1929 817 1966 delitias
829 1930 968 1967 consita
979 1931 1097 1967 Graeci
1108 1923 1326 1971 πλαζινώνας
1339 1930 1518 1966 dixerunt.
1549 1931 1662 1966 Plata-

85 1998 156 2023 nos
168 1984 325 2022 Athenis
343 1983 442 2021 fuiffe
453 1985 653 2021 celebratas
671 1986 708 2020 in
719 1986 972 2022 ambulatione
985 1985 1198 2022 Academiae
1210 2013 1220 2028 ‚
1239 1985 1347 2021 refert
1366 1985 1500 2021 Plinius
1519 1986 1581 2022 lib.
1601 1997 1613 2020 1
1627 1998 1659 2021 z.

86 2041 218 2077 Latine
229 2040 353 2090 potuit
362 2041 482 2078 dicere
493 2040 687 2089 plataneta‚
701 2041 804 2077 velut
813 2040 969 2077 Laureta
981 2065 989 2079 ‚
1007 2040 1067 2076 sed
1078 2041 1117 2077 &
1128 2040 1247 2078 Graeci
1259 2040 1386 2078 eadem
1397 2039 1515 2077 forma
1534 2040 1663 2089 Daph-

86 2106 206 2132 nonas
219 2123 229 2137 ‚
247 2095 284 2130 id
293 2094 342 2130 est
352 2121 360 2134 ,
382 2097 521 2132 laureta
534 2121 542 2134 ,
565 2107 640 2144 qua
648 2095 865 2132 Platanonas
875 2095 1009 2133 dixere.

142 2151 169 2186 P
186 2163 205 2186 L
220 2162 238 2185 ε
250 2160 274 2185 v
287 2163 308 2186 R
323 2162 333 2185 1
350 2163 374 2184 -r
392 2162 406 2185 1
427 2162 451 2185 t>
466 2163 484 2185 ε
497 2162 524 2186 s,
564 2150 648 2187 Lib.
660 2163 692 2187 x.
720 2162 798 2200 cap.
817 2164 831 2186 1
842 2164 857 2193 3
869 2179 876 2187 .
920 2158 1019 2187 Inter
1038 2147 1188 2187 tabulam
1209 2149 1252 2194 όν
1268 2163 1429 2187 cimonem
1445 2146 1567 2201 regula
1575 2145 1664 2199 stmt

85 2203 285 2256 interpofitae
298 2232 307 2247 ,
325 2201 371 2238 ad
378 2201 519 2239 eundem
530 2201 666 2240 modum
674 2203 797 2254 foratae
809 2230 817 2242 ,
837 2203 953 2246 &oleo
962 2201 1110 2255 fizbac‘i‘ae
1121 2229 1129 2242 ‚
1149 2214 1190 2240 ut
1199 2204 1342 2255 facilius
1360 2204 1575 2255 impellantur
1586 2233 1596 2248 ‚
1617 2202 1661 2246 ὦ*

87 2257 181 2312 rurs
170 2273 207 2295 us
215 2255 380 2309 introrfiu
389 2256 604 2296 reducantur,
616 2271 687 2309 quae
697 2255 1069 2304 obturantiafbramina
1075 2257 1342 2310 pleurjtc'desqae
1350 2259 1569 2310 appellantur.
1582 2259 1663 2296 Bal-

89 2317 177 2354 dus:
191 2318 283 2367 Qae
295 2313 363 2351 fint
373 2311 552 2359 ejussnodi
565 2313 775 2362 pleuritidcs
786 2314 825 2348 in
836 2314 990 2361 aquario
1001 2311 1158 2361 organo,
1167 2313 1354 2364 perspicue
1366 2315 1524 2351 declarat
1535 2315 1644 2352 Vitru
1652 2339 1663 2343 -

89 2374 180 2410 vius.
195 2380 453 2408 verumtamen
465 2380 508 2404 ex
521 2369 597 2412 ejus
606 2367 739 2411 vetbis‚
750 2379 815 2403 cur
824 2368 874 2404 ita
883 2369 951 2404 illae
963 2369 1097 2416 regulae
1108 2368 1283 2408 dicantur,
1294 2381 1370 2406 non
1381 2370 1506 2419 liquet.
1519 2367 1663 2417 ῡπλώρρῖ

90 2429 231 2466 Groece,
245 2426 340 2462 latus
351 2423 594 2467 Latine‚unde
605 2424 769 2475 pleuritis
779 2423 798 2458 a
808 2423 936 2460 nostris
946 2424 1088 2460 lethalis
1099 2425 1252 2461 morbus
1265 2426 1474 2474 appellatur.
1485 2426 1662 2462 Barbarus

89 2494 132 2521 ut
142 2483 261 2519 Graeci
270 2480 443 2517 vocabuli
453 2480 530 2516 vim
541 2480 790 2530 explicarer‚in
799 2479 819 2514 s
814 2489 858 2514 ua
868 2479 992 2515 Italica
1003 2478 1169 2517 versione
1179 2481 1229 2517 ita
1239 2479 1369 2518 scribit:
1378 2493 1394 2516 e
1398 2476 1607 2532 perchestmo
1617 2478 1662 2514 da

89 2537 178 2575 ilari
187 2567 196 2582 ‚
203 2533 284 2589 perc)
294 2534 334 2570 de
344 2531 720 2586 Graecipleurz'tzdz'fimo
730 2532 831 2570 dette.
862 2535 950 2571 Non
961 2535 1167 2572 admodum
1185 2537 1279 2572 mihi
1295 2535 1373 2572 haec
1384 2535 1565 2585 expositio
1576 2546 1660 2583 pro-

90 2594 208 2632 batur.
239 2602 362 2640 neque
375 2591 474 2626 enim
484 2590 619 2639 regulae
630 2588 808 2631 eiusmodi
817 2588 861 2625 ad
871 2590 962 2627 latus
971 2589 1052 2626 sunt
1061 2589 1187 2640 positae
1201 2620 1210 2634 ‚
1223 2590 1247 2627 si
1258 2591 1348 2639 quid
1360 2590 1566 2635 conjectura
1576 2589 1662 2626 affe-

91 2662 198 2700 quor.
223 2648 308 2684 ideo
321 2645 528 2696 pleuritidas
539 2646 731 2697 appellatas
747 2654 840 2694 puto
851 2673 861 2688 ‚
875 2644 980 2694 quod
990 2656 1072 2682 tum
1082 2647 1225 2690 ordine,
1237 2656 1315 2682 tum
1327 2645 1461 2687 forma,
1474 2644 1662 2682 costarum

91 2718 162 2755 prae
173 2705 205 2741 se
215 2703 336 2741 ferunt
347 2702 548 2750 imaginem
563 2730 571 2744 ‚
592 2713 671 2749 qu-:e
683 2700 789 2737 costae
802 2699 822 2736 a
839 2700 976 2737 Graecis
986 2699 1135 2750 πλώραί
1151 2703 1377 2738 vocitantur.
1408 2700 1606 2737 Turnebus
1617 2712 1661 2737 ex

91 2760 236 2798 vetusto
249 2788 258 2803 ‚
282 2768 322 2794 ut
332 2759 380 2793 ait
393 2781 400 2794 ‚
427 2757 560 2793 codice
574 2785 582 2799 ‚
594 2756 766 2793 emendat
777 2758 815 2793 ὅ(
827 2754 1194 2808 restituitplmthides.
1215 2768 1295 2804 quae
1306 2767 1382 2792 vox
1393 2755 1587 2792 laterculos
1598 2756 1662 2793 de-

93 2826 209 2853 notat.
240 2816 333 2851 Sunt
344 2813 445 2850 enim
456 2812 586 2861 regulae
597 2810 666 2848 istae
676 2810 851 2860 oblongis
861 2812 1043 2848 laterculis
1054 2811 1149 2848 haud
1158 2810 1351 2847 absimiles.
1382 2809 1520 2847 Harum
1535 2810 1664 2848 lectio-

95 2882 181 2907 nem
198 2882 311 2919 quarn
322 2869 438 2917 magis
459 2868 618 2919 probem
631 2895 640 2909 ‚
658 2865 793 2903 nescio.
824 2864 997 2914 Utraque
1015 2867 1116 2903 enim
1133 2866 1279 2902 videtur
1296 2877 1374 2902 non
1392 2865 1663 2915 aspernanda&

96 2935 248 2975 utraque
258 2923 470 2977 plausibilis.
501 2922 699 2960 Plintliidas
711 2920 769 2959 seu
781 2921 994 2974 pleuritidas
1012 2921 1117 2961 hasce
1137 2921 1269 2960 Heron
1286 2923 1326 2960 in
1344 2921 1530 2972 Spiritual.
1547 2921 1608 2958 ubi
1619 2921 1665 2957 de

1010 3003 1013 3005 >
1585 2976 1662 3013 hoc
