2023 3162
263 114 314 144 62
672 97 1511 136 Dzsronmrciirxonn

263 172 409 225 plenius
429 169 608 221 explicavi
626 170 663 205 in
682 166 968 204 commentario
991 163 1038 202 dc
1057 164 1201 213 Regno
1221 163 1399 210 Mogoris
1418 161 1478 200 seu
1494 163 1596 203 India
1613 177 1701 208 vera
1712 197 1722 215 ,
1747 179 1858 221 atquc

266 230 380 266 etiam
391 226 436 264 ad
450 225 654 263 Historiam
665 223 885 259 Naturalem
896 218 1286 270 Brasiliae.Qomodo
1298 228 1425 255 autem
1435 219 1609 258 tinE’cores
1617 223 1684 262 illo
1697 235 1858 271 utantur,

266 282 383 334 vulgo
396 283 523 321 notius
533 281 601 320 est,
619 289 734 329 quam
749 288 790 315 ut
801 274 864 314 hic
874 275 1041 328 pluribus
1055 276 1232 326 explicari
1242 275 1388 312 debeat.
1406 273 1505 312 Vide
1517 275 1578 312 Cl.
1590 278 1808 320 salmasium
1818 284 1858 319 in

267 337 692 390 Solinumpag.255.&
712 346 825 377 1332.
1105 333 1108 336 ”
1331 386 1335 391 .

325 398 338 433 I
352 409 376 431 N
390 411 405 432 r
417 407 441 431 v
453 407 477 429 N
493 407 516 430 o
530 404 540 429 1
553 405 570 428 Β
583 404 605 428 ν
616 402 639 428 L
648 403 673 429 v
685 401 726 427 M.
757 389 840 426 Lib.
853 400 884 425 x.
899 398 981 438 cap.
1001 399 1014 424 1
1024 401 1060 426 0.
1086 393 1130 424 In
1143 399 1211 439 qua
1220 382 1382 423 machma
1395 385 1651 435 (hydromyla)
1661 389 1856 441 impendens

266 448 525 503 infundibulum
539 476 548 492 ‚
558 443 801 498 ficbnu'nistrat
820 442 918 480 molis
924 441 1163 492 frumentum.
1193 441 1348 480 Baldus:
1367 441 1430 479 Ab
1451 442 1684 481 infundendo
1705 446 1858 486 infundi.

267 509 412 545 bulum.
441 499 724 555 Infundz'bulum,
735 502 785 539 ait
795 498 986 537 Philander
998 527 1008 544 ,
1023 507 1254 551 praeterquarn
1262 496 1354 550 quod
1368 495 1461 550 apud
1468 504 1525 535 M.
1543 504 1704 536 Catonem
1712 511 1781 554 cap.
1795 517 1813 539 1
1823 519 1858 542 0.

268 561 313 607 dv
328 576 344 597 1
355 575 384 597 1.
406 560 573 611 accipitur
586 569 650 611 pro
671 569 705 593 eo
723 569 788 610 quo
804 558 842 593 in
864 553 950 606 vasa
967 554 1114 607 liquores
1132 551 1376 606 infundimus,
1400 548 1444 592 (ῥ’
1457 552 1549 591 Plin.
1562 551 1617 591 lib.
1629 554 1699 597 24.
1714 567 1785 608 cap.
1799 573 1857 603 15-

261 629 327 671 per
346 613 438 668 quod
454 612 580 652 radicis
598 611 750 666 impositae
768 608 960 649 carbonibus
970 608 1070 647 ntdor
1087 607 1284 652 imbibztur5
1308 608 1589 660 (quanquam&
1609 611 1763 649 codices
1783 625 1860 653 non

268 671 506 723 improbandi
527 672 658 720 legunt
670 667 953 717 infurnibulum)
972 669 1022 703 eft
1041 663 1084 710 (ῤ’
1104 668 1142 703 in
1162 663 1428 717 molitrinastve
1446 664 1635 702 molendino
1652 669 1690 704 in
1722 680 1862 705 rumen-

266 738 343 766 tum
356 758 365 773 ‚
383 741 446 780 quo
457 723 624 763 mzchtnae
633 722 771 778 appenso
780 721 908 761 mobiles
920 718 965 762 ἅ·
973 721 1126 760 tremulae
1136 720 1251 775 ltgneae
1260 721 1384 775 linguar
1395 720 1604 775 percuſsione
1617 752 1628 767 ‚
1647 722 1863 774 minssratur

267 782 360 821 molis
368 782 611 833 frumentum,
622 778 840 831 undefhrina
847 779 928 830 fiat.
943 778 1138 816 Nostrates
1149 778 1446 815 moletrinarium
1458 777 1735 816 infundibulum
1746 781 1863 830 vulgo

267 849 400 892 tramog
402 841 499 892 giam
508 847 660 877 vocant,
671 848 753 886 quo
765 847 855 874 vero
865 835 1003 872 utimur
1013 835 1056 872 ad
1068 835 1250 883 liquores»,
1261 830 1686 885 imbott.'1tora,petrivola.
1698 835 1862 873 Insubres

270 907 360 933 vero
372 898 408 932 ὃ(
423 891 595 942 AEmyliae
607 893 740 930 incolae
753 896 875 929 Lornm
887 901 1034 928 vocant.
1067 890 1373 927 Adinstrumenti
1392 889 1498 935 hujus
1508 888 1786 929 similitudinem
1799 892 1865 930 Vi-

269 951 438 989 truv..lib.
450 949 535 986 eod.
549 960 627 998 cap.
647 961 658 984 1
674 962 688 992 3
701 947 782 984 .ubi
793 947 837 983 de
848 958 995 995 organo
1007 945 1225 994 hydraulico
1237 974 1249 990 ‚
1268 944 1596 996 haemisphaericum
1608 948 1670 984 cui
1689 947 1863 986 subulum

270 1007 320 1045 est
330 1016 530 1045 annexum,
542 1001 806 1055 infundibulum
817 1002 1000 1052 inversum
1011 1011 1135 1039 vocat.

330 1064 382 1100 lm
398 1075 415 1099 p
431 1075 450 1098 L
464 1074 492 1097 u
505 1072 529 1097 v
545 1073 555 1096 1
570 1072 593 1096 v
606 1072 645 1095 M.
683 1058 766 1094 Lib.
778 1069 823 1094 vr
835 1085 842 1093 .
856 1068 935 1107 cap.
947 1073 985 1105 4.
1015 1055 1187 1109 Impluvit'
1204 1054 1285 1104 (nisi
1296 1055 1391 1093 forte
1411 1057 1617 1106 legendum
1639 1060 1861 1109 compluvii,

270 1128 310 1156 ut
322 1119 410 1166 legit
423 1115 558 1153 Codex
574 1114 773 1160 Arundel.)
785 1110 903 1148 lumen
914 1111 1024 1148 latum
1035 1109 1230 1149 latitudinis
1241 1112 1336 1151 atrii,
1349 1105 1422 1150 &a
1440 1112 1655 1152 Philander:
1675 1114 1864 1154 Deorsum

270 1185 350 1223 quo
362 1172 519 1221 impluit,
538 1171 763 1222 impluvium
775 1169 925 1213 dicitur,
939 1168 1071 1207 sursum
1081 1180 1163 1217 quo
1176 1168 1384 1218 compluit,
1397 1169 1677 1220 compluvium:
1700 1170 1865 1209 Utrum-

270 1240 343 1278 que
365 1229 384 1265 ἐι
408 1228 550 1279 pluvia.
593 1226 750 1263 Author
765 1226 888 1264 Varro
908 1225 954 1262 de
975 1225 1120 1274 Lingua
1139 1225 1220 1262 Lat.
1241 1224 1301 1261 lib.
1316 1238 1351 1269 4.
1371 1222 1557 1262 Asconius
1575 1227 1615 1277 ¹in
1634 1227 1696 1263 lib.
1719 1227 1804 1265 Cic.
1823 1229 1864 1265 in

271 1285 446 1327 Verrem,
456 1284 677 1332 impluvium
689 1284 820 1320 locum
831 1279 900 1318 esse
910 1281 1033 1319 scribit
1044 1280 1116 1318 sine
1128 1281 1230 1318 tecto
1242 1281 1278 1317 in
1288 1279 1424 1317 aedibus
1436 1309 1447 1325 ,
1458 1292 1539 1329 quo
1550 1282 1730 1333 impluere
1742 1282 1863 1321 imber

272 1342 309 1377 in
320 1339 481 1375 domum
492 1336 615 1390 possit.

325 1395 378 1432 ΙΝ
389 1405 405 1431 s
416 1407 440 1432 v
456 1408 475 1431 1.
487 1407 521 1430 A.
551 1392 635 1431 Lib.
652 1406 684 1431 1.
698 1405 776 1444 cap.
793 1399 831 1430 6.
863 1392 923 1429 Vtt'
938 1389 1173 1429 advenientes
1188 1390 1319 1443 (venti)
1338 1389 1387 1428 ad
1403 1390 1546 1445 angulos
1563 1391 1871 1447 infidaefrangan-'

269 1458 342 1486 tur.
372 1447 494 1500 Infidae
512 1447 697 1489 dzcuntur‚
720 1450 842 1499 inquit
853 1448 1046 1486 Philander
1058 1475 1066 1488 ,
1089 1445 1267 1485 domm‘ab
1287 1446 1363 1485 alus
1372 1445 1557 1500 fijumft'ae,
1579 1447 1618 1485 id
1632 1451 1703 1490 esJ,
1723 1452 1864 1489 austere

269 1503 360 1554 Festo
372 1534 384 1550 ,
402 1517 474 1557 quae
484 1517 551 1542 non
563 1508 768 1559 junguntur
784 1502 1016 1542 communibus
1028 1501 1217 1558 parietibus
1235 1517 1314 1541 cum
1333 1506 1480 1543 vz'ctnis,
1490 1502 1561 1555 sed
1566 1505 1715 1543 circuitu
1727 1503 1864 1559 publtco

268 1570 329 1597 aut
340 1561 484 1613 privato
495 1562 685 1614 cinguntur
696 1590 707 1606 ‚
728 1557 993 1611 ufimilitudine
1001 1558 1168 1597 videlicet
1176 1573 1295 1598 earum
1314 1569 1490 1598 terrarum
1500 1574 1570 1614 quae
1581 1559 1815 1613 &fluminibus
1825 1576 1864 1600 ac

270 1617 359 1653 mart·
367 1618 532 1657 eminent,
536 1615 694 1669 fiantque
704 1618 742 1653 in
749 1613 838 1667 fido.
868 1616 962 1655 Item
977 1631 984 1655 :
1014 1622 1057 1653 In
1067 1613 1205 1653 urbibus
1222 1614 1390 1654 metanda
1400 1615 1532 1669 insulas
1541 1619 1722 1670 acct'pimus
1735 1647 1753 1663 ‚,
1763 1615 1865 1671 quid.

270 1671 359 1724 quid
372 1682 519 1725 quatuor
532 1670 658 1726 plateis
668 1699 676 1713 ‚
693 1681 754 1710 aut
763 1674 948 1726 angtportis
958 1698 966 1713 ,
983 1681 1045 1710 aut
1055 1671 1171 1710 alteris
1189 1686 1267 1710 cum
1277 1672 1396 1711 alteris
1405 1674 1526 1711 mixtu
1537 1672 1690 1711 cinnum
1702 1676 1762 1711 eft.
1782 1674 1866 1712 Bal-

272 1728 357 1765 dus:
390 1728 518 1766 Nostri
529 1729 732 1767 Architecti
744 1730 939 1767 columnas
951 1730 1137 1780 appellant
1148 1728 1335 1769 insulatas,
1348 1742 1430 1779 quae
1440 1730 1542 1768 nulla
1551 1729 1618 1767 suae
1630 1730 1864 1769 rotundatio-

269 1785 325 1820 nis
344 1795 446 1833 parte
466 1784 667 1826 deficiunt,
692 1785 729 1822 &
747 1784 934 1837 parastatis
945 1784 1079 1824 antisve
1097 1785 1331 1837 templorum
1342 1796 1640 1839 anteponuntur,
1660 1789 1710 1824 ita
1719 1796 1760 1824 ut
1776 1786 1861 1823 aere

272 1839 436 1888 undique
450 1842 656 1890 cingantur.

292 1934 294 1937 .
325 1896 376 1930 Iu
389 1909 414 1931 τ
427 1908 481 1933 ER
497 1910 514 1933 p
529 1910 547 1933 E
559 1908 587 1933 N
601 1910 614 1932 s
626 1908 637 1934 1
648 1909 674 1936 v
686 1909 721 1934 Α.
750 1896 834 1934 Lib.
846 1909 911 1935 vr.
932 1908 1011 1946 cap.
1030 1911 1062 1941 3·
1092 1902 1134 1932 In
1152 1893 1276 1947 quibus
1295 1895 1497 1942 (cavaediis)
1507 1892 1618 1932 trabes
1627 1895 1665 1930 in
1680 1895 1766 1930 atrii
1783 1892 1863 1933 lati-

268 1946 386 1985 tudine
397 1950 547 1994 trajec‘i‘ae
559 1948 704 1988 habeant
712 1951 958 2002 interpenstva.
970 1953 1103 1989 Baldus
1115 1966 1123 1987 ε
1146 1951 1370 1988 Hermolaus
1381 1953 1430 1988 ita
1441 1950 1486 1987 ad
1496 1950 1597 1987 hunc
1607 1949 1738 1987 locum
1751 1963 1759 1986 :
1782 1956 1862 1988 Per-

267 2005 428 2043 ticarum,
449 2004 637 2057 ttgillorum
651 2034 661 2049 ‚
678 2002 877 2055 affi’rumve
887 2017 1020 2055 genera
1027 2004 1119 2055 fient
1130 2030 1138 2044 ,
1159 2018 1230 2056 quae
1254 2003 1295 2041 ab
1311 2003 1447 2056 angulis
1458 2006 1635 2057 parietum
1652 2003 1697 2041 ad
1714 2004 1857 2058 angulos

267 2061 446 2111 tignorum
455 2058 502 2095 ad
509 2056 634 2096 imbres
653 2060 691 2095 in
702 2059 866 2112 colliquiis
876 2058 1083 2096 derivandos
1098 2085 1105 2099 ,
1125 2057 1189 2094 vel
1202 2058 1311 2096 alium
1320 2064 1479 2111 quemvis
1488 2056 1588 2111 uficm
1596 2059 1861 2107 interlocantur,

267 2112 409 2166 quastea
422 2112 528 2167 quaeu
539 2112 718 2168 pendendo
731 2117 839 2152 Graeci
849 2124 977 2151 vocant
996 2110 1231 2166 κρημαςέϋοι.
1249 2114 1482 2167 Interpenfivi
1499 2128 1583 2153 vero
1596 2117 1746 2167 parietes
1755 2113 1861 2167 sunt,

269 2171 330 2222 qui
338 2167 448 2222 ficpra
459 2171 747 2223 contignationem
744 2169 956 2221 struuntur,
966 2183 1026 2207 nec
1036 2174 1075 2208 in
1082 2168 1155 2220 filo
1166 2168 1403 2220 fundamenta
1414 2167 1551 2207 habent.
1582 2172 1773 2210 Hactenus
1785 2173 1860 2210 ille.

269 2225 465 2263 Philander
474 2237 565 2264 vero
578 2225 653 2264 hoc
665 2228 823 2263 nomine
834 2226 932 2275 ligna
944 2226 1118 2275 quaedam
1130 2225 1204 2262 dici
1214 2236 1318 2275 putat
1329 2255 1340 2271 ‚
1360 2238 1431 2278 quae
1439 2224 1860 2279 ficlcrafiaentstt'llt'cidio-

270 2293 351 2317 rum
362 2310 372 2325 ‚
391 2290 453 2316 aut
473 2294 620 2334 quorum
634 2292 718 2333 pars
736 2283 901 2332 trajeffivs
919 2279 962 2326 dy
983 2281 1138 2334 alioquin
1152 2279 1267 2318 veluti
1288 2281 1434 2333 pensiles
1450 2278 1732 2332 trabesfitstinet,
1750 2281 1861 2320 altera

263 2337 394 2388 parieti
402 2336 524 2386 infixa.
558 2339 695 2376 Daniel
713 2337 779 2375 stat
796 2348 867 2389 pro
884 2336 952 2374 suo
965 2338 1172 2375 Hermolao
1184 2363 1192 2376 ‚
1215 2339 1253 2375 ὃ(
1272 2337 1513 2376 Philandrum
1530 2350 1608 2376 non
1629 2341 1858 2378 nominatim

267 2391 402 2429 refellit
413 2417 422 2432 ‚
443 2392 584 2440 docens
603 2393 724 2431 fulcra
736 2406 814 2431 non
832 2403 916 2445 apte
928 2391 1251 2444 diciinterpensiva
1265 2423 1274 2438 ‚
1292 2393 1429 2443 quibus
1440 2393 1860 2446 quideminterpensivis

268 2447 389 2485 trabes
400 2448 577 2488 Vitruvio
588 2459 800 2487 onerantur.
831 2450 870 2487 In
888 2448 952 2488 suo
963 2460 1089 2488 autem
1101 2451 1230 2487 Italico
1248 2452 1361 2487 vertit
1376 2449 1546 2487 travicellz
1556 2448 1736 2503 pendenti.
1771 2451 1856 2489 Nos

270 2503 512 2555 interpensiva
525 2503 598 2541 dici
609 2515 786 2554 putamus
795 2505 916 2544 trabes
925 2506 1088 2544 trabibus
1101 2505 1120 2542 a
1130 2507 1267 2557 pariete
1277 2507 1315 2542 in
1334 2506 1512 2556 parietem
1522 2505 1682 2554 trajcstis
1693 2535 1704 2552 ‚
1727 2505 1774 2543 ad
1784 2505 1856 2543 stil-

270 2559 391 2597 licidia
402 2559 604 2598 sustinenda
614 2560 815 2611 impositas.
1786 2566 1790 2567 ⁷

324 2616 375 2652 IN
388 2630 412 2652 T
425 2628 446 2653 F.
456 2627 480 2653 R
495 2629 510 2652 s
521 2627 547 2654 c
558 2629 580 2652 A
595 2630 613 2653 L
624 2628 654 2655 M
664 2628 675 2651 1
685 2628 710 2656 v
721 2629 760 2653 M.
786 2617 870 2654 Lib.
888 2629 917 2654 1.
939 2628 1019 2668 cap.
1033 2632 1065 2654 2.
1096 2613 1268 2665 Qavibus
1287 2613 1518 2668 interscalmio
1530 2641 1538 2656 ‚
1560 2615 1651 2670 quod
1664 2614 1854 2664 dlunxui'uq*

269 2667 408 2708 dicitur.
439 2672 635 2709 Barbarus:
654 2673 693 2709 In
710 2671 863 2709 navibus
873 2673 1069 2710 metiendis
1087 2686 1132 2711 ex
1143 2673 1270 2724 spacio
1282 2701 1291 2716 ,
1309 2672 1413 2721 quod
1433 2673 1597 2710 est-inter
1607 2684 1732 2710 remos
1742 2676 1853 2711 inter-

269 2722 460 2765 scalmium
470 2728 610 2765 dicrum
622 2754 630 2767 ,
651 2727 804 2766 sumitur
824 2728 1001 2766 modulus
1015 2730 1052 2766 ὅ(
1065 2728 1234 2767 mensura
1244 2728 1303 2765 illa
1315 2757 1325 2772 ,
1347 2728 1445 2765 forte
1458 2729 1477 2765 a
1487 2729 1636 2766 duobus
1654 2727 1788 2766 cubitis
1800 2729 1851 2766 fic

271 2779 422 2818 diffitum.
455 2784 545 2821 Haee
555 2785 627 2821 ille.
659 2785 716 2821 Cl.
730 2783 925 2822 Salmasius
939 2787 976 2822 in
987 2785 1159 2822 Solinum
1168 2796 1250 2835 pag.
1268 2795 1282 2819 1
1291 2796 1314 2820 o
1325 2796 1337 2819 1
1351 2797 1382 2820 1.
1402 2785 1540 2823 Solino
1549 2783 1625 2820 duo
1637 2782 1760 2821 cubita
1770 2784 1851 2822 sunt

269 2846 430 2883 quatuor
448 2839 578 2885 pedes:
598 2840 736 2886 ὁπῆχυς
753 2837 817 2886 {xl
837 2834 934 2882 πόδας
945 2834 1013 2878 δύο.
1034 2840 1159 2878 Hero:
1191 2840 1288 2877 Aliis
1306 2840 1382 2877 duo
1394 2840 1516 2877 cubita
1525 2849 1595 2876 tres
1610 2847 1755 2877 tantum
1765 2838 1849 2877 sunt

268 2891 392 2941 pedes.
423 2892 493 2927 Sed
505 2893 619 2937 huius
614 2897 717 2933 modi
731 2897 877 2935 cubitus
888 2898 951 2946 qui
961 2897 1097 2948 pedem
1109 2897 1146 2933 &
1158 2894 1335 2932 semissem
1347 2895 1458 2931 habet
1470 2903 1626 2932 vocatur
1635 2891 1768 2935 AaSnae‘e
1779 2921 1787 2934 ‚
1808 2899 1849 2935 &

267 2943 505 2997 gvaonemm'c.
541 2949 598 2986 Eo
607 2951 703 3000 ligna
711 2964 791 3001 quae
802 2951 892 2990 serra
902 2953 1067 2991 secantur
1076 2950 1260 3002 &lapides
1272 2949 1478 2988 mensuram
1488 2949 1726 2999 accipiebant.
1738 2952 1847 2989 Idem

1718 3008 1842 3045 Hero:
