2023 3162
224 59 273 93 52
615 39 1476 79 LuoovictDssMoNTiosii

224 113 329 150 noris
354 111 526 148 colorem
540 108 700 146 referens
713 137 722 152 ,
745 108 852 145 vilius
871 105 1076 144 Corinthio
1086 132 1095 148 ‚
1118 105 1176 142 sed
1196 106 1359 143 Deliaco
1379 106 1416 142 ὅ(
1438 103 1668 156 AEgynctico
1694 107 1830 156 pretio-

228 168 309 205 slus.
340 168 412 205 Sed
426 178 496 204 nec
508 164 663 214 argento
675 193 684 209 ‚
699 166 735 200 ὃς
746 175 840 199 auro
851 174 945 213 puro
959 172 1206 213 pepercerunt
1216 161 1384 199 artifices.
1422 162 1502 198 Fuit
1517 164 1614 198 enim
1625 163 1765 198 Roma:
1777 175 1830 200 ar-

228 234 361 274 gentea
374 221 531 272 Augusti
542 221 655 257 statua
666 249 675 264 ,
705 231 793 256 cum
808 220 979 266 &longo
999 227 1268 268 antetempore
1282 219 1319 254 in
1337 216 1530 267 triumpho
1544 218 1712 266 Pompeii
1724 218 1832 256 Phar-

227 282 329 317 nacis
350 291 506 329 quoque
526 286 698 325 argentea
710 273 876 312 transsata
887 273 1020 311 fuiffet.
1058 274 1103 310 Et
1122 274 1213 310 item
1224 274 1292 310 alia
1303 272 1528 310 Mithridatis
1539 274 1748 322 Eupatoris.
1779 274 1831 310 Si-

229 347 302 385 gna
322 337 412 372 item
423 344 531 371 aurea
543 333 717 369 Minervae
729 360 739 376 ‚
760 332 909 368 Martis,
927 332 964 366 ὅ(
976 329 1165 380 Apollinis
1178 328 1335 366 fuerunt.
1365 329 1532 366 Auream
1554 328 1708 365 statuam
1731 330 1833 368 nulla

228 393 420 429 inanitate,
446 389 561 438 qualis
577 399 648 425 nec
668 399 711 423 ex
723 398 791 424 aere
812 386 887 423 ulla
907 396 1015 422 antea
1032 385 1118 429 visa,
1137 384 1247 422 rebus
1267 383 1444 421 Parthicis
1459 385 1606 434 diripuit
1619 383 1811 421 Antonius
1824 413 1833 421 .

230 447 399 485 Auream
412 445 477 482 sibi
489 445 648 494 Gorgias
660 443 872 481 Leontinus
885 443 1024 491 primus
1035 442 1212 478 omnium
1224 440 1382 491 Delphis
1400 440 1594 491 intemplo
1607 439 1739 491 posuit.
1762 439 1834 476 Sed

230 513 357 541 tamen
368 512 525 551 argento
540 503 576 538 &
589 512 679 538 auro
691 500 782 536 nulli
794 497 948 535 artifices
959 498 1207 534 inclaruerunt
1221 525 1231 540 ‚
1250 508 1318 533 aere
1334 498 1371 534 ὃ(
1384 508 1575 533 marmore
1594 497 1711 533 multi.
1735 496 1837 533 Mar-

231 560 348 597 moris
358 559 472 595 varias
485 556 622 608 species
635 566 825 592 enumerat
837 554 985 595 Plinius,
996 565 1152 602 quarum
1164 551 1428 604 descriptiones
1442 553 1560 589 leesor
1579 563 1623 588 ex
1643 564 1690 588 eo
1709 561 1835 602 petere

233 616 382 665 poterit.
396 614 455 650 De
469 614 554 651 artis
567 613 674 659 hujus
687 611 832 661 origine
843 610 944 646 idem
955 609 1089 646 Plinius
1102 619 1212 646 autor
1230 608 1279 646 est
1299 620 1387 646 cum
1401 607 1672 658 Olympiadum
1691 609 1836 657 origine

234 669 398 721 coepisse.
434 669 579 705 Primos
599 678 726 705 autem
740 667 917 704 omnium
930 664 1134 702 inclaruisse
1146 666 1363 714 Dipoenum
1384 666 1422 701 ὅ(
1445 664 1608 712 Scyllum
1630 663 1839 707 Cretenses,

233 724 460 776 Olympiade
472 726 617 762 circiter
639 737 658 760 L
672 723 806 760 ambos
828 721 1015 773 Apollinis
1031 722 1189 759 oraculo
1203 720 1438 759 nobilitatos,
1472 721 1574 757 Cum
1597 720 1700 756 enim
1718 721 1760 755 iis
1779 719 1836 756 Si-

235 783 364 831 cyonii
384 781 558 818 Deorum
576 779 815 829 quorundam
834 776 1026 814 simulacra
1039 775 1270 820 locavissent,
1290 777 1421 822 injuria
1432 775 1546 825 questi
1570 775 1712 812 infe&o
1724 786 1838 825 opere

235 838 415 876 abierunt.
436 836 509 874 Sed
521 848 605 874 cum
624 836 794 886 protinus
807 834 1005 881 Sicyonios
1017 833 1134 870 fames
1146 835 1182 869 ὃ(
1196 832 1357 870 sterilitas
1376 831 1589 875 invasissent,
1611 830 1837 868 consulenti-

235 894 303 931 bus
316 893 514 932 oraculum
525 893 653 940 ecquis
664 890 745 927 finis
758 890 947 925 malorum
963 887 1109 925 futurus
1122 887 1224 926 esset,
1240 887 1385 937 Apollo
1396 887 1596 937 respondit,
1611 885 1636 923 si
1647 887 1840 936 Dipoenus

237 952 274 988 ὅ(
286 950 429 999 Scyllus
441 949 617 986 Deorum
629 946 818 983 simulacra
831 942 1070 994 perfecissent.
1100 942 1182 980 Post
1194 942 1271 979 hoe
1282 943 1442 993 Bupalus
1453 942 1490 981 δε
1503 943 1737 980 Anthemius
1752 941 1841 979 Chii

235 1007 389 1057 Olymp.
409 1017 465 1042 Lx.
479 1005 698 1040 claruerunt¹
713 1000 808 1038 adeo
819 999 885 1036 sibi
896 999 962 1036 suae
976 1000 1058 1036 artis
1069 998 1230 1037 conscii,
1257 1008 1297 1035 ut
1308 999 1349 1034 iis
1360 1010 1441 1047 qua:
1455 1000 1493 1035 iii
1511 999 1613 1035 Delo
1624 998 1745 1035 secere
1757 997 1842 1035 sub-

237 1063 400 1108 jicerent,
416 1071 493 1096 non
506 1058 640 1095 vitibus
651 1067 798 1095 tantum
809 1053 943 1092 censeri
958 1054 1100 1092 Chium
1113 1084 1123 1100 ,
1138 1053 1196 1091 sed
1209 1056 1246 1092 ὅ(
1257 1053 1424 1091 filiorum
1438 1053 1639 1091 Anthermi
1652 1054 1839 1105 operibus.

237 1120 378 1155 Roma:
389 1117 502 1154 etiam
515 1113 749 1164 temporibus
760 1111 914 1161 Augusti
929 1110 1028 1160 signa
1039 1123 1174 1148 eorum
1188 1108 1482 1148 celebrabantur.
1514 1110 1560 1146 Er
1580 1121 1706 1147 tamen
1717 1121 1772 1147 ars
1785 1112 1842 1146 in-

236 1174 313 1211 dies
322 1172 578 1210 excolebatur.
609 1179 649 1206 ut
659 1169 814 1207 demum
827 1179 908 1205 eam
920 1167 1062 1205 Phidias
1080 1164 1581 1217 Olymp.Lxxx111.aperuiffe
1592 1195 1601 1210 ,
1620 1177 1664 1203 ae
1683 1165 1842 1203 demon-

235 1228 351 1266 straffe
363 1228 521 1266 dicatur,
537 1226 748 1274 Polycletus
759 1235 851 1262 vero
864 1221 1148 1267 consummasse,
1165 1234 1207 1259 ac
1220 1220 1385 1259 erudiissi:
1406 1220 1637 1272 Olympiade
1653 1234 1803 1260 cxxxvi
1813 1235 1838 1259 1.

236 1286 351 1335 quue
374 1286 430 1321 vel
452 1285 489 1319 iii
510 1294 558 1319 eo
578 1283 739 1319 maxime
759 1278 960 1331 apparuisse
971 1305 978 1319 ,
1004 1290 1120 1329 quem
1130 1277 1285 1316 artifices
1298 1289 1488 1314 canonem
1500 1276 1686 1315 vocabant
1704 1306 1715 1321 ,
1735 1278 1844 1314 linea-

237 1351 363 1379 menta
375 1340 457 1377 artis
468 1338 513 1376 ab
524 1350 572 1375 eo
585 1347 753 1390 petentes
766 1365 775 1380 ‚
795 1336 900 1374 velut
910 1335 1023 1384 alege
1037 1334 1211 1384 quadam.
1246 1334 1321 1371 Hic
1334 1335 1444 1371 etiam
1456 1334 1602 1384 primus
1616 1334 1845 1383 excogitavit

236 1406 276 1435 ut
288 1408 365 1433 uno
378 1408 484 1432 crure
497 1394 595 1443 signa
606 1393 818 1430 insisterent.
849 1391 921 1428 Sed
933 1394 969 1429 ὅ(
984 1391 1046 1428 hic
1059 1402 1221 1441 corpora
1233 1389 1321 1428 fecit
1335 1389 1513 1439 quadrata
1527 1419 1537 1435 ‚
1561 1391 1596 1427 ὅ(
1610 1391 1735 1426 omnia
1747 1401 1843 1439 pene

239 1452 378 1490 eodem
398 1451 589 1501 exemplo.
623 1450 809 1498 Sequutus
830 1447 964 1484 deinde
982 1448 1125 1495 Myron
1138 1476 1148 1492 ,
1170 1447 1301 1495 dequo
1316 1446 1458 1483 Plinius
1470 1445 1523 1482 his
1538 1444 1668 1482 verbis.
1699 1446 1844 1482 Primus

239 1509 302 1546 hic
318 1505 573 1558 multiplicasse
594 1503 975 1543 varietatem÷vidctur
986 1533 995 1548 ,
1015 1501 1251 1540 numerosior
1272 1504 1310 1538 in
1331 1511 1406 1539 arte
1422 1513 1535 1550 quani
1549 1502 1764 1550 Polycletus
1776 1530 1786 1545 ,
1807 1502 1845 1538 &

241 1564 463 1613 Symmetria
473 1562 707 1612 diligentior:
725 1560 846 1610 &ipse
858 1569 984 1597 tamen
998 1570 1203 1609 corporum
1215 1569 1322 1596 tenus
1334 1558 1498 1595 curiosus
1509 1559 1623 1594 animi
1633 1556 1752 1594 sensus
1764 1568 1845 1594 non

242 1618 412 1672 expressit
425 1648 434 1664 ,
457 1620 710 1671 capillumque
731 1619 768 1654 ὃ(
788 1616 928 1667 pubem
947 1627 1026 1652 non
1048 1615 1279 1653 emendatius
1296 1613 1384 1652 fecit
1397 1624 1511 1663 quam
1524 1613 1622 1650 rudis
1634 1614 1844 1662 antiquitas.

243 1676 391 1726 Lysippi
403 1676 559 1726 propria:
571 1673 744 1711 videntur
754 1673 902 1722 argutiae
914 1683 1118 1722 corporum
1129 1672 1166 1707 in
1177 1671 1343 1709 minimis
1357 1681 1512 1720 quoque
1525 1669 1727 1707 custoditae.
1753 1669 1845 1706 Haec

245 1732 357 1770 Plinii
375 1732 489 1769 verba
509 1730 710 1768 ostendunt
723 1739 841 1767 artem
854 1728 898 1765 ad
909 1728 1098 1765 summum
1110 1727 1282 1765 nondum
1295 1725 1503 1777 pervenisse.
1530 1726 1654 1774 ltaque
1666 1726 1702 1763 ὅ(
1714 1725 1846 1772 Myro-

246 1801 337 1825 nem
351 1787 370 1824 ἐι
382 1787 594 1838 Pythagora
605 1785 785 1834 Rhegino
798 1783 1005 1835 superarum
1018 1781 1117 1821 fuisse
1128 1783 1231 1828 dicit,
1245 1784 1281 1820 &
1294 1783 1314 1820 {1
1325 1782 1503 1819 Leontio.
1515 1782 1658 1819 Mirum
1669 1792 1759 1818 cum
1771 1781 1844 1826 jam

244 1854 359 1880 artem
372 1843 518 1880 Phidias
530 1840 733 1892 aperuisset,
747 1843 784 1878 δε
797 1838 1089 1883 demonstrasset,
1105 1839 1319 1887 Polycletus
1332 1836 1621 1876 consummasset
1631 1865 1641 1881 ‚
1655 1836 1793 1883 Myron
1806 1836 1845 1871 ὃς

243 1898 317 1949 ipse
328 1899 432 1948 plura
446 1897 657 1935 contulisset
671 1927 681 1942 ,
702 1896 878 1933 nondum
900 1906 1023 1934 tamen
1034 1896 1265 1943 Symmerriae
1276 1904 1398 1944 partes
1409 1896 1459 1930 im
1467 1894 1554 1944 pleri
1565 1890 1721 1942 potuisse
1734 1919 1743 1934 ‚
1763 1901 1845 1927 non

243 1954 359 1991 sensus
371 1954 486 1990 animi
498 1953 650 2002 exprimi
663 1981 672 1995 ,
694 1964 764 1988 nec
786 1952 963 2000 capillum
975 1950 1055 1988 satis
1065 1961 1247 1989 accurate.
1278 1950 1422 1986 Primus
1440 1949 1540 1984 enim
1550 1947 1631 1997 post
1642 1958 1708 1984 eos
1720 1946 1844 1983 Leon-

243 2012 314 2048 tius
332 2010 506 2060 capillum
517 2008 728 2056 diligentius
740 2004 919 2055 expressit,
933 2008 1115 2043 &nervos
1127 2031 1135 2044 ,
1156 2005 1192 2043 ἅς
1212 2015 1339 2042 venas,
1367 2002 1546 2053 Lysippus
1565 2015 1676 2041 vcro,
1701 2012 1847 2052 praeter-

244 2078 361 2115 quam
373 2064 476 2113 quod
489 2063 664 2113 capillum
677 2062 888 2111 diligentius
904 2062 1064 2098 imitatus
1076 2059 1126 2096 est
1136 2085 1144 2100 ‚
1162 2060 1367 2110 plurimum
1387 2069 1504 2095 artem
1527 2058 1647 2108 &ipse
1660 2059 1843 2109 provexit,

247 2123 365 2171 capita
378 2122 527 2157 minora
539 2117 715 2156 faciendo
726 2129 837 2166 quam
848 2126 956 2154 antea
965 2117 1138 2154 solerent,
1152 2117 1189 2152 ὃς
1202 2127 1363 2165 corpora
1373 2115 1588 2163 graciliora,
1602 2113 1843 2162 siccioraque,

247 2190 313 2228 per
331 2187 412 2226 quae
433 2176 637 2226 proceritas
655 2173 846 2223 signorum
866 2173 988 2217 major
1008 2172 1202 2208 videretur.
1233 2170 1452 2223 Euphranor
1470 2171 1610 2220 primus
1622 2170 1843 2219 dignitatem

245 2233 408 2271 heroum
421 2229 620 2282 expressisse
630 2229 790 2273 videtur,
802 2228 838 2265 δε
850 2226 1026 2278 usurpasse
1035 2227 1307 2275 Symmetriam,
1320 2227 1384 2275 qui
1395 2225 1521 2263 floruit
1531 2225 1684 2278 Olymp.
1697 2237 1721 2264 c
1730 2238 1743 2262 1
1758 2237 1771 2260 1
1785 2238 1798 2261 1
1813 2237 1826 2261 1
1839 2253 1847 2261 .

247 2298 341 2326 cum·
352 2288 538 2324 Praxitele.
578 2286 672 2323 Haec
685 2285 709 2322 si
719 2295 759 2322 ut
771 2286 920 2335 propria
932 2285 1159 2321 recentiores
1171 2282 1224 2319 isti
1235 2282 1428 2320 vindicent
1439 2311 1448 2326 ,
1468 2283 1605 2318 mirum
1616 2283 1653 2318 in
1664 2293 1742 2331 quo
1755 2281 1846 2318 anti-

246 2345 313 2394 qui
333 2354 530 2392 tantopere
551 2342 733 2380 excellere
751 2342 950 2391 potuerint.
981 2341 1021 2376 In
1039 2339 1172 2388 quibus
1192 2339 1241 2376 est
1253 2337 1395 2375 Phidias
1406 2338 1680 2375 nulliveterum
1691 2337 1845 2387 postpo-

243 2399 403 2438 nendus.
434 2400 472 2435 Si
489 2399 591 2435 enim
612 2397 690 2434 haec
710 2400 840 2434 omnia
859 2397 1084 2446 ignoraverit
1098 2424 1107 2439 ,
1127 2407 1172 2432 ne
1192 2395 1285 2431 inter
1298 2394 1508 2431 mediocres
1519 2393 1675 2442 quidem
1686 2392 1846 2430 artifices

247 2455 385 2494 censeri
395 2454 536 2498 debuit,
553 2465 623 2490 nec
633 2456 707 2500 ejus
718 2465 831 2502 opera
840 2452 1048 2503 probabilia
1056 2451 1183 2488 videti.
1214 2450 1286 2487 Sed
1296 2460 1335 2487 ut
1346 2449 1403 2486 sua
1416 2451 1551 2499 cuique
1562 2450 1638 2485 laus
1649 2449 1842 2493 tribuatur,

253 2523 361 2561 aequo
374 2511 436 2548 liic
452 2511 589 2547 lectore
609 2520 706 2560 opus
716 2509 775 2546 est.
806 2510 1007 2547 Enimvero
1018 2519 1106 2544 cum
1117 2506 1256 2544 docere
1278 2506 1391 2544 vellet
1408 2506 1550 2543 Plinius
1562 2515 1680 2542 artem
1692 2504 1736 2540 ad
1746 2503 1842 2541 surn-

249 2579 354 2605 nium
367 2566 579 2617 pervenisse,
592 2577 661 2602 nec
673 2566 788 2601 ullum
798 2575 923 2601 tamen
935 2563 1114 2601 artificem
1125 2565 1281 2613 reperire
1293 2561 1423 2612 posset,
1438 2564 1504 2610 qui
1517 2573 1651 2598 omnes
1665 2569 1844 2603 numeros

250 2623 474 2672 implevisset
486 2651 495 2666 ,
514 2621 676 2660 recenset
686 2623 722 2657 in
732 2632 812 2669 quo
825 2620 955 2670 singuli
965 2622 1127 2656 maxime
1140 2619 1346 2656 claruerint.
1377 2617 1451 2654 Hic
1464 2618 1694 2666 Symmetriae
1705 2615 1843 2652 studio-

251 2678 334 2716 sior,
349 2680 407 2714 ille
419 2680 595 2716 varietate
605 2676 824 2715 foecundior
835 2703 843 2717 ,
857 2677 971 2713 animi
982 2674 1100 2712 sensns
1112 2676 1201 2712 alius
1211 2672 1383 2725 expressit
1394 2702 1403 2716 ‚
1424 2674 1513 2710 alius
1525 2674 1561 2709 in
1575 2672 1710 2721 capillis
1726 2670 1844 2719 expri-

250 2735 393 2771 niendis
403 2734 598 2784 superavit,
609 2745 696 2771 cum
708 2734 745 2769 in
757 2731 904 2782 singulis
917 2731 970 2768 his
981 2733 1040 2768 alii
1052 2731 1166 2782 paulo
1178 2731 1480 2780 negligentiores,
1493 2729 1616 2778 operis
1627 2737 1751 2764 tamen
1762 2725 1842 2761 uni-

252 2788 415 2827 versitate
427 2789 638 2839 praestarent.
672 2790 718 2826 Et
728 2789 808 2826 sane
826 2788 982 2825 infelicis
998 2788 1137 2836 ingenii
1150 2787 1246 2823 estin
1258 2785 1434 2823 omnibus
1447 2786 1556 2832 vinci3
1572 2792 1700 2819 contra
1711 2782 1748 2817 in
1760 2792 1843 2817 om·

250 2845 359 2882 nibus
371 2846 550 2882 excellere
569 2845 761 2895 plusquam
774 2844 939 2881 humani.
970 2843 1140 2881 Perfee‘ne
1151 2844 1258 2892 igitur
1279 2844 1316 2879 ὅ(
1338 2839 1606 2878 consummarat
1624 2837 1708 2872 artis
1721 2848 1843 2873 exem-

248 2902 309 2952 pla
319 2902 402 2940 sunt
412 2900 503 2940 haec,
523 2912 603 2938 non
621 2900 803 2939 artificum
815 2902 979 2940 invicem
992 2899 1077 2946 justa
1088 2899 1336 2949 comparatio,
1351 2907 1391 2935 ut
1401 2892 1757 2941 sciatiectorquidin
1772 2890 1844 2928 sin-

1748 2948 1842 2997 gulis
