2023 3162
260 87 308 123 36
396 77 450 115 M.
487 72 1088 117 V1Tauv11PoLtioN1s
1118 81 1177 108 DE
1207 68 1533 123 Artem-tzor.
1582 70 1683 109 Liss.
1715 71 1765 109 11.

256 145 578 197 quemadmodum
598 145 789 182 videantur
812 138 832 177 ὲ
851 141 1033 189 locorum
1049 137 1336 190 proprietatibus
1354 136 1488 177 habere
1505 140 1595 190 vitia
1614 150 1676 177 aut
1686 141 1853 182 virtutes,

257 205 309 240 uti
331 201 400 239 sint
415 199 748 244 considerantibus,
760 198 942 247 apertiora
957 206 1156 244 exponam.

922 305 1079 342 Cap.
1137 304 1185 340 X.

421 402 482 451 D
488 420 509 452 e
526 398 581 450 A
585 393 700 448 biete
701 394 962 469 supernato
972 390 1034 450 Εἴ
1045 393 1300 466 infernam,
1319 411 1429 444 cnm
1443 392 1699 466 Alc-ewini

933 470 1186 537 dastriptione.

261 582 482 668 MOntis
491 578 820 630 Apenniniprirnae
838 576 979 613 radices
1000 576 1046 613 ab
1065 574 1266 624 Tyrrheno
1286 575 1378 612 mari
1395 575 1435 611 in
1454 574 1569 625 Alpes
1582 574 1618 611 ἃ·
1630 576 1666 611 in
1678 583 1858 613 extremas

374 637 552 674 Hetruriae
564 635 736 685 regiones
746 634 927 671 oriuntur.
956 632 1042 678 Ejus
1055 643 1144 669 vero
1157 632 1295 668 montis
1307 633 1438 680 jugum
1451 629 1484 667 se
1497 633 1763 680 circumagens,
1780 643 1860 668 me-

264 694 322 729 dia
337 690 532 740 curvatura
542 702 660 741 prope
669 700 824 738 tangens
837 700 918 725 oras
931 690 1040 725 maris
1059 687 1259 731 Adriatici,
1279 687 1452 738 pertingit
1463 687 1758 724 circuitionibus
1769 698 1862 724 con-

260 760 315 787 tra
325 749 471 786 fretum.
503 748 633 796 Itaque
646 747 795 783 citerior
806 745 883 790 ejus
897 753 1090 781 curvatura
1102 773 1112 788 ,
1134 756 1218 792 quae
1228 744 1346 792 vergit
1357 742 1402 779 ad
1424 742 1607 780 Hetruriae
1627 743 1863 793 Campaniae-

117 818 149 842 γ.
159 813 242 841 adso·
261 817 335 855 que
346 806 517 855 regiones
529 832 538 847 ,
556 803 688 853 apricis
698 801 748 838 est
758 799 1026 851 potestatibus:
1047 810 1209 848 namque
1222 799 1382 848 impetus
1393 797 1503 836 habet
1515 809 1718 849 perpetuos
1732 800 1751 835 a
1764 799 1864 835 Solis

115 855 146 882 ’Β
167 865 225 881 ⁶¹¹⁷·
262 861 376 899 cursu.
407 860 579 898 Ulterior
592 867 737 896 aurem,
751 868 834 905 quae
846 856 894 893 est
904 856 1112 905 proclinata
1123 855 1169 892 ad
1180 853 1350 904 superum
1362 865 1462 891 mare
1474 880 1483 894 ‚
1505 854 1793 904 Septentrionali
1805 866 1863 890 rc-

108 896 178 932 fi¹m'
260 919 365 967 gioni
375 916 394 953 s
390 915 532 959 ubic-{ta
544 939 551 953 ,
567 915 782 951 continetur
802 910 985 949 umbrosis
998 910 1034 947 δε
1046 913 1176 961 opacis
1187 911 1509 961 perpetuitatibus.
1539 911 1670 961 Itaque
1681 921 1762 959 quae
1774 912 1812 946 in
1821 921 1862 947 ea

261 984 363 1024 parte
376 971 568 1009 nascuntur
576 969 725 1007 arbores
736 998 744 1012 ‚
756 967 908 1005 humida
918 966 1100 1017 potestate
1111 968 1266 1006 nutritae,
1280 978 1361 1004 non
1372 964 1492 1002 solum
1501 964 1560 1015 ips
1554 979 1580 1003 ae
1592 977 1773 1015 augentur
1786 977 1863 1003 am-
1891 978 1894 981 ·

116 1032 147 1057 ¹⁷·
166 1035 222 1056 tur·
264 1027 426 1081 pliffimis
445 1025 786 1075 magnitudinibus:
810 1023 870 1061 sed
881 1034 1007 1061 earum
1027 1034 1183 1072 quoque
1195 1034 1298 1061 venae
1319 1022 1487 1059 humoris
1500 1024 1611 1073 copia
1628 1023 1775 1073 repleta:
1786 1031 1864 1058 rur-

112 1076 197 1108 gem‘
261 1095 391 1135 gentes
402 1083 559 1133 liquoris
572 1081 796 1119 abundantia
806 1079 1019 1116 saturantur.
1052 1079 1155 1116 Cum
1166 1090 1290 1116 autem
1301 1077 1427 1115 excisae
1438 1080 1475 1115 &
1486 1077 1621 1116 dolarae
1633 1079 1781 1116 vitalem
1794 1088 1864 1126 po-

261 1140 427 1178 testatem
439 1136 625 1175 amiserint
636 1167 646 1182 ‚
665 1147 843 1176 venarum
855 1136 1020 1184 rigorem
1031 1144 1286 1184 permutantes
1297 1133 1552 1175 siccescendo,
1575 1145 1727 1185 propter
1738 1135 1864 1170 rarita-

262 1207 341 1234 tem
352 1195 447 1233 fiunt
457 1196 581 1232 inanes
593 1196 629 1231 ὃς
641 1192 819 1236 evanidae,
832 1191 996 1240 ideoque
1014 1191 1052 1227 in
1063 1189 1224 1228 :edificiis
1237 1203 1318 1228 non
1329 1189 1479 1240 possunt
1497 1189 1630 1227 habere
1651 1190 1868 1227 diuturnita-

261 1263 354 1290 tem.
387 1254 481 1305 Qae
501 1259 627 1287 autem
637 1248 682 1286 ad
692 1248 788 1286 Solis
800 1246 944 1284 cursum
955 1245 1198 1297 spelitantibus
1207 1248 1302 1289 locis
1313 1256 1558 1297 procreantur
1571 1272 1578 1285 ,
1600 1258 1678 1283 non
1688 1245 1867 1282 habentes

261 1309 555 1346 interveniorum
567 1307 731 1343 raritates
742 1333 752 1349 ‚
772 1302 996 1341 siccitatibus
1013 1302 1153 1341 exucta:
1166 1301 1386 1340 solidantur:
1408 1303 1494 1352 quia
1514 1302 1579 1339 Sol
1590 1314 1669 1339 non
1689 1301 1810 1338 modo
1821 1311 1867 1339 ex

264 1374 359 1401 terra
378 1362 583 1400 lambendo
595 1391 604 1406 ,
625 1361 685 1398 sed
706 1361 818 1398 etiam
838 1371 883 1397 ex
902 1358 1095 1396 arboribus
1115 1359 1241 1396 educit
1258 1359 1450 1396 humores.
1480 1359 1612 1408 Itaque
1632 1369 1715 1407 quae
1733 1356 1865 1394 suntin

263 1420 397 1470 apricis
418 1417 630 1467 regionibus
640 1414 751 1467 spiffis
773 1427 953 1455 venarum
974 1414 1229 1453 crebritatibus
1244 1414 1405 1453 solidatae
1418 1443 1428 1459 ,
1449 1426 1529 1452 non
1539 1413 1718 1452 habentes
1739 1424 1783 1450 ex
1794 1412 1866 1449 hu-

122 1478 253 1520 Min-1516·
265 1487 373 1514 more
385 1475 587 1519 raritatem,
600 1486 688 1511 cum
699 1474 739 1510 in
748 1472 939 1510 materiem
950 1470 1191 1522 perdolanrur
1202 1501 1212 1516 ,
1231 1471 1390 1509 reddunt
1401 1482 1551 1519 magnas
1561 1472 1736 1509 utilitates
1749 1467 1793 1505 ad
1804 1479 1867 1505 ve-

124 1531 144 1549 ‘·
157 1529 200 1555 ⁵9·
265 1531 449 1569 tustatem.
482 1530 573 1568 Ideo
585 1530 781 1567 infernates
792 1555 800 1567 ‚
824 1540 906 1578 quae
920 1540 963 1565 ex
975 1528 1105 1578 apricis
1116 1529 1211 1565 locis
1224 1530 1285 1574 [a]
1296 1535 1539 1579 apportantur
1550 1555 1560 1571 ‚
1581 1526 1758 1564 meliores
1771 1523 1870 1568 sunt,

265 1599 382 1637 quam
395 1599 477 1636 quae
487 1587 533 1623 ab
544 1587 673 1638 opacis
684 1585 729 1623 de
739 1583 991 1636 supernatibus
1012 1584 1256 1622 advehuntur.
1289 1586 1486 1638 Qntum
1495 1583 1622 1620 animo
1634 1579 1869 1619 considerare

266 1645 388 1693 potui,
398 1643 443 1681 de
456 1643 587 1692 copiis,
601 1655 684 1691 quae
694 1641 777 1679 sunt
788 1640 984 1678 neceffariae
994 1641 1032 1677 in
1041 1639 1285 1678 aedificiorum
1298 1638 1647 1689 comparationibus
1660 1666 1669 1682 ‚
1681 1639 1718 1675 ὃ(
1731 1635 1869 1686 quibus

266 1697 289 1735 ὲ
302 1710 426 1735 rerum
445 1708 573 1735 natura
592 1698 866 1749 principiorum
886 1696 1020 1734 habere
1042 1696 1237 1735 videantur
1257 1696 1486 1733 mixtionem
1501 1723 1512 1739 ‚
1532 1706 1688 1743 quaeque
1699 1693 1818 1730 insunt
1828 1691 1867 1727 in

265 1753 413 1803 singulis
424 1753 622 1803 generibus
631 1755 784 1791 virtutes
794 1751 830 1789 &
840 1753 941 1792 vitia,
958 1753 1013 1789 uti
1024 1764 1101 1789 non
1113 1751 1183 1789 sint
1191 1754 1322 1801 ignota
1334 1749 1617 1794 aedificantibus,
1628 1748 1788 1799 exposui.
1800 1748 1868 1783 Ita-

266 1809 414 1858 quequi
425 1810 616 1859 potuerint
638 1821 772 1847 eorum
785 1818 1060 1859 praeceptorum
1083 1807 1184 1858 sequi
1194 1806 1487 1858 praescriptiones
1498 1831 1508 1844 ‚
1531 1814 1639 1841 erunt
1649 1803 1868 1854 prudentio-

266 1877 335 1904 res,
350 1864 656 1913 singulorumque
666 1875 846 1913 generum
859 1863 963 1900 usum
975 1865 1110 1912 eligere
1123 1872 1302 1913 poterunt
1311 1864 1349 1899 in
1360 1860 1549 1911 operibus.
1571 1860 1671 1909 Ergo
1684 1860 1866 1908 quoniam

268 1921 314 1957 de
326 1919 630 1971 apparationibus
641 1919 692 1957 est
702 1919 945 1969 explicatum,
965 1920 1004 1955 in
1014 1914 1153 1955 caeteris
1164 1916 1475 1955 voluininibusnde
1484 1915 1565 1966 ipsis
1577 1915 1741 1952 :edificiis
1751 1925 1863 1964 expo-

269 1986 390 2015 netur,
398 1977 434 2013 ὃ(
446 1977 609 2027 primum
620 1974 844 2013 deDeorum
853 1975 1129 2011 immortalium
1140 1973 1278 2011 aedibus
1287 1971 1448 2014 sacris,&
1459 1970 1504 2009 de
1512 1983 1641 2012 earum
1649 1970 1869 2020 symmetriis

268 2031 307 2069 &
317 2030 628 2082 proportionibus
639 2032 710 2079 (uti
720 2030 818 2068 ordo
828 2029 1004 2081 postulat)
1017 2033 1053 2067 in
1063 2029 1229 2079 sequenti
1238 2027 1471 2079 perscribam.

269 2132 300 2166 a]
319 2127 468 2158 Philander.
491 2128 666 2168 Tyrrhenum
675 2138 746 2157 mare
758 2126 872 2156 inferum
882 2135 994 2155 vocatur
1006 2147 1013 2159 ,
1037 2125 1205 2153 Adriaticum
1217 2134 1282 2152 vero
1292 2123 1423 2163 superum.
1445 2126 1516 2164 Qae
1525 2125 1625 2154 abietes
1636 2137 1668 2155 ex
1684 2127 1818 2165 Apennini
1837 2135 1868 2153 ea

310 2179 384 2208 parte
396 2190 403 2202 ,
422 2180 480 2209 qua:
490 2170 522 2199 ad
533 2169 706 2209 Tyrrhenum
718 2179 791 2197 mare
802 2168 972 2207 protenditur
983 2188 990 2200 ,
1008 2165 1176 2194 advehuntur
1188 2187 1194 2197 ,
1214 2165 1341 2193 dicuntur
1351 2163 1505 2193 infernates.
1529 2168 1600 2203 Qae
1610 2176 1699 2195 autem
1709 2166 1742 2195 ab
1752 2178 1780 2195 ea
1789 2189 1795 2199 ‚
1808 2175 1867 2205 quae

310 2211 399 2250 vergit
412 2212 443 2239 ad
453 2221 524 2239 mare
536 2210 702 2239 Adriaticum
711 2231 718 2243 ,
729 2219 766 2238 eae
776 2209 927 2247 supernates
938 2208 1122 2236 nominantur.
1140 2205 1268 2234 Palladius
1279 2205 1326 2234 lib.
1338 2216 1381 2234 xr.
1392 2215 1415 2234 c.
1427 2217 1464 2241 ¹5-
1482 2205 1582 2239 scribit,
1594 2218 1758 2246 quaecunque
1768 2206 1781 2236 ὲ
1793 2216 1868 2246 parre

313 2251 462 2279 Meridiana
475 2253 613 2280 caeduntur
622 2273 629 2284 ,
648 2251 768 2280 utiliores
780 2247 833 2279 esse
844 2270 851 2282 ,
868 2259 927 2288 qua:
938 2259 1002 2278 vero
1013 2258 1044 2278 ex
1055 2246 1278 2287 Septentrionali,
1299 2248 1466 2285 proceriores
1478 2268 1485 2281 ‚
1504 2247 1547 2277 sed
1557 2245 1634 2279 facile
1644 2249 1741 2279 vitiari.
1766 2248 1815 2277 Sed
1833 2246 1866 2274 de

317 2301 346 2320 ca
358 2301 384 2320 re
393 2291 478 2332 legito
489 2292 629 2332 Theophr.
640 2291 686 2321 lib.
698 2303 723 2322 v.
732 2292 835 2322 Histor.
846 2290 933 2319 Planr.

1707 2982 1763 3020 M.
1788 2978 1866 3033 v1-j
