2023 3162
338 69 810 108 Vocasvrorzvii
870 65 1448 108 VITRUVIANORUM.
1661 83 1702 119 ις

164 138 204 176 Α
214 148 273 176 ττ
287 150 297 176 i
311 149 337 176 c
349 148 409 176 VR
420 148 442 173 G
455 148 512 174 Es.
542 137 627 174 Lib.
646 150 660 174 1
673 150 687 174 1
700 149 730 173 1.
746 148 823 186 cap.
839 146 871 176 3.
907 134 1097 176 „Altitudo
1107 138 1179 186 ejus
1200 135 1309 184 <basis
1329 142 1484 191 nempe)
1496 137 1535 190 st
1551 142 1708 178 Atticm-

104 207 167 248 ges
176 196 254 233 erit,
267 191 340 238 dvc.
353 194 538 231 Barbarus
553 208 560 231 :
581 194 751 231 Primum
762 204 880 243 genus
894 192 1115 243 Atticurges
1136 194 1271 231 dicitur
1283 224 1293 239 ‚
1313 195 1351 231 id
1361 194 1410 231 est
1423 221 1431 234 ‚
1445 195 1579 232 Attico
1598 209 1708 236 more

109 251 343 289 elaboratum
356 264 366 292 ·‚
393 249 717 298 quemadmodum
731 251 767 286 δε
781 250 1047 286 columnarum
1058 262 1173 300 genus
1182 250 1376 300 quoddam
1389 251 1610 301 Atticurges
1620 253 1708 290 dici-

108 318 186 345 tur:
208 306 309 344 unde
322 306 458 343 Plinius
469 306 531 343 lib.
543 317 659 342 xxxvi
672 334 679 341 .
693 317 772 356 cap.
790 316 853 345 23.
884 305 1036 342 Atticas
1055 308 1254 344 columnas
1275 308 1434 358 appellat
1451 310 1636 357 quaternis
1646 321 1708 346 :inn

108 364 203 413 gulis
223 364 302 414 pari
320 363 476 400 laterum
498 361 707 398 intervallo.
737 360 864 397 Baldus
877 373 889 396 .·
902 361 1099 399 Dubitabit
1116 361 1294 414 quispiam
1305 393 1315 409 ,
1326 375 1396 401 nec
1414 365 1478 401 abs
1497 376 1536 401 re
1547 389 1554 403 ‚
1579 374 1707 402 utrum

109 420 231 457 Attici
243 418 415 455 ordinem
427 417 696 455 Architecturae
709 419 902 468 proprium
913 417 1110 466 haberent3
1124 420 1180 456 uti
1192 419 1408 465 Tustanici,
1421 421 1547 457 Dores
1559 446 1568 460 ,
1582 422 1705 460 Iones,

110 472 303 513 Corinthii
317 479 327 511 ?
347 484 516 523 negatoe.
545 473 754 511 Corinthiae
765 474 902 523 species
912 475 972 511 illa
981 473 1100 511 affinis
1113 504 1124 520 ‚
1144 476 1202 512 vel
1214 474 1303 512 teste
1321 476 1498 515 Vitruvio
1509 506 1520 522 ‚
1541 479 1708 527 quicum

108 532 172 568 lib.
182 543 194 567 1
203 543 234 567 v.
250 542 329 581 cap.
344 536 379 566 6.
398 529 586 580 pollicitus
598 529 695 573 effer,
707 530 905 566 docturum
916 529 949 567 se
963 531 1101 579 quibus
1110 531 1252 580 legibus
1262 531 1546 570 ostiasacrarum
1556 533 1704 572 aedium,

108 588 267 631 Dorici,
288 587 412 624 ionici
425 610 433 624 ‚
448 585 660 635 Atticurgis
672 586 828 630 ordinis,
853 585 1115 623 constituenda
1126 586 1251 627 essent,
1271 589 1400 639 inipso
1420 590 1576 640 epilogo
1587 589 1609 626 s
1603 590 1707 627 ubin-

107 642 196 682 fert,
221 640 263 694 fi’
274 669 282 682 ‚
305 654 390 694 quas
400 642 550 677 rationes
559 640 681 678 ,edium
688 638 876 692 surarum
884 639 1185 693 infirmationibus
1195 652 1345 696 oporteat
1357 644 1439 697 fieri
1449 675 1460 690 ,
1475 647 1611 682 Doricis
1623 675 1633 691 ,
1652 649 1706 681 125-

107 701 191 735 m'cis
201 728 212 744 ,
234 693 487 750 Οονιηῑῇἐζίᾲιιε
497 693 650 749 opertbus
660 722 667 735 ,
689 694 913 749 quoadpotm't
925 721 933 735 ,
957 694 1116 748 attigtffi’.
1156 699 1230 738 Pro
1241 699 1439 751 Atticurge
1450 702 1559 750 igitur
1569 702 1708 739 Corin-

107 755 231 792 thium
244 752 429 792 substituit.
463 751 586 789 Bafim
595 752 732 790 habent
742 753 860 789 Attici
869 754 1072 802 propriam,
1087 765 1243 803 eamque
1253 756 1546 805 pulcherrimam
1558 785 1569 801 ,
1589 757 1626 794 &
1639 769 1707 795 cae-

109 813 194 848 tetis
204 806 385 848 omnibus
397 808 594 846 ordinibus
603 809 996 857 accommodam‚quae
1009 819 1112 846 nunc
1123 808 1200 847 sere
1210 810 1258 847 ab
1271 799 1577 861 omnibus(quod
1589 816 1705 851 etiam

108 867 247 904 factum
267 866 381 903 veteri
399 863 437 902 ὃς
458 865 603 902 meliori
623 876 706 902 aevo
717 894 726 908 ‚
753 864 951 914 antiquitas
969 864 1043 916 ipsa
1061 865 1190 914 docet)
1213 866 1330 915 vulgo
1351 866 1552 917 usurpatur.
1583 870 1706 913 Hujus

108 923 278 960 membra
288 918 458 973 partesve,
481 919 649 958 Plinthus
663 947 670 960 ‚
691 921 819 957 Torus
831 920 994 960 inferior,
1009 922 1140 959 Scotia
1151 949 1159 962 ‚
1183 924 1221 960 δε
1232 923 1363 959 Torus
1373 923 1551 973 superior.
1582 924 1705 962 Habe-

109 990 193 1016 mus
209 977 244 1014 &
255 978 400 1015 Atticas
413 976 609 1014 columnas
621 978 809 1026 quaternis
822 977 962 1026 angulis
971 1006 981 1020 ,
996 979 1074 1028 pari
1083 978 1238 1016 laterum
1250 979 1445 1016 intervallo
1455 1008 1466 1024 ‚
1486 979 1614 1029 quales
1624 979 1705 1018 sunt

109 1046 190 1084 quae
209 1035 248 1070 in
264 1031 413 1070 summo
437 1031 645 1084 Vespasiani
663 1031 939 1084 amphitheatro
959 1032 1180 1083 spectantur,
1203 1046 1362 1084 quarum
1375 1038 1413 1073 δε
1423 1036 1515 1072 Plin.
1536 1038 1705 1074 meminit

107 1091 172 1127 lib.
186 1095 245 1133 36.
258 1100 339 1139 cap.
356 1103 375 1127 2
386 1098 418 1128 3.
439 1100 658 1137 quanquam
671 1088 859 1139 depravati
872 1089 1023 1126 codices
1035 1101 1105 1141 pro
1116 1089 1251 1128 Atticis
1264 1093 1432 1140 antiquas
1445 1092 1582 1141 legant.

161 1144 198 1182 A
208 1156 232 1182 v
245 1158 264 1182 L
276 1157 298 1182 Α
318 1145 356 1181 R
369 1158 388 1181 F.
400 1156 424 1180 G
440 1158 450 1181 1
464 1157 498 1180 A.
529 1144 613 1181 Lib.
635 1157 670 1183 v.
691 1156 773 1195 cap.
796 1159 831 1190 7.
863 1142 943 1197 Ipsfe
955 1153 1068 1181 autem
1080 1152 1192 1182 Scenae
1201 1144 1287 1197 ficas
1298 1143 1424 1183 habent
1436 1157 1582 1184 rattones
1593 1146 1707 1200 expli-

105 1210 210 1245 ταῖς,
221 1201 267 1236 ita
278 1226 286 1240 ,
310 1209 349 1236 ut
360 1198 474 1236 mediae
484 1199 602 1237 valvae
612 1209 752 1237 ornatus
762 1197 910 1237 habeant
919 1200 1004 1237 aulae
1012 1203 1121 1254 regiae.
1151 1202 1286 1240 Baldus
1296 1216 1302 1238 :
1314 1203 1411 1239 Tres
1421 1205 1534 1242 valvae
1542 1214 1706 1254 portaeve

104 1261 143 1296 in
154 1257 268 1295 veteri
279 1265 380 1293 erant
392 1255 510 1293 Scena
520 1286 530 1301 ‚
551 1268 710 1306 quarum
721 1257 856 1301 media,
874 1259 1014 1294 caeteris
1033 1268 1116 1295 tum
1128 1258 1220 1295 loco
1233 1288 1244 1304 ‚
1263 1269 1349 1296 tum
1359 1271 1472 1311 opere
1482 1259 1561 1310 ipso
1572 1288 1583 1305 ‚
1598 1261 1706 1297 nobi-

109 1315 198 1358 lior,
209 1324 257 1350 eo
271 1313 428 1349 nomine
440 1313 544 1362 quod
556 1313 725 1362 Regum,
744 1315 908 1350 maxime
920 1314 958 1349 in
968 1314 1140 1364 Tragicis
1153 1343 1162 1358 ‚
1173 1314 1444 1365 repraesentaret
1455 1315 1706 1361 domicilium,

107 1368 317 1407 dicebatur.
347 1368 479 1406 Pollux
495 1366 657 1415 ssaaz‘Aq'ov
670 1372 708 1407 ὃς
721 1366 801 1410 aim
811 1363 949 1420 ἔνδοξον,
967 1370 1005 1407 id
1016 1371 1088 1417 est,
1101 1371 1264 1421 Regiam
1282 1370 1320 1408 δε
1340 1370 1524 1422 insignem
1541 1371 1705 1410 domum

105 1425 279 1477 appellat.

163 1482 202 1518 A
213 1494 235 1518 x
248 1493 259 1519 1
273 1493 301 1519 s.
331 1480 416 1518 Lib.
433 1494 446 1518 1
454 1494 489 1521 v.
504 1494 582 1533 cap.
599 1495 634 1520 2.
664 1489 707 1521 In
718 1479 1028 1536 contignationibus
1040 1508 1048 1522 ‚
1069 1483 1167 1535 tigna
1177 1475 1221 1521 ὦ·
1231 1495 1326 1520 axes.
1347 1483 1484 1522 Baldus
1499 1494 1507 1520 z
1525 1484 1598 1522 Pro
1608 1482 1704 1520 Assi-

104 1538 173 1575 bus
187 1537 287 1574 Axes
297 1536 389 1574 dixit
402 1538 605 1577 Vitruvius.
637 1539 733 1577 Sunt
743 1549 871 1577 autem
885 1538 985 1577 Axes
996 1539 1054 1584 hi,
1074 1551 1172 1588 quos
1183 1540 1271 1576 alias
1283 1539 1411 1577 afferes
1420 1539 1514 1577 dixit
1525 1566 1534 1579 ‚
1549 1551 1622 1576 nos
1642 1540 1704 1576 de-

104 1604 299 1632 currentes
309 1593 553 1646 appellamus.
583 1595 679 1634 Axis
689 1608 847 1646 quoque
858 1595 1051 1633 cardinem
1065 1594 1222 1632 denotat
1235 1624 1244 1640 ,
1269 1596 1368 1632 circa
1378 1608 1493 1645 quem
1502 1596 1616 1633 valvae
1625 1607 1705 1633 ver-

103 1651 236 1688 santur.
266 1649 388 1688 Graeci
399 1662 540 1690 vocant
549 1648 671 1704 εἴξωσι,
694 1665 767 1702 qua
777 1664 874 1690 voce
885 1652 981 1690 Axis
992 1654 1103 1689 etiarn
1114 1651 1264 1696 dicitur,
1275 1653 1340 1701 qui
1350 1663 1415 1703 per
1425 1652 1570 1688 coelum
1579 1662 1706 1690 notum

103 1706 271 1753 trajeitus
285 1731 292 1744 ‚
313 1705 411 1756 polis
421 1709 650 1747 terminatur.
683 1710 784 1746 Hinc
794 1709 897 1746 idem
906 1709 1055 1746 Vitruv.
1066 1709 1128 1745 lib.
1147 1720 1159 1743 1
1173 1719 1188 1743 1
1201 1720 1215 1743 1
1226 1735 1233 1742 .
1246 1718 1279 1744 c.
1295 1718 1328 1748 3.
1362 1707 1462 1745 Axes
1471 1708 1701 1746 volutarum,

102 1774 151 1799 ne
163 1760 353 1799 crassiores
365 1761 435 1799 fint
446 1775 560 1812 quam
571 1766 675 1803 oculi
686 1765 918 1814 magnitudo.
942 1767 1073 1819 Qem
1084 1764 1217 1801 locum
1227 1774 1422 1815 exponens
1432 1764 1623 1804 Barbarus,
1636 1765 1700 1808 ait,

103 1819 267 1870 quoniam
277 1818 508 1870 imaginamur
518 1819 677 1857 volutam
686 1830 852 1873 tanquam
857 1818 1052 1872 pulvinum
1063 1821 1102 1855 in
1111 1816 1240 1864 bacillo,
1248 1832 1319 1871 quae
1323 1830 1408 1872 pars
1419 1823 1470 1855 eft
1481 1818 1567 1855 oculi
1577 1849 1588 1864 ‚
1601 1832 1704 1856 axem

102 1872 228 1910 volutae
238 1874 469 1910 nominamus.
500 1876 559 1912 Cl.
571 1875 770 1914 Salmasius
782 1877 827 1913 de
839 1876 961 1913 modo
972 1874 1104 1912 usurar.
1121 1888 1135 1911 1
1144 1890 1208 1923 04.
1239 1873 1341 1925 Α’Ξων
1352 1887 1479 1913 revera
1489 1877 1577 1913 axis,
1592 1877 1702 1920 cujus

105 1931 144 1967 δε
163 1928 328 1967 formam
348 1928 386 1966 &
398 1929 502 1968 usum
519 1930 652 1970 habuit
670 1933 717 1970 ad
729 1931 929 1971 versandos
947 1932 1032 1970 illos
1050 1933 1197 1981 ligneos
1214 1930 1340 1969 afferes
1359 1933 1425 1980 qui
1443 1930 1704 1984 circumpositi

107 1995 208 2022 erant
222 1997 292 2022 axi.

864 2075 937 2132 53.

107 2203 173 2287 B
185 2203 219 2242 A
230 2215 253 2242 L
263 2214 306 2243 L1
317 2215 332 2240 s
341 2215 368 2241 T
377 2213 417 2242 A.
446 2203 531 2241 Lib.
551 2218 586 2242 x.
609 2218 688 2256 cap.
716 2217 730 2241 1
740 2210 774 2241 6.
805 2205 1021 2254 Ballssarum
1039 2207 1192 2244 rationes
1211 2207 1320 2243 variae
1334 2202 1423 2257 fimt
1435 2198 1701 2258 &dffrentes,-

187 2253 260 2298 &a
272 2259 622 2298 Balduszssellicum
633 2261 1026 2307 tormentuimGraeco
1043 2264 1202 2299 nomine
1215 2259 1278 2298 dm*
1293 2258 1325 2303 ΞΓ
1337 2257 1701 2306 eaemdv‚jacere.Mi-

106 2316 220 2354 rabile
234 2315 283 2354 est
295 2316 431 2353 Graeco
443 2314 517 2353 hoc
527 2317 721 2354 vocabulo
733 2315 885 2352 Graecos
895 2315 991 2365 ipsos
1000 2318 1060 2353 vix
1071 2315 1152 2353 usos
1166 2346 1176 2361 ,
1194 2318 1302 2366 quod
1314 2319 1351 2355 ὅ(
1372 2316 1516 2367 Lipsius
1527 2318 1699 2358 observa-

106 2374 172 2409 vit.
201 2372 397 2409 Libentius
406 2373 506 2408 enim
519 2374 556 2410 ὅ(
568 2371 794 2420 frequentius
807 2383 875 2421 pro
886 2371 1030 2409 Ballista
1041 2372 1234 2410 machinas
1246 2374 1352 2411 hasce
1361 2371 1569 2422 πετξοζόλες
1580 2402 1590 2417 ,
1612 2374 1700 2419 λιθυ-

108 2426 217 2468 Εᾶλες
227 2455 235 2468 ,
257 2424 487 2476 πῑφξσζολικσὶ
508 2427 570 2465 seu
579 2426 766 2478 οἱφετήϋα,
786 2424 906 2480 ὃκξροινοι
918 2428 1104 2466 malebant
1115 2429 1249 2468 dicere.
1279 2431 1411 2467 Heron
1420 2432 1459 2467 in
1469 2431 1700 2482 Belopoeicis

106 2484 268 2522 Ballistas
279 2482 589 2537 malinioe3}9ozvoe
600 2484 709 2522 dixit,
730 2494 770 2521 ut
782 2483 801 2520 a
822 2484 1030 2535 Catapultis
1050 2484 1228 2523 divideret
1240 2516 1250 2531 ‚
1269 2498 1359 2536 quas
1377 2484 1534 2530 aeffv'zvm
1543 2488 1700 2538 appella-

107 2542 172 2579 vit.
200 2540 359 2590 Augusti
369 2552 449 2579 aevo
461 2541 584 2591 (quod
595 2550 748 2577 annotat
761 2540 861 2577 idem
872 2540 1035 2592 Lipsius)
1047 2541 1196 2579 Ballistae
1207 2542 1424 2580 dicebantur
1436 2572 1446 2588 ,
1465 2544 1600 2592 quibus
1611 2542 1701 2593 lapi-

108 2596 172 2634 des
185 2623 193 2637 ‚
219 2597 431 2647 Catapultae
445 2627 456 2643 ,
473 2597 610 2646 quibus
630 2598 701 2634 tela
721 2596 972 2634 mittebantur.
992 2597 1176 2636 Posterior
1193 2608 1279 2636 aetas
1296 2600 1457 2638 variavit.
1479 2597 1578 2636 Vide
1595 2599 1699 2648 p'lura

107 2652 204 2704 apud
216 2653 380 2703 Lipsium
390 2654 452 2691 lib.
464 2653 510 2690 de
521 2652 706 2691 Machinis
722 2667 736 2697 3
750 2681 756 2689 .
767 2652 903 2703 dialog.
921 2663 955 2694 3.

164 2709 193 2745 B
204 2720 231 2747 A
242 2721 265 2747 L
274 2721 300 2747 τ
308 2722 334 2748 Η
345 2723 365 2748 E
375 2722 398 2748 1.
429 2709 512 2746 Lib.
537 2722 551 2746 1
564 2723 578 2746 1
594 2722 606 2745 i
617 2739 624 2746 .
636 2721 715 2761 cap.
734 2720 748 2749 3
761 2738 767 2745 .
790 2708 926 2747 Balthei
936 2705 977 2745 ab
990 2706 1098 2747 Abaco
1109 2705 1195 2746 hanc
1204 2706 1351 2746 habeant
1357 2708 1600 2761 projec'luram.
1620 2710 1699 2748 Bal-

110 2763 197 2801 dus:
212 2766 365 2815 Cinguli
376 2765 455 2803 sunt
463 2766 522 2803 seu
533 2767 699 2815 corrigia:
710 2767 747 2802 in
760 2766 929 2816 capitulis
946 2766 1164 2804 Ionicarum
1185 2767 1453 2803 columnarum
1465 2795 1475 2811 ‚
1486 2765 1620 2815 quibus
1633 2778 1699 2803 vo-

109 2819 273 2858 lutarum
293 2823 436 2872 pulvilli
453 2824 696 2860 terminantur
709 2852 718 2867 ,
742 2821 976 2859 similitudine
987 2821 1008 2857 a
1019 2822 1234 2859 militaribus
1253 2821 1406 2859 baltheis
1416 2822 1537 2860 duaa.
1558 2823 1700 2860 Salma-

111 2874 180 2912 sius
192 2877 237 2914 ad
248 2877 354 2915 illum
366 2879 497 2916 locum
510 2878 716 2916 Tertull.de
725 2877 760 2928 sp
766 2878 938 2915 oetaeulis
950 2892 957 2914 :
970 2878 1049 2914 Vias
1057 2886 1174 2914 autem
1183 2886 1309 2914 vocant
1319 2876 1474 2916 cardines
1484 2874 1697 2916 baltheorum

106 2939 170 2983 per
180 2929 359 2980 ambitum,
371 2930 445 2974 &a
466 2935 619 2973 Balthea
627 2945 741 2975 vocat
751 2934 1081 2987 praecinstionesflin
1094 2934 1213 2972 Solin.
1224 2946 1307 2985 pag.
1323 2949 1344 2982 9
1353 2947 1366 2972 1
1377 2950 1412 2982 9.

1511 2990 1540 3028 B
1550 3003 1573 3028 A
1586 3002 1611 3026 N
1622 3003 1644 3028 A
1655 3001 1696 3030 V-
