2023 3162
7 2825 9 2832 s
0 2715 11 2814 ..f-2⁶⁴2<
0 2535 11 2707 Musa-»f-—aeu
0 2502 6 2516 ‚„
0 2479 2 2483 -

494 98 1111 140 neARCHth-ZCTVRA
1167 97 1404 139 L1n.1x.
1667 116 1740 150 179

195 164 260 196 bris,
271 164 407 192 Francisce
416 165 475 193 Rex
485 166 594 204 Regum
606 161 787 203 potentissime
797 168 821 193 δι
833 160 1060 196 Christianissime,
1067 166 1098 193 ad
1110 166 1225 194 Fontem
1233 166 1352 195 Bleeium
1362 187 1369 198 .
1389 167 1441 195 five
1451 166 1665 196 Fontenibellum
1678 190 1684 201 ‚
1699 178 1744 197 aut

196 205 365 233 Callirrhoen
377 206 464 233 dicere
475 206 744 236 mavis,instituisti.ld
756 205 882 233 volumen
894 206 1083 245 GeorgiiValle
1094 204 1217 237 fuerat,in
1228 218 1282 247 quo
1291 217 1387 246 praeter
1398 208 1489 248 lingue
1503 210 1609 236 Doricae
1621 210 1742 247 proprie-

195 254 288 277 tatem,
301 249 325 273 St·
337 244 507 273 omissionem
518 247 656 283 spirituum
665 255 744 284 atquc
754 255 914 274 accentuum
923 267 930 278 ,
944 255 1001 284 qua:
1014 247 1040 274 in
1051 246 1166 286 legendo
1177 247 1299 276 nonnihil
1309 249 1484 276 exhibuerunt
1495 246 1675 279 difficultatis.
1692 260 1742 277 oc«

194 296 305 314 currunt
316 286 424 314 subinde
434 286 592 325 syllabarum
612 290 636 314 ἃ
648 287 797 314 dictionum
809 295 887 318 notat,
900 296 958 324 quae
967 286 1020 314 nea
1033 289 1132 315 Graecis
1141 289 1249 327 quidem
1259 289 1317 327 ipsis
1327 290 1385 317 satis
1394 288 1584 328 agnoscuntur.
1604 291 1696 328 ltaque
1707 300 1740 317 ex

193 337 228 354 eo
238 328 458 366 deprehendimus
470 346 476 357 ‚
494 336 551 364 quae
563 327 578 354 ,ἱ
597 327 671 354 Valla
682 328 778 354 tradita
786 325 868 354 effent
881 347 887 357 ‚
904 337 936 353 ao
950 328 1066 355 Eutocio
1076 326 1228 356 Ascalonita
1237 327 1424 368 scriptaesfein
1436 329 1602 358 Archimedis
1614 330 1675 357 libri
1685 328 1740 359 ἀὲ

194 366 307 404 contigue
318 369 335 396 (ἒ
347 367 462 404 κυλίνὲῥε
477 366 584 395 secundi
594 367 746 394 Tlieorema
756 368 956 406 primumquod
965 369 990 395 in
1002 378 1035 395 eo
1044 368 1190 397 doceretur
1197 370 1408 408 proportionales
1417 372 1514 398 medias
1523 371 1602 398 lineas
1612 371 1741 398 invenire.

193 409 280 446 Qod
287 418 377 437 autem
387 408 418 436 ad
429 407 569 435 Arcliitam
578 411 602 435 ἃ
616 407 817 435 Eratosthenem
829 429 836 440 ,
857 418 971 446 quorum
983 408 1028 436 liic
1038 410 1159 437 meminit
1172 412 1318 440 Vitruvius.
1329 412 1435 443 attinet,
1446 412 1572 450 quoniam
1583 411 1615 438 ab
1627 420 1742 449 utroque

192 445 298 478 brevius
309 450 404 477 tardita
414 449 482 476 ratio
493 447 640 479 videbatur,
652 458 731 485 quam
740 457 768 476 ut
781 447 794 476 a
807 448 897 475 multis
908 448 1022 488 intelligi
1033 447 1128 487 posset.
1139 451 1292 478 Ludovicus
1302 452 1434 480 Lucenius
1445 473 1451 485 ,
1473 461 1552 491 quern
1563 462 1616 479 non
1625 450 1703 479 semel
1715 452 1741 477 in

191 490 243 519 hoc
254 501 334 528 opere
345 488 566 526 nominavi‚quod
574 489 629 523 ejus
639 489 834 527 judiciumquo
843 488 899 516 sum
912 491 1008 517 Roma:
1019 487 1182 518 familiariter
1192 490 1426 532 usus‚magnopere
1434 492 1498 520 mihi
1508 493 1614 531 placuit.
1625 496 1649 520 St
1660 501 1743 519 unum

193 543 226 560 ex
237 531 362 559 omnibus
373 538 496 557 meorum
505 528 665 566 scriptorum
677 529 814 557 censorem
825 529 894 569 elegi
903 550 910 560 ,
929 539 972 557 me
981 531 1089 558 aue‘tore
1097 531 1234 569 explicuit.
1259 533 1344 571 Qod
1360 534 1376 560 ii
1387 532 1527 571 ascripsero
1537 554 1543 565 ‚
1565 532 1676 561 videbor
1688 542 1742 560 non

194 582 302 611 parvam
312 572 327 599 a
337 569 455 599 studiolis
463 565 548 597 iniisse
556 571 680 608 gratiam.
705 571 779 598 Prius
788 571 876 608 itaque
886 571 985 600 dicam.
996 580 1046 608 qua
1057 572 1161 599 ratione
1171 572 1215 599 ille
1226 574 1362 601 Archiram
1374 574 1427 601 duo
1437 574 1522 601 media
1533 573 1744 612 proportionalia

194 624 239 652 per
249 610 456 650 liemicylindros
466 607 594 638 invenill'e
604 611 745 642 existimet;
755 620 813 648 quae
825 611 916 637 eadem
924 611 958 638 est
968 611 1118 648 duplicandi
1130 611 1191 640 cubi
1202 613 1279 640 ratio.
1301 614 1406 641 Deinde
1415 614 1559 645 ostendam,
1568 624 1626 652 quae
1638 614 1667 641 lit
1677 614 1746 641 ratio

193 652 353 682 conficiendi
364 649 500 679 mesolabii
510 671 516 682 ,
528 651 695 678 instrumenti
704 650 734 678 ad
747 651 833 678 media
843 651 1054 689 proportionalia
1064 672 1071 683 ,
1090 661 1173 680 unum
1184 673 1190 684 ,
1212 653 1276 684 dito,
1287 663 1331 681 aut
1343 655 1415 692 plura
1424 654 1641 693 deprehendenda
1650 675 1657 684 .
1668 654 1747 682 cubi—

194 703 308 733 cumque
321 701 415 730 corpus
425 689 525 719 servata
535 690 620 731 figura
632 691 829 728 quantumlibet
839 692 989 730 augendum
1001 701 1034 718 ex
1046 692 1222 721 Eratosthenis
1231 694 1396 722 inventione.
1413 696 1486 731 Ergo
1498 697 1572 734 quod
1581 696 1614 723 ad
1628 694 1747 723 Architae

194 736 334 763 inventum
345 733 440 761 attinet
450 751 457 764 ‚
480 730 529 758 lint
540 732 607 759 datae
618 732 676 759 dux
688 733 766 760 rec‘tae
777 732 852 759 lineae
866 752 872 763 ,
894 731 911 758 b
922 741 946 759 c.
958 735 982 759 8:
995 741 1009 758 c
1020 731 1046 759 d.
1066 733 1136 759 inter
1146 743 1208 770 quas
1218 734 1280 761 duas
1292 735 1390 762 medias
1402 729 1615 774 proportionales
1626 737 1747 763 invenire

194 781 328 814 oporteat.
351 771 520 801 Describatur
529 772 643 800 circulus
656 773 672 799 b
682 782 706 804 c,
719 776 742 799 &
754 771 769 800 it
781 772 856 811 ligno
867 782 890 799 c.
902 782 947 810 per
955 772 1069 809 primam
1079 775 1166 811 quarti
1180 774 1296 802 Euclidis
1307 770 1419 802 ducatur
1428 776 1496 803 linea
1507 777 1612 814 aequalis
1628 786 1641 804 c
1651 776 1677 804 d.
1688 786 1746 814 quae

194 824 328 856 congruat
338 814 364 841 in
373 813 474 842 circulo
485 812 501 839 b
511 822 524 839 c
535 813 552 840 d
563 810 583 840 f.
601 816 625 840 δ(
637 812 682 840 fiat
691 813 763 841 resta
775 813 841 840 linea
853 810 1077 840 circumferentiae
1096 823 1109 840 c
1123 813 1148 841 d.
1166 817 1190 842 6<
1202 813 1258 842 liaec
1269 815 1360 843 eadem
1378 815 1447 843 linea
1457 825 1531 843 extra
1542 817 1671 845 circulum
1683 827 1748 855 pro-

195 858 310 889 duCta‚&
321 856 389 883 linea
400 863 418 893 g
429 853 516 891 li.quae
526 854 552 880 in
565 853 642 893 ligno
652 853 774 893 b.tangat
783 853 913 881 circulum
925 853 942 880 b
952 863 964 880 c
976 853 992 881 d
1002 851 1021 885 f,
1033 862 1194 882 concurrant
1206 856 1232 882 iri
1247 856 1322 895 ligno
1333 866 1360 894 g.
1374 865 1534 884 concurrant
1546 858 1616 884 enim
1630 867 1674 895 per
1686 867 1745 884 xvi.

194 902 219 927 ὃ(
230 907 302 925 xvxi.
318 892 522 929 tertiiejusdem.
535 895 560 921 8<
573 903 671 921 nonam
683 903 858 922 communem
867 893 1030 926 sententiam,
1042 905 1072 922 ac
1085 896 1209 933 quintum
1217 889 1386 934 postulatum.
1410 897 1513 925 Deinde
1522 898 1686 937 intelligatur
1698 897 1746 925 he-

194 937 367 976 micylindrus
378 935 478 963 etesius
487 936 514 961 in
523 933 691 963 semicirculo
712 934 728 962 b
739 945 752 962 c
763 935 788 962 d.
807 938 832 962 8<
844 935 870 962 in
882 935 978 962 eodem
987 933 1155 964 semicirculo
1166 935 1230 964 alius
1241 937 1331 965 fimilis
1349 936 1529 965 semicirculus
1539 939 1571 965 ad
1581 938 1692 977 angulos
1703 948 1746 965 re-

193 980 251 1008 Ctos
262 978 362 1005 erectus
373 997 380 1008 ,
390 984 445 1013 atq;
453 976 479 1002 in
488 975 741 1014 parallelogratnnio
752 974 940 1013 hcmycilindri
953 976 1061 1014 politus.
1079 986 1203 1014 ptaeterea
1215 977 1380 1018 intelligatur
1389 978 1460 1006 hunc
1468 978 1582 1006 eundem
1593 978 1748 1006 semicircu-

193 1019 249 1048 lum
259 1019 376 1046 erestum
387 1016 549 1044 circumduci
562 1016 647 1044 versus
658 1017 764 1056 lignum
774 1016 800 1047 d,
809 1016 864 1050 ejus
874 1016 1032 1044 dimetiente
1043 1016 1060 1044 b
1071 1026 1094 1044 c,
1105 1018 1139 1045 ab
1147 1018 1243 1045 'eodem
1256 1018 1406 1057 aequilibrio
1417 1019 1543 1057 nusquam
1554 1020 1661 1047 dimoto
1671 1039 1677 1050 ‚
1688 1022 1710 1046 3<
1721 1028 1746 1046 c.

193 1060 409 1099 fignomanente.
421 1055 557 1095 secareque
569 1055 610 1085 sua
623 1054 1034 1095 circumferentialiemicylindri
1043 1056 1209 1096 superficiem
1220 1068 1381 1092 convexam,
1393 1063 1416 1088 &
1426 1059 1573 1087 describere
1585 1061 1611 1087 in
1623 1070 1651 1087 ea
1661 1069 1748 1097 quan-

193 1101 253 1129 dam
263 1099 358 1127 lineam
370 1097 555 1137 cylindricam,
563 1098 641 1126 instar
651 1099 742 1136 utique
753 1106 853 1128 earum,
868 1098 962 1136 quibus
974 1098 999 1125 in
1009 1097 1116 1126 horario
1125 1099 1249 1138 cylindro
1259 1099 1384 1128 horarum
1396 1099 1475 1138 spatia
1484 1101 1693 1139 distinguuntur3
1704 1101 1748 1127 in-

193 1141 383 1180 telligaturque
392 1137 476 1166 rursus
486 1138 651 1178 triangulum
670 1149 684 1166 c
696 1139 713 1165 b
725 1148 753 1178 g.
775 1147 899 1165 manente
909 1138 963 1173 ejus
974 1139 1058 1166 altero
1068 1140 1150 1168 latere
1169 1150 1182 1167 c
1195 1139 1223 1173 b,
1237 1141 1310 1179 quod
1321 1141 1414 1169 circuli
1433 1141 1450 1168 b
1461 1151 1475 1169 c
1487 1142 1503 1169 d
1514 1138 1531 1168 f.
1549 1142 1691 1169 dimetiens
1702 1141 1749 1172 est,

193 1183 220 1210 in
231 1180 378 1219 oppositam
389 1188 489 1218 partem
503 1200 510 1211 ,
529 1189 608 1218 quam
619 1188 708 1207 motus
720 1178 769 1206 fuit
779 1178 967 1211 semicirculus,
980 1180 1161 1211 circumverti,
1176 1184 1199 1208 &
1211 1180 1359 1210 describere
1368 1181 1454 1209 altero
1465 1182 1544 1210 latere
1564 1191 1577 1209 c
1588 1191 1606 1220 g
1616 1202 1622 1212 ,
1636 1190 1680 1219 per
1691 1190 1736 1209 xvi
1746 1200 1754 1206 .

193 1219 382 1250 diffinitionem
392 1219 534 1251 undecimi.
544 1221 666 1248 tonicam
675 1218 911 1258 superficiem,quae
922 1220 1034 1247 obvians
1045 1220 1121 1248 lineae
1134 1221 1285 1260 cylindricae
1297 1231 1440 1250 concurret
1454 1223 1478 1249 in
1492 1223 1618 1250 exteriori
1630 1231 1751 1249 convexa

193 1261 381 1301 hemicylindri
391 1258 525 1298 superficie
537 1281 544 1292 ,
564 1261 590 1288 in
598 1261 687 1299 aliquo
697 1271 728 1288 ex
739 1260 777 1288 his
787 1281 793 1292 ,
812 1270 870 1298 quse
881 1269 957 1288 erunt
967 1261 994 1288 in
1003 1261 1094 1288 eadem
1107 1262 1174 1289 linea
1186 1272 1199 1289 c
1210 1271 1235 1302 g.
1246 1262 1316 1290 inter
1326 1263 1352 1290 d.
1365 1266 1388 1290 δε
1400 1272 1427 1301 g.
1439 1266 1463 1290 St
1476 1261 1527 1291 hoc
1537 1262 1641 1302 lignum
1653 1262 1682 1289 (it
1694 1261 1721 1290 k.
1733 1261 1750 1290 a

194 1313 251 1343 quo
259 1303 291 1331 ad
301 1303 408 1341 planum
417 1300 610 1329 semicirculum
620 1301 661 1330 bc
671 1302 696 1329 d.
708 1302 847 1333 excitetur,
857 1308 902 1339 per
911 1310 951 1328 xr.
962 1302 1108 1334 undecimi,
1127 1303 1347 1341 perpendicularis
1358 1294 1426 1331 linea
1437 1301 1454 1330 k
1467 1313 1492 1336 n,
1504 1313 1561 1342 quae
1573 1304 1599 1330 in
1611 1302 1692 1341 ipsam
1705 1303 1749 1330 in-

195 1345 266 1373 cidet
274 1341 431 1371 semicirculi
441 1340 691 1375 circumferentiam,
706 1343 731 1370 in
743 1352 793 1381 qua
804 1341 990 1380 hemicylindri
1001 1342 1149 1381 superficies
1159 1364 1165 1373 ,
1182 1344 1227 1371 ubi
1237 1345 1272 1371 est
1283 1344 1388 1384 rignum
1400 1343 1427 1377 k,
1438 1341 1489 1372 fuit
1499 1345 1597 1375 ereChu
1608 1347 1632 1372 δέ
1646 1353 1749 1372 conne-

195 1386 301 1414 ctantur
311 1384 384 1422 ligna
394 1392 407 1410 c
416 1392 442 1414 n,
455 1385 479 1410 δι
492 1383 655 1423 intelligatur
664 1383 734 1411 linea
750 1393 763 1410 c
777 1381 803 1410 k.
817 1383 853 1410 Ea
863 1385 921 1410 tum
933 1384 1001 1410 ratio
1010 1385 1060 1410 erit
1076 1393 1090 1411 c
1101 1384 1126 1410 b.
1138 1384 1168 1411 ad
1180 1394 1194 1412 c
1206 1383 1232 1412 k.
1247 1395 1304 1422 quae
1317 1395 1330 1413 c
1342 1384 1370 1413 k.
1380 1385 1412 1412 ad
1421 1395 1434 1412 c
1446 1395 1472 1412 n.
1490 1388 1513 1413 ὃς
1525 1395 1583 1423 qua:
1595 1394 1608 1412 c
1621 1395 1645 1411 n.
1655 1383 1687 1411 ad
1696 1393 1710 1411 c
1719 1383 1748 1412 d.

197 1424 282 1465 Qod
293 1433 322 1452 ut
336 1423 486 1451 ostendatur
497 1424 532 1451 ita
542 1423 645 1456 habere,
657 1425 808 1452 excitentur
818 1433 862 1459 per
872 1433 949 1452 xxxi.
961 1425 1037 1461 primi
1048 1424 1121 1452 lineae
1135 1435 1153 1465 g
1163 1424 1180 1452 b
1192 1424 1217 1452 h.
1230 1424 1245 1454 a
1259 1426 1335 1465 ligno
1344 1426 1373 1456 d,
1384 1426 1536 1464 parallelum
1548 1428 1565 1453 d
1574 1423 1599 1457 f,
1609 1434 1667 1462 qux
1678 1434 1747 1451 con-

195 1474 274 1511 gruat
286 1466 312 1492 in
325 1464 426 1492 circulo
435 1463 452 1491 b
462 1473 475 1491 c
486 1462 528 1492 df.
539 1463 613 1504 fiarq;
623 1465 692 1493 rec'ta
701 1461 924 1492 circumferentiae
934 1464 950 1491 d
961 1462 978 1492 s.
988 1465 1189 1506 &intelligatur
1201 1466 1305 1506 lignum
1317 1466 1494 1495 d.describere
1505 1467 1531 1493 in
1540 1476 1601 1493 coni
1611 1463 1748 1502 liiperficie

193 1505 388 1535 semicirculum
397 1505 414 1532 d
425 1514 452 1532 m
460 1501 476 1532 f.
487 1515 560 1539 culus
569 1504 710 1534 dimetiens
720 1505 771 1533 fitd
781 1503 800 1533 f.
811 1504 1044 1544 describanturque
1054 1506 1100 1534 ista
1110 1508 1344 1545 omnia,quantum
1353 1517 1392 1535 res
1403 1507 1453 1546 ipsa
1465 1507 1618 1546 pati.tur‚in
1629 1504 1749 1541 subjecto

194 1547 312 1586 plan0.in
321 1556 375 1584 quo
386 1545 479 1573 habeat
489 1546 647 1584 positionem
658 1555 745 1575 motus
753 1546 861 1585 quidem
871 1545 1049 1575 semicirculus
1058 1546 1074 1574 b
1082 1557 1095 1574 c
1104 1545 1132 1574 k.
1144 1548 1326 1586 Triangulum
1335 1558 1399 1575 vero
1409 1548 1490 1586 usque
1500 1547 1531 1576 ad
1539 1547 1575 1575 sui
1586 1546 1663 1585 iplius
1673 1545 1753 1574 semi-

194 1588 316 1625 circuliq·.
329 1588 355 1614 in
365 1587 491 1614 exteriori
501 1586 828 1629 hertiicylindrisuperlicie
839 1596 1014 1615 communem
1024 1586 1166 1616 sectionem
1179 1587 1434 1619 circumdustummt
1442 1589 1476 1616 est
1487 1588 1521 1615 bl
1532 1589 1663 1627 c.flgnum
1675 1585 1753 1622 liujus

194 1628 346 1657 communis
355 1627 475 1655 sectionis
486 1628 516 1655 fit
527 1626 554 1656 k.
567 1631 589 1656 8(
601 1627 779 1656 semicirculus
792 1638 871 1667 quem
882 1627 1007 1656 describit
1016 1628 1042 1658 d,
1054 1628 1082 1655 lit
1094 1628 1110 1655 d
1121 1637 1146 1655 m
1155 1625 1172 1655 f.
1185 1631 1209 1655 δε
1221 1628 1442 1666 perpendicularis
1452 1628 1467 1657 ὲ
1480 1628 1555 1668 (igno
1565 1626 1592 1655 k.
1603 1628 1628 1654 in
1641 1627 1750 1665 planum

194 1669 394 1697 semicirculum
404 1668 564 1699 incidens,fit
576 1669 644 1696 linea
653 1667 672 1696 k
682 1679 708 1696 n:
718 1679 776 1707 quae
787 1670 913 1707 quoniam
924 1669 959 1696 est
969 1670 994 1695 in
1005 1667 1140 1706 superficie
1151 1668 1309 1696 semicirculi
1320 1679 1334 1696 c
1346 1669 1363 1696 b
1373 1667 1401 1700 k,
1413 1669 1518 1708 lignum
1528 1679 1553 1702 n,
1564 1669 1589 1695 in
1600 1668 1671 1706 quod
1683 1668 1752 1696 inci-

194 1711 240 1738 det
252 1731 258 1740 .
269 1710 356 1745 erit-‘in
367 1719 421 1747 quo
429 1708 543 1743 ejusdem
555 1708 711 1738 semicirculi
721 1711 872 1742 dimetiens,
883 1710 928 1748 qui
939 1709 972 1737 est
985 1719 997 1736 c
1011 1709 1028 1735 b
1037 1729 1043 1740 ,
1061 1708 1129 1736 secat
1143 1710 1166 1736 in
1177 1719 1205 1736 ea
1217 1710 1331 1747 politura
1340 1708 1583 1738 circumferentiam
1594 1706 1754 1736 semicirculi

195 1749 213 1777 b
224 1760 237 1777 c
247 1750 273 1777 d.
294 1751 397 1778 Deinde
409 1751 603 1779 connectantur
615 1751 687 1789 ligna
704 1760 719 1777 n
729 1760 743 1778 c
755 1750 822 1778 linea
833 1751 912 1780 rec‘ta,
924 1757 982 1788 qua:
993 1759 1006 1776 c
1017 1749 1042 1776 b.
1054 1749 1226 1777 demetientis
1237 1749 1395 1778 semicirculi
1407 1750 1424 1777 b
1435 1760 1448 1778 c
1459 1751 1488 1783 d,
1499 1750 1523 1777 in
1535 1760 1564 1778 ea
1572 1758 1653 1788 quam
1665 1748 1751 1776 modo

194 1791 348 1818 dicebamus
360 1791 474 1828 politura
486 1812 492 1822 ,
503 1801 560 1830 pars
571 1792 618 1819 erit
631 1812 637 1823 ,
657 1791 803 1830 eademque
814 1790 910 1819 secabit
919 1790 1015 1818 lineam
1025 1791 1040 1818 d
1051 1787 1069 1817 f.
1080 1793 1103 1819 3<
1116 1790 1184 1819 secet
1196 1791 1221 1818 in
1230 1791 1306 1832 liguo
1315 1801 1341 1830 p.
1363 1793 1400 1818 At
1410 1791 1479 1819 linea
1490 1800 1503 1819 c
1514 1800 1542 1830 g,
1560 1790 1617 1817 imo
1627 1798 1714 1817 veroc
1725 1788 1744 1816 l.

194 1831 263 1859 latus
275 1832 399 1869 tiranguli
410 1832 441 1858 ad
451 1832 542 1859 locum
553 1833 703 1860 communis
714 1831 834 1860 sectionis
846 1842 907 1860 cum
915 1831 1081 1859 semicirculo
1091 1832 1236 1860 deductum
1249 1853 1256 1864 ,
1266 1841 1295 1860 ut
1304 1832 1452 1870 expositum
1463 1829 1513 1859 fuit
1526 1852 1532 1862 ‚
1548 1830 1617 1858 secet
1625 1828 1746 1858 semicir-

195 1872 310 1905 culumd
320 1869 379 1902 ms,
391 1872 416 1898 in
429 1881 464 1898 m.
478 1873 502 1899 id
513 1873 557 1905 est,
567 1873 683 1913 tignum,
701 1873 772 1911 quod
783 1874 808 1900 in
819 1873 863 1900 ista
874 1872 999 1912 trianguli
1011 1872 1126 1910 politura
1137 1871 1258 1900 describit
1268 1873 1294 1904 d.
1307 1872 1337 1900 fit
1347 1882 1382 1900 m.
1402 1873 1650 1909 connectanturque
1669 1870 1749 1899 restis

194 1913 270 1941 lineis
283 1913 355 1952 ligna
364 1911 382 1940 k
393 1911 446 1940 lx&
459 1922 484 1940 m
496 1917 550 1941 m&
561 1924 586 1941 m
599 1925 621 1952 p.
638 1914 746 1952 Qibus
759 1913 790 1941 sic
800 1913 940 1951 drspofiris,
949 1914 1077 1951 quoniam
1087 1922 1197 1952 uterque
1207 1911 1436 1941 semicirculorum
1447 1912 1464 1940 b
1473 1922 1486 1941 c
1497 1911 1558 1940 k.&
1568 1912 1584 1939 d
1597 1921 1623 1939 m
1634 1908 1652 1938 f.
1663 1911 1693 1939 ad
1705 1921 1753 1939 an-

196 1954 275 1994 gulos
286 1954 372 1982 restes
383 1953 410 1980 iu
421 1953 517 1981 eodem
527 1953 733 1992 subjessorplano
743 1956 845 1982 erectus
855 1954 889 1981 est
900 1975 907 1984 ,
924 1963 974 1981 erit
982 1954 1049 1981 linea
1061 1963 1160 1981 mutuae
1170 1954 1293 1982 sestionis
1304 1954 1456 1981 communis
1468 1954 1573 1992 utrique
1584 1962 1629 1991 per
1640 1953 1751 1980 tertiam

197 1998 222 2022 ἀ
233 2002 354 2033 quartam
364 2004 404 2026 xi,
412 1994 529 2023 incidens
538 1995 568 2023 ad
581 1995 693 2034 angulos
703 1995 790 2023 restos
802 1995 826 2021 in
836 1994 973 2032 planitiem
983 1994 1075 2022 circuli
1085 1994 1101 2021 b
1111 2004 1124 2021 c
1136 1994 1151 2021 d
1161 1991 1189 2025 f,
1201 1993 1472 2033 perpendicularisque
1488 1993 1639 2021 dimetienti
1657 1993 1673 2021 d
1682 1990 1701 2022 f.
1725 1995 1752 2020 8<

197 2044 243 2072 per
253 2044 321 2062 xttr.
332 2034 407 2067 sexti,
416 2036 503 2063 media
513 2036 720 2074 proportionalis
732 2035 859 2063 linearum
871 2046 886 2072 p
897 2032 915 2062 f.
927 2038 950 2063 St
964 2045 979 2073 p
988 2034 1014 2063 d.
1033 2034 1064 2062 fit
1074 2044 1163 2062 autem
1173 2045 1201 2062 ea
1213 2045 1240 2062 m
1251 2046 1276 2073 p.
1295 2036 1370 2070 cujus
1378 2036 1534 2074 quadratum
1543 2044 1587 2073 per
1598 2043 1672 2061 xvrr.
1684 2031 1750 2060 sexti

198 2084 304 2113 aequum
315 2076 364 2102 erit
373 2075 623 2116 parallelogrammo
632 2087 663 2104 ex
676 2087 691 2115 p
701 2074 718 2104 f.
728 2080 751 2104 ὃς
761 2086 776 2114 p
786 2076 811 2104 d.
822 2077 908 2106 lineis,
919 2079 943 2104 Sc
956 2085 1001 2114 per
1012 2086 1091 2103 xxxv.
1104 2077 1180 2103 tertii
1193 2096 1199 2108 ‚
1208 2078 1258 2103 erit
1271 2077 1362 2104 eadem
1373 2078 1398 2103 in
1409 2087 1433 2114 p.
1452 2075 1539 2103 n'iedia
1548 2072 1757 2112 proportionalis

199 2115 269 2142 inter
279 2115 358 2143 lineas
369 2125 382 2142 c
395 2126 419 2153 p.
429 2119 451 2143 St
461 2126 476 2154 p
486 2127 510 2143 n.
523 2117 706 2156 triangulaque
719 2127 744 2144 m
755 2127 768 2144 c
780 2120 831 2155 μδ(
843 2127 858 2154 p
871 2127 886 2144 n
897 2126 932 2143 m.
944 2125 1020 2144 erunt
1032 2127 1077 2154 per
1089 2116 1392 2144 v1.&1v.sextifimi1i.1
1403 2121 1427 2144 δε
1440 2115 1657 2154 proportionalia.
1669 2122 1756 2151 quum

200 2155 250 2183 sint
258 2156 350 2196 anguli
359 2155 390 2183 ad
401 2166 426 2194 p.
435 2157 508 2188 recti,
520 2160 544 2185 St
555 2158 658 2185 circum
667 2168 712 2185 eos
725 2158 807 2185 latera
817 2156 1034 2196 proportionalia.
1058 2158 1107 2185 Sed
1117 2158 1243 2195 quoniam
1256 2167 1282 2184 m
1294 2167 1309 2184 ri
1320 2167 1343 2194 p.
1353 2161 1376 2185 St
1389 2167 1401 2184 c
1414 2166 1440 2183 m
1452 2167 1477 2194 p.
1496 2154 1688 2182 subtenduntur
1695 2163 1760 2192 pro-

200 2196 359 2235 portionalia
368 2195 450 2224 latera
459 2216 467 2228 ,
478 2207 556 2225 erunt
567 2219 573 2230 ,
585 2208 630 2235 per
641 2207 680 2225 vt.
691 2197 774 2230 sexti,
788 2197 879 2236 anguli
888 2196 999 2234 aequales
1009 2218 1015 2227 ,
1034 2200 1058 2224 8(
1071 2207 1114 2234 per
1125 2197 1234 2224 eandem
1245 2199 1358 2236 angulus
1367 2207 1393 2223 m
1403 2206 1416 2224 c
1428 2207 1451 2234 p.
1463 2195 1564 2234 angulo
1574 2205 1589 2222 n
1600 2204 1627 2224 m
1638 2205 1662 2232 p.
1675 2195 1757 2222 etiam

200 2236 305 2275 aequalis
318 2249 324 2268 ;
336 2237 438 2274 eritque
450 2247 496 2274 per
507 2247 594 2265 xxxii.
608 2239 696 2275 primi,
714 2242 738 2266 &
749 2248 783 2265 ir.
794 2246 968 2265 communem
976 2235 1131 2264 sententiam
1141 2257 1148 2267 ,
1159 2237 1271 2275 angulus
1282 2247 1297 2263 n
1310 2247 1335 2264 m
1345 2247 1367 2264 c.
1380 2237 1478 2267 rectus,
1489 2240 1512 2263 δι’
1524 2235 1657 2274 triangula
1666 2245 1720 2262 nm
1731 2244 1755 2262 c-

162 2302 165 2303 .
201 2280 226 2306 δι
236 2287 252 2304 n
264 2287 290 2304 m
300 2287 325 2315 p.
337 2280 361 2305 Sc
371 2286 398 2304 m
409 2287 422 2304 c
432 2288 456 2315 p.
467 2277 499 2304 ad
508 2278 625 2306 invicem
636 2278 736 2305 limilia.
760 2279 793 2304 Et
806 2276 889 2304 rursus
901 2277 1030 2314 quoniam
1039 2277 1149 2316 angulus
1162 2275 1179 2304 k
1191 2288 1205 2303 n
1218 2287 1241 2303 c.
1250 2278 1334 2305 rec‘tus
1346 2278 1382 2304 est
1392 2287 1437 2315 per
1446 2275 1714 2315 liypothelini‚atque
1723 2275 1760 2302 ita

204 2317 305 2358 angulo
315 2327 342 2344 m
354 2328 368 2355 p
378 2327 401 2345 c.
412 2317 518 2356 :equalis
528 2339 535 2350 ,
546 2322 569 2346 δι
580 2318 692 2357 angulus
701 2328 717 2344 n
730 2327 742 2344 c
754 2316 782 2344 k.
792 2317 942 2344 communis
953 2317 988 2344 est
999 2315 1018 2344 k
1029 2327 1044 2343 n
1055 2327 1078 2344 c.
1099 2320 1123 2344 «St
1136 2326 1161 2343 m
1173 2327 1188 2355 p
1200 2327 1220 2344 c.
1231 2317 1369 2356 triangulis
1380 2338 1386 2348 ‚
1406 2326 1482 2345 erunt
1494 2318 1576 2345 etiam
1587 2326 1615 2344 ea
1625 2316 1758 2356 triangula

202 2369 248 2397 per
255 2357 358 2386 easdem
371 2357 528 2398 aequangula
541 2379 547 2389 ‚
557 2367 586 2386 ac
599 2359 712 2385 omnino
723 2357 814 2385 limilia
825 2379 831 2388 ,
853 2367 901 2385 nec
912 2367 966 2384 non
977 2360 1001 2384 St·
1013 2357 1177 2395 triangulum
1187 2367 1199 2384 c
1213 2355 1231 2385 k
1243 2357 1269 2385 b.
1287 2357 1382 2386 eisdem
1394 2358 1476 2386 finiile
1488 2379 1494 2390 ‚
1512 2366 1595 2396 quum
1607 2357 1636 2384 {it
1646 2357 1760 2396 angulus

201 2398 246 2428 bk
255 2409 280 2432 c,
291 2409 337 2438 per
344 2409 422 2426 xxxi.
432 2399 599 2429 tertii.etiam
607 2400 701 2427 rec'lus.
714 2399 769 2426 Erit
781 2397 941 2438 igitur‚licut
951 2397 1001 2427 <zb-
1009 2397 1040 2425 ad
1050 2408 1064 2425 c
1074 2396 1101 2425 k.
1110 2398 1191 2425 latera
1199 2399 1325 2438 trianguli
1335 2399 1352 2426 b
1362 2408 1376 2426 c
1388 2397 1414 2427 k.
1425 2399 1527 2426 circum
1537 2398 1666 2437 angulum
1677 2399 1693 2424 b
1703 2407 1716 2423 c
1729 2395 1757 2428 k,

201 2439 235 2468 fic
248 2450 293 2478 per
305 2449 344 2467 tv.
354 2439 429 2472 sexti,
439 2439 489 2467 ck.
504 2439 536 2467 ad
547 2449 560 2467 c
573 2449 598 2467 n.
609 2449 666 2477 quae
679 2439 747 2467 circa
757 2438 868 2466 limilem
879 2459 885 2470 ,
899 2438 954 2465 imo
965 2438 1078 2466 eundem
1089 2449 1104 2466 n
1116 2448 1128 2466 c
1142 2436 1169 2466 k.
1179 2439 1307 2478 angulum
1315 2439 1441 2476 trianguli
1452 2449 1466 2467 c
1479 2450 1494 2466 n
1507 2437 1533 2466 k.
1550 2439 1632 2477 polita
1641 2436 1717 2467 sunt,
1736 2440 1762 2464 Sc

201 2482 283 2519 arquis
291 2480 395 2520 angulis
405 2481 431 2507 in
441 2480 516 2508 iimili
526 2479 661 2519 triangulo
672 2480 790 2507 finiiliter
798 2478 1001 2511 subtenduntur;
1013 2482 1037 2507 ἃ
1047 2489 1091 2517 per
1103 2479 1374 2518 eandem,eodemque
1385 2473 1467 2508 inodo
1478 2480 1542 2507 ficut
1552 2489 1565 2506 c
1576 2478 1601 2505 k.
1611 2478 1641 2505 ad
1653 2488 1665 2505 c
1678 2488 1704 2509 n,
1724 2477 1759 2504 {ic

202 2531 217 2550 c
227 2531 253 2548 n.
263 2522 295 2549 ad
305 2531 319 2548 c
331 2531 365 2548 m.
377 2521 458 2548 latera
467 2521 592 2560 trianguli
602 2532 617 2548 n
629 2531 642 2548 c
656 2530 691 2547 m.
703 2521 807 2548 circum
817 2519 945 2559 angulum
957 2530 971 2547 n
983 2530 996 2547 c
1009 2529 1044 2548 m.
1054 2520 1104 2547 Sed
1115 2517 1282 2548 manifestum
1291 2521 1358 2552 est.c
1370 2531 1406 2548 m.
1418 2518 1469 2548 effe
1479 2520 1605 2557 :equalem
1617 2528 1629 2545 c
1639 2519 1665 2545 d.
1675 2527 1759 2555 quum

202 2562 233 2590 fit
243 2557 386 2594 neceffe,d.
395 2565 418 2589 St
432 2571 469 2588 m.
479 2561 549 2600 ligna
560 2560 574 2589 a
586 2571 609 2588 c.
623 2570 683 2589 cun-i
695 2559 800 2600 fastigio
811 2560 947 2598 aequaliter
957 2560 1059 2591 distare,
1072 2570 1104 2587 eo
1115 2560 1186 2599 quod
1196 2562 1221 2587 in
1231 2561 1334 2589 circulo
1345 2561 1378 2589 ab
1388 2571 1441 2590 uno
1450 2565 1474 2589 ὃς
1486 2561 1581 2587 codem
1592 2560 1666 2598 figno
1675 2560 1699 2585 in
1710 2568 1761 2585 co-

202 2601 372 2641 nisuperficie
382 2601 584 2640 circumscripto
594 2602 677 2639 possta
687 2601 832 2629 sunt.lnter
843 2602 859 2628 b
869 2610 891 2628 c.
904 2601 987 2640 igitur
999 2605 1023 2628 8<
1032 2611 1045 2628 c
1057 2601 1082 2628 d.
1095 2602 1202 2629 inventa
1211 2603 1352 2630 eruntduo
1363 2602 1448 2629 media
1460 2600 1668 2639 proportionalia
1679 2609 1692 2626 c
1702 2597 1759 2626 k&

201 2653 216 2672 c
230 2654 257 2670 n.
267 2643 338 2681 quod
348 2640 432 2670 fuerat
443 2642 645 2670 ostendendum.
669 2644 806 2670 Caeterum
816 2642 943 2680 quoniam
954 2641 1100 2679 problema,
1112 2652 1165 2669 nori
1177 2641 1315 2670 theorema
1326 2642 1393 2670 istud
1402 2642 1447 2672 est.
1460 2651 1512 2668 non
1524 2640 1641 2667 alienum
1654 2641 1704 2667 erit
1715 2649 1761 2667 ex-

201 2684 308 2723 plicare,
318 2693 374 2722 quo
385 2684 463 2721 paito
472 2682 615 2711 istiusmodi
627 2683 712 2711 media
724 2693 767 2721 per
778 2682 844 2710 lianc
857 2682 936 2720 ipsam
948 2683 1181 2710 ratiocinationem
1194 2693 1247 2710 non
1259 2692 1314 2710 tam
1325 2683 1450 2717 intelligi.
1460 2691 1540 2719 quam
1553 2691 1579 2707 re
1590 2679 1763 2718 ipsainveuiri

203 2733 312 2763 queant,
322 2734 401 2763 atque
411 2724 527 2751 inventis
537 2724 677 2762 quomodo
687 2725 724 2751 uti
735 2720 877 2762 possimus:
899 2723 946 2750 etii
964 2722 1015 2750 hoc
1027 2722 1211 2751 Eratosthenes
1223 2732 1313 2762 neget,
1324 2733 1369 2761 per
1381 2716 1446 2749 haim
1460 2721 1576 2749 Architae
1588 2722 1762 2749 traditionem

202 2762 275 2803 poffe
286 2763 352 2792 fieri.
373 2767 494 2793 Statuam
506 2765 588 2804 igitur
598 2764 629 2792 acl
639 2764 756 2792 libellam
767 2764 903 2801 planitiem
914 2784 920 2793 ‚
939 2762 1127 2802 descriptisque
1138 2765 1163 2790 in
1176 2773 1215 2793 ea.
1225 2764 1328 2791 circulo
1338 2764 1355 2790 b
1365 2773 1378 2790 c
1390 2764 1405 2790 d
1415 2760 1431 2790 f.
1446 2762 1519 2800 super
1530 2771 1654 2789 centrum
1664 2772 1680 2800 q
1693 2783 1699 2793 ‚
1713 2762 1762 2789 tri-

203 2806 304 2845 angulo
313 2805 329 2833 b
338 2815 351 2833 c
360 2815 388 2846 g.
398 2806 467 2833 linea
477 2815 490 2832 c
500 2805 525 2836 d.
537 2815 566 2832 ac
578 2805 736 2833 dinietiente
747 2805 764 2831 b
773 2815 786 2832 c
801 2818 808 2839 3
820 2814 879 2842 qua:
892 2805 982 2831 omnia
992 2803 1113 2842 proposui
1131 2805 1156 2830 in
1169 2804 1247 2841 plano
1254 2803 1365 2832 describi
1374 2812 1499 2841 oportere
1512 2816 1517 2834 ;
1539 2802 1695 2841 insuperque
1706 2802 1719 2830 ,ἰ
1731 2802 1762 2829 fi-

205 2855 262 2883 gno
270 2855 294 2874 c.
304 2846 372 2874 linea
383 2856 396 2874 c
409 2845 432 2873 h.
445 2855 502 2884 qux
513 2846 542 2873 sit
552 2846 658 2884 aequalis
669 2845 685 2872 b
697 2855 712 2884 q
725 2858 730 2875 ;
746 2849 770 2872 ὅ(
783 2853 914 2884 congruat
926 2843 1092 2872 semicirculo
1101 2844 1119 2871 b
1130 2854 1143 2871 c
1154 2845 1178 2871 d.
1202 2845 1264 2875 His,
1274 2845 1392 2882 inquam.
1403 2845 1436 2872 fic
1446 2843 1575 2881 dispofitis
1587 2865 1593 2874 ‚
1611 2844 1763 2871 construam

205 2886 440 2924 hemicylindrum.
452 2887 588 2922 cujusaxis
601 2897 652 2914 non
663 2886 692 2913 iit
704 2886 793 2913 minor
805 2885 822 2912 b
832 2895 861 2924 g.
881 2885 945 2912 basis
959 2895 1022 2912 vero
1033 2885 1062 2912 lit
1074 2884 1253 2912 semicirculus
1265 2884 1282 2912 b
1292 2894 1305 2912 c
1317 2885 1342 2912 d.
1357 2889 1381 2913 ἃ
1392 2884 1452 2913 huic
1466 2883 1632 2912 semicirculo
1642 2883 1765 2921 hemicy-

206 2925 320 2954 lindrurn
331 2928 485 2966 imponam;
506 2936 585 2964 atque
597 2926 611 2955 :l
622 2927 697 2966 ligno
710 2926 726 2953 b
737 2947 742 2956 ,
753 2926 825 2964 quod
835 2926 885 2953 erit
896 2926 921 2952 in
934 2923 1150 2953 circumferentia
1159 2924 1336 2958 semicirculi,
1353 2936 1399 2964 per
1409 2925 1597 2962 hemicylindri
1609 2932 1762 2951 convexum

208 2966 308 3008 erigam
317 2967 484 3008 lineam‚quae
494 2968 525 2997 ad
536 2967 682 3004 suberstuzn
691 2967 797 3006 planum
809 2965 1029 3006 perpendicularis
1039 2966 1107 2999 fin&
1119 2967 1224 3003 aequalis
1236 2976 1249 2995 c
1258 2965 1339 2996 'ahoe
1349 2968 1384 2996 cst
1395 2966 1413 2995 b
1422 2977 1447 3006 q.
1455 2969 1478 2995 3.-
1489 2966 1519 2994 ἐξ
1528 2976 1557 2995 ea
1568 2965 1584 2994 li
1594 2963 1735 3031 s.Tumfiab
1743 2972 1763 2989 s.

1067 3011 1070 3013 ’
1125 3007 1147 3035 Ζ
1170 3017 1185 3034 2.
1706 3012 1764 3043 gno
