2023 3162
260 98 303 123 η
616 80 994 119 ELEMENTORUM
1032 76 1481 117 Ancurrrcrunffi

255 153 346 191 nihil
357 151 582 188 elaboratior
592 161 707 199 quam
718 146 950 184 Tuscanicus
964 146 1027 194 qui
1039 142 1239 194 praecessit,
1255 155 1387 195 praeter
1395 144 1560 182 sobrium
1579 155 1853 197 nonnunquam

257 218 520 246 oruamentum
535 235 545 250 ‚
568 206 732 255 capitum
753 203 994 239 leoninorum
1014 202 1051 236 iu
1072 211 1215 238 corona
1226 228 1236 244 ‚
1257 200 1529 251 triglyphorum
1550 198 1587 235 &
1608 213 1851 252 metoparum

252 264 394 314 semper
406 265 442 300 in
453 261 642 311 zophoro.
672 260 959 305 Nonnunquam
972 267 1125 305 quoque
1138 284 1147 299 ,
1158 256 1216 292 sed
1227 267 1321 295 raro,
1339 257 1389 293 est
1400 255 1690 305 c-analiculatu53
1710 261 1746 296 ὅ(
1758 262 1850 299 levis

254 320 438 370 sculptura
450 318 639 355 adhibetur
655 316 694 351 in
713 311 997 364 hypotrachelio
1012 311 1083 349 five
1105 312 1249 348 cervice
1270 311 1362 349 infra
1383 312 1599 362 capitulum.
1629 312 1852 364 Longitudo

257 375 397 427 septem
409 375 689 411 diametrorum.
720 368 863 406 Gradus
873 369 952 416 ejus
973 365 1043 405 five
1055 367 1154 404 ordo
1166 366 1215 403 est
1225 366 1457 405 humillimus
1475 368 1581 403 omni
1593 374 1849 417 congruentia,

256 443 344 468 cum
366 430 406 466 sit
426 427 612 466 niassivior
631 426 779 474 reliquis
796 423 931 464 tribus,
956 425 994 461 ὃ(
1015 435 1080 475 per
1097 422 1328 472 consequens
1349 421 1555 474 aptissimus
1580 422 1624 459 ad
1643 422 1849 465 ferendum.

255 486 599 523 Intereolumnium
620 482 731 532 triplo
742 481 899 530 amplius
911 490 1026 529 quam
1037 479 1189 516 inferior
1200 481 1276 525 ejus
1294 478 1504 516 crassitudo.
1537 478 1761 519 Contractio
1773 485 1852 530 ejus

254 541 433 591 superius,
462 541 586 588 quinta
600 547 700 588 parte
719 535 880 582 ejusdem
898 533 1085 573 mensurae.
1116 534 1333 572 Discernere
1354 535 1461 572 illum
1479 536 1603 584 potius
1618 534 1668 571 est
1685 536 1847 579 Heraldi,

255 609 371 645 quam
394 594 620 641 Architeffi3
644 593 779 630 melius
798 594 900 629 enim
918 590 1160 640 cognoscitur
1173 587 1193 627 ὲ
1213 591 1304 628 loco
1318 617 1326 631 ‚
1352 603 1442 629 curn
1452 591 1501 627 est
1518 587 1743 630 insocietate
1755 595 1849 632 alio-

256 665 350 690 rum,
367 651 404 689 Sc
417 649 438 687 ὲ
452 650 630 702 peculiari
641 659 866 686 ornamento
879 647 1041 698 zophori
1054 648 1157 695 (ante
1169 646 1288 694 dicto)
1303 658 1391 684 cum
1401 646 1451 683 est
1462 645 1570 683 solus.

309 708 441 743 Ionicus
454 704 530 743 ordo
551 703 782 756 repraesentat
794 704 952 754 speciem
963 704 1150 753 quandam
1160 702 1346 740 foemineae
1358 703 1570 752 gracilitatis
1583 731 1593 746 ‚
1606 712 1772 741 attamen
1783 734 1793 750 ,
1806 715 1849 743 ut

256 764 305 800 ait
317 763 512 802 Vitruvius,
526 761 725 798 matronali
737 762 862 811 potius
874 762 911 798 <Sc
923 759 1072 797 decenti
1082 769 1227 797 ornatu,
1245 771 1360 808 quarn
1371 759 1596 796 meretricio.
1624 759 1849 809 Longitudo

258 816 438 864 ejuszocto
451 819 729 855 diametrorum.
740 816 882 856 Gradu,
898 816 1000 853 uti&
1013 813 1210 859 soliditate,
1222 816 1415 865 proximus
1430 815 1479 852 est
1490 815 1657 856 Dorico,
1678 814 1850 857 sustinens

257 876 428 914 tertium,
445 876 481 912 ὃ(
493 874 676 911 adornans
696 871 896 909 secundum
908 871 1072 920 gradum.
1088 873 1099 907 1
1106 871 1425 908 ntereolumnium
1443 871 1608 908 duorum
1627 870 1760 908 suimet
1773 872 1850 910 dia-

255 940 473 967 metrorum
512 930 668 979 Optime
679 927 887 978 agnoscitur
901 926 997 963 ‘esuo
1011 936 1158 964 ornatu.
1179 937 1266 963 nam
1289 938 1423 977 corpus
1436 927 1541 972 hujus
1560 926 1748 965 columnae
1759 927 1851 966 sem-

253 997 319 1035 per
330 985 378 1022 est
389 985 566 1023 striaturn,
580 995 619 1022 ut
630 984 721 1021 stola
733 982 920 1034 profunde
933 993 1072 1032 rugata.
1104 982 1326 1033 Capitulum
1348 992 1523 1020 comtum
1534 983 1737 1033 utrimque,
1748 983 1850 1022 haud

252 1040 424 1078 dissimile
446 1041 688 1079 foeminarum
711 1040 895 1076 cincinnis
915 1040 952 1075 in
970 1037 1291 1089 concrispatione.
1328 1039 1496 1076 lonicam
1516 1048 1654 1075 vocant
1675 1037 1846 1077 volutam.

252 1097 455 1146 Zophorus
476 1094 724 1134 intumescens
744 1094 853 1132 instar
873 1096 1038 1145 pulvini'3r
1059 1094 1096 1131 ὅ(
1110 1104 1308 1144 propterea
1327 1093 1406 1131 haec
1427 1095 1611 1132 columna
1624 1094 1723 1132 haud
1733 1096 1848 1133 inele-

249 1162 383 1202 gauter
394 1153 528 1190 dicitur
538 1151 738 1188 Pulvinata.
770 1152 819 1188 Hi
831 1150 911 1188 sunt
921 1149 1096 1201 potissimi
1107 1150 1344 1188 characteres.

307 1205 505 1245 Corinthius
517 1206 611 1252 orda,
623 1207 672 1244 est
683 1208 863 1244 columna
873 1205 1003 1245 lascive
1013 1207 1143 1243 amiel-‚a
1154 1206 1261 1243 instar
1281 1205 1391 1242 scorti
1406 1219 1415 1248 ·‚
1436 1206 1472 1242 in
1484 1218 1562 1255 quo
1572 1207 1767 1256 participat
1786 1206 1847 1254 (ut

251 1265 563 1304 omniainvcnta)
584 1263 749 1300 locoubi
763 1264 926 1313 primum
947 1271 1032 1299 nata
1050 1262 1118 1300 est:
1150 1261 1358 1301 Corinthus
1370 1260 1549 1311 siquidem
1562 1261 1646 1301 fuit,
1667 1261 1740 1299 sine
1753 1273 1855 1300 conn·

253 1319 448 1359 troversia,
470 1317 923 1357 unaluxuriosiffimarum
942 1319 1134 1356 civitatum
1145 1321 1262 1356 totius
1280 1316 1394 1354 orbis.
1428 1317 1503 1354 Hic
1516 1318 1615 1355 ordo
1636 1317 1686 1354 est
1706 1329 1848 1356 novem

250 1374 537 1412 diametrorum.
568 1375 710 1412 Gradus
721 1375 796 1419 ejus
811 1403 820 1418 ‚
833 1387 914 1412 uno
925 1374 1119 1412 intervallo
1131 1372 1233 1424 supra
1253 1374 1430 1411 Ionicum
1445 1402 1455 1417 ,
1474 1375 1512 1411 ὅ(
1523 1371 1707 1411 altiffimus
1718 1374 1848 1424 utique

246 1430 469 1483 simplicium
482 1431 670 1468 ordinum.
701 1431 1042 1468 Intercolumnium
1054 1430 1210 1468 duarum
1221 1429 1274 1467 sui
1285 1428 1557 1467 diametrorum
1571 1431 1608 1466 ὃ(
1620 1440 1759 1479 quartae
1770 1441 1847 1481 par-

246 1488 313 1534 tis3
338 1499 419 1536 quae
432 1487 480 1524 est
491 1485 744 1524 decentissima
763 1486 939 1525 distantia.
971 1487 1193 1524 Contractio
1203 1486 1355 1537 septima
1366 1495 1481 1535 parte.
1512 1486 1554 1522 In
1566 1486 1750 1523 coronice
1767 1495 1848 1526 tam

247 1542 427 1580 denticuli
437 1554 550 1592 quam
562 1543 718 1581 mutuli:
749 1540 942 1589 (nostrates
952 1542 1109 1580 artifices
1120 1553 1262 1581 vocant
1273 1538 1378 1578 Teeth
1390 1540 1427 1578 &
1442 1548 1629 1600 Cartouzes
1645 1543 1662 1582 )
1682 1542 1846 1592 Zopho-

247 1609 308 1635 rus
320 1609 470 1635 ornatus
481 1598 606 1648 figuris
617 1600 744 1636 omnis
754 1601 900 1648 generis
912 1611 982 1650 pro
995 1599 1112 1636 libitu.
1136 1599 1355 1649 Capitulum
1365 1596 1549 1648 sculptum
1560 1596 1663 1634 foliis
1673 1597 1848 1648 pulcher-

246 1654 345 1688 rima:
359 1655 488 1703 plantae
500 1665 614 1703 quam
626 1664 754 1692 natura
764 1655 954 1705 producit,
966 1655 1048 1705 post
1062 1655 1246 1692 Acom'mm
1260 1650 1532 1691 pardalianches.
1556 1653 1732 1700 rejectum
1745 1653 1845 1692 forte

248 1718 288 1744 ut
308 1710 542 1753 ominosum,
556 1710 733 1747 nimirum
754 1707 926 1748 Acantln',
941 1720 1006 1748 aut
1022 1715 1157 1746 Brancae
1175 1709 1312 1760 urstnae3
1345 1709 1433 1746 licet
1452 1709 1638 1748 Vitruvius
1658 1708 1844 1747 delectum

246 1763 352 1810 liujus
370 1764 541 1800 attribuat
552 1763 733 1812 fortunae;
759 1767 796 1803 &
809 1776 963 1815 oportet
981 1765 1045 1816 ipsi
1057 1765 1216 1803 credere.
1247 1765 1409 1802 Breviter
1420 1775 1460 1802 ut
1483 1763 1695 1813 simplicitas
1708 1766 1745 1802 δε
1755 1764 1843 1802 cha-

245 1819 361 1855 raCtet
375 1819 595 1857 Tuscanicae
606 1848 616 1863 ‚
634 1820 688 1857 ita
697 1821 806 1857 luxus
816 1823 853 1858 ὅ(
862 1823 1012 1859 varietas
1022 1821 1071 1858 est
1083 1821 1290 1858 Corinthiae
1301 1849 1311 1865 ‚
1323 1829 1454 1870 practer
1464 1819 1596 1870 gradus
1605 1819 1704 1856 illius
1715 1821 1841 1859 altitu-

246 1874 386 1912 dinem.

298 1930 514 1967 Postremus
524 1928 573 1967 est
583 1928 776 1984 compositus
786 1928 885 1978 ord03
906 1932 1009 1977 cujus
1020 1942 1162 1967 nomen
1180 1929 1288 1966 index
1306 1929 1355 1967 cst
1367 1930 1463 1968 illius
1481 1941 1637 1968 naturae:
1659 1943 1748 1968 nam
1759 1932 1841 1970 liaec

244 1987 423 2023 columna
441 1985 538 2022 haud
558 1985 654 2023 aliud
675 1984 725 2022 est
746 1998 863 2035 quarn
883 1987 1041 2023 mixtura
1058 1995 1120 2023 aut
1141 1987 1332 2034 congeries
1352 1986 1641 2035 praecedentium
1659 1988 1838 2025 omnium

243 2052 574 2079 ornamentorum,
597 2040 699 2078 furto
720 2041 948 2079 constituens
965 2053 1105 2079 novam
1124 2041 1304 2091 speciem.
1338 2044 1376 2078 ὅ(
1395 2043 1482 2078 licet
1500 2041 1775 2093 opulentissime
1795 2043 1839 2081 fit

244 2109 383 2137 comta,
398 2107 524 2134 tamen
536 2109 584 2134 co
597 2095 885 2146 indigentiffima
895 2096 958 2143 est,
971 2098 1077 2147 quod
1089 2108 1246 2134 omnem
1261 2096 1361 2135 suam
1371 2097 1684 2148 pulchritudinem
1696 2108 1836 2137 mutuo

241 2154 384 2202 capiat.
420 2154 507 2195 Eius
529 2153 728 2202 longitudo
748 2153 815 2200 (ut
826 2153 965 2203 aliquid
980 2155 1120 2203 proprii
1139 2152 1294 2200 habeat)
1319 2153 1368 2190 est
1389 2153 1522 2191 decem
1542 2154 1834 2192 diametrorum.

242 2208 330 2254 Ejus
341 2208 473 2257 gradus
486 2208 583 2245 haud
596 2208 713 2246 dubio
724 2207 825 2246 altissi
832 2221 925 2248 mus,
939 2220 1092 2260 propter
1102 2220 1144 2245 ea
1156 2219 1235 2258 quae
1246 2219 1331 2246 ante
1342 2208 1420 2246 sunt
1432 2209 1538 2246 dieta.
1563 2211 1708 2247 Verum
1715 2221 1834 2259 pauca

239 2266 373 2313 palatia
385 2264 455 2300 sive
466 2264 633 2312 antiqua,
646 2263 718 2302 five
728 2267 938 2302 recentiora
948 2264 1136 2303 excedunt
1144 2266 1296 2302 tertium
1309 2266 1494 2302 urbanum
1513 2266 1699 2303 ordinem.
1720 2266 1834 2302 Inter-

238 2320 476 2357 columnium
487 2329 631 2356 tantum
645 2322 755 2356 unius
768 2320 989 2357 diametri&
1001 2319 1106 2358 semis
1118 2351 1127 2368 ‚
1149 2330 1214 2358 aut
1234 2330 1335 2357 certe
1346 2321 1461 2370 paulo
1480 2322 1603 2358 minus
1615 2332 1729 2370 quam
1748 2321 1835 2358 dua-

239 2387 334 2413 rum.
371 2375 596 2413 Contrafflo
615 2376 802 2412 columnae
815 2376 925 2414 debet
935 2375 1004 2414 effe
1016 2376 1146 2414 octava
1156 2386 1256 2427 parte
1270 2378 1397 2413 minor
1405 2376 1565 2427 iiiperius
1576 2406 1586 2422 ‚
1605 2387 1720 2426 quam
1738 2376 1832 2414 infe-

238 2433 322 2469 rius.
359 2431 614 2481 Cognoscitur
624 2430 731 2468 facile
743 2428 763 2468 ὲ
773 2430 841 2468 suis
854 2434 1084 2469 ornamentis
1096 2431 1156 2469 seu
1167 2431 1313 2469 amictu.

293 2487 423 2536 Atque
436 2487 513 2524 liaec
523 2486 568 2523 de
579 2487 744 2535 quinque
755 2486 950 2525 ordinibus
961 2488 1239 2525 Columnarum
1250 2501 1260 2530 ·‚
1282 2498 1362 2536 quat
1376 2487 1603 2524 concludam
1615 2485 1754 2524 duabus
1766 2496 1829 2524 aut

237 2542 350 2580 tribus
362 2543 458 2581 haud
467 2543 601 2593 ineptis
614 2542 865 2580 cautionibus.
897 2543 1023 2580 Primo
1035 2568 1043 2581 ‚
1065 2543 1128 2580 ubi
1138 2544 1258 2592 plures
1268 2554 1382 2591 quam
1395 2554 1488 2579 unus
1498 2542 1636 2579 horum
1648 2542 1828 2580 ordinum

236 2597 272 2633 in
293 2598 437 2636 diversis
450 2598 795 2649 contignationibus
807 2626 816 2642 ,
835 2597 989 2648 diligens
1003 2610 1088 2636 cura
1107 2598 1156 2635 est
1168 2598 1374 2636 adhibenda
1387 2627 1396 2641 ,
1417 2609 1458 2635 ut
1473 2599 1659 2636 columnae
1678 2596 1827 2648 proecise

234 2664 305 2690 una
315 2652 417 2702 supra
427 2656 578 2692 alteram
590 2654 826 2692 collocentur
838 2679 846 2693 ‚
863 2664 906 2691 ut
917 2655 966 2691 ita
978 2654 1138 2691 solidum
1149 2653 1366 2704 respondeat
1375 2654 1495 2690 solido
1506 2679 1514 2692 ,
1540 2655 1577 2691 ὃς
1588 2664 1753 2690 vacuum
1764 2664 1827 2690 va-

236 2720 331 2755 cuo3
354 2719 433 2746 tam
445 2721 596 2761 propter
605 2710 834 2749 venustatem
844 2721 960 2759 quam
978 2710 1197 2748 firmitatem
1210 2709 1278 2746 stru
1285 2710 1393 2747 Clurae
1405 2722 1412 2745 :
1437 2710 1483 2746 Et
1492 2720 1558 2760 per
1568 2708 1665 2746 hanc
1677 2710 1824 2746 cautio-

233 2775 323 2800 nem
335 2763 493 2813 sequitur
504 2767 610 2815 plane
622 2795 632 2810 ‚
653 2766 757 2815 quod
769 2777 858 2803 cum
868 2766 1060 2814 loquimur
1080 2766 1125 2803 de
1136 2766 1551 2803 intercolumniatione‚
1574 2776 1657 2812 quae
1668 2763 1824 2802 debetur

232 2821 432 2867 unicuique
450 2822 587 2864 ordini,
598 2833 666 2858 nos
686 2822 890 2871 intelligere
901 2821 947 2858 de
967 2822 1112 2859 Dorica
1126 2851 1136 2867 ‚
1149 2822 1282 2859 Ionica
1296 2850 1306 2865 ,
1322 2819 1517 2858 Corinthia
1528 2820 1676 2870 porticu
1686 2829 1825 2869 autpe-

232 2875 260 2909 ri
269 2875 446 2922 “syli0,aut
458 2876 564 2913 simili
576 2876 678 2916 loeo,
692 2879 729 2914 ὅ(
743 2889 821 2915 non
833 2877 878 2914 de
888 2877 1068 2915 structuris
1079 2889 1161 2927 quae
1172 2877 1333 2927 pluribus
1345 2875 1687 2925 contignationibus
1698 2872 1759 2911 seu
1770 2885 1823 2912 ta-

231 2927 365 2969 bulatis
374 2932 556 2970 constant.
579 2932 770 2978 Secundo,
781 2932 850 2971 fint
861 2933 1051 2972 columnae
1060 2932 1262 2984 superiores
1275 2941 1402 2981 quarta
1414 2939 1518 2984 parte
1531 2931 1696 2968 minores
1708 2941 1823 3022 <fluam

1377 3006 1380 3010 ⁴
1672 2997 1709 3021 in
1729 2998 1824 3023 erio-
