2023 3162
440 51 1069 97 DE'ARCHITECTVRA
1126 53 1355 95 L113.111.
1671 77 1718 107 39

115 141 299 171 manuum
318 127 356 165 δε
375 127 514 179 pedum
524 126 628 176 digiti
638 127 736 164 linea
750 136 956 176 tangentur.
987 127 1080 164 Non
1092 127 1214 163 minus
1227 126 1555 175 quemadmodum
1569 128 1715 167 schema

115 185 391 225 rotundationis
402 185 439 220 in
452 194 613 232 corpore
625 181 783 219 efficitur
795 211 804 226 ,
826 184 916 219 item
934 182 972 219 &
989 182 1169 232 quadrata
1186 182 1440 231 designatioin
1460 186 1713 224 eoinvenitur.

116 244 216 280 Nam
229 240 252 278 fi
263 240 283 277 ἐι
293 239 447 291 pedibus
458 240 540 276 imis
550 238 596 274 ad
607 237 797 275 summum
807 247 919 289 caput
931 238 1100 275 mensum
1111 240 1179 275 erit
1189 265 1197 278 ,
1210 250 1326 288 eaque
1339 239 1508 278 mensura
1516 242 1626 278 relata
1636 241 1714 278 fue-

114 299 160 335 rit
171 298 217 334 ad
228 308 360 334 manus
373 296 515 347 pansas,
537 295 747 331 invenietur
764 294 894 331 eadem
913 294 1088 334 latitudo,
1113 296 1167 332 uti
1187 294 1348 333 altitudo
1360 325 1370 341 ‚
1389 296 1714 346 quemadmodum

115 364 205 391 areae
217 365 301 402 quae
314 353 360 389 ad
383 354 442 397 [e]
462 361 636 387 normam
654 349 676 385 s
670 360 734 386 unt
752 350 944 398 quadratae.
976 352 1077 399 Ergo
1095 349 1122 387 fi
1139 351 1189 387 ita
1201 361 1328 388 natura
1349 352 1565 405 composuit
1576 364 1712 402 corpus

115 407 282 446 hominis
295 424 302 446 ;
333 409 387 445 uti
405 405 713 456 proportionibus
734 405 903 443 membra
921 405 968 443 ad
978 405 1160 444 summam
1179 406 1442 456 figurationem
1462 410 1542 453 ejus
1562 407 1712 458 respon-

116 465 242 502 deant:
263 476 348 501 cum
358 461 460 500 causa
479 460 698 499 constituisse
709 461 876 499 videntur
893 463 1035 511 antiqui
1050 491 1060 505 ,
1081 472 1120 498 ut
1132 464 1244 500 etiam
1256 464 1294 499 in
1305 476 1462 514 opetum
1476 464 1712 514 perfectioni-

116 519 186 557 bus
207 520 432 569 singulorum
444 518 702 555 membrorum
713 517 757 553 ad
771 517 974 554 universam
986 517 1108 566 figurae
1120 516 1278 567 speciem
1299 519 1463 558 habeant
1473 520 1713 558 commensus

116 576 362 613 exactionem.
392 575 509 623 Igitur
519 574 657 610 cumin
667 573 847 611 omnibus
868 573 1043 623 operibus
1054 573 1201 610 ordines
1222 575 1425 616 traderent,
1451 576 1488 613 id
1498 578 1661 614 maxime
1672 577 1711 613 in

118 631 254 669 :edibus
269 633 440 668 Deorum
452 658 462 673 ,
475 631 511 665 in
522 628 660 678 quibus
680 640 843 679 operum
854 628 981 665 laudes
998 629 1037 666 δε
1056 629 1172 679 culpa:
1183 641 1328 667 aeternoe
1348 630 1466 670 solent
1476 644 1707 683 permanere.

117 688 204 724 Nec
217 688 339 724 minus
352 685 605 722 mensurarum
617 685 778 721 rationes
789 710 797 723 ,
811 696 893 733 quae
904 686 943 721 iu
953 684 1129 722 omuibus
1142 685 1317 736 operibus
1328 688 1497 724 videntur
1508 688 1710 726 neccssaria:

117 744 199 787 csse,
211 755 254 779 ex
266 742 434 791 corporis
446 741 622 776 membris
635 741 883 789 collegerunt,
900 742 953 776 uti
963 740 1121 789 digitum
1134 770 1143 785 ,
1158 742 1328 790 palmum
1342 771 1350 786 ‚
1363 743 1513 792 pedem,
1526 745 1710 788 cubitum,

118 801 156 836 ὅ(
169 810 226 836 eas
238 798 492 836 distribuerunt
501 798 537 832 in
548 795 756 845 perfestum
767 807 976 835 numerum,
991 808 1107 845 quem
1118 796 1239 833 Graeci
1249 794 1357 841 πλείων
1369 798 1510 836 dicunt.
1542 797 1616 848 [f]
1628 800 1709 837 Per-

116 854 254 892 fectum
274 863 399 891 autem
409 853 552 900 antiqui
574 851 841 888 constituerunt
853 863 1054 889 numerum
1067 878 1075 891 ‚
1091 853 1156 902 qui
1165 852 1299 890 decem
1319 853 1466 891 dicitur.
1485 866 1647 903 namque
1665 868 1710 893 ex

117 909 289 948 manibus
301 909 467 945 denarius
477 908 681 957 digitorum
694 919 892 947 numerus,
915 919 957 944 ex
969 907 1092 958 digitis
1102 920 1193 946 veto
1215 909 1361 959 palmus
1374 938 1384 954 ‚
1403 909 1441 946 ὅ(
1451 910 1496 947 ab
1506 911 1633 959 palmo
1645 922 1710 960 pes

119 966 168 1004 est
177 968 357 1002 inventus.
374 964 476 1001 Sicut
486 974 612 1000 autem
622 965 659 999 in
671 963 830 1012 utrisque
840 964 970 1014 palmis
981 975 1024 1000 ex
1037 965 1195 1001 articulis
1206 964 1251 1000 ab
1261 975 1389 1002 natura
1401 965 1531 1002 decem
1542 965 1621 1002 sunt
1632 977 1709 1016 pet-

118 1021 202 1059 festi
213 1050 222 1065 ‚
240 1023 288 1057 ita
299 1021 410 1056 etiam
422 1020 567 1056 Platoni
577 1020 727 1069 placuit,
740 1018 810 1055 effe
820 1031 906 1057 eum
916 1031 1119 1057 numerum
1131 1032 1173 1057 ea
1183 1032 1221 1057 re
1232 1020 1435 1071 perfeetum
1449 1050 1458 1065 ‚
1471 1021 1577 1070 quod
1587 1033 1629 1057 ex
1640 1021 1711 1058 fin-

116 1076 303 1127 gulatibus
315 1075 433 1115 rebus,
447 1087 529 1124 quae
543 1070 682 1124 μονάδες
694 1073 790 1126 apud
803 1075 960 1112 Graecos
969 1075 1156 1121 dicuntur,
1171 1076 1360 1127 perficitur
1371 1076 1550 1114 decussis.
1573 1089 1655 1126 quae
1666 1076 1711 1113 si-

115 1133 249 1171 mulae
260 1131 438 1169 undecim
459 1141 522 1168 aut
533 1132 735 1169 duodecim
756 1129 836 1167 sunt
845 1129 946 1168 saitae
957 1160 967 1175 ‚
986 1132 1091 1181 quod
1101 1131 1351 1183 superaverint
1362 1158 1370 1172 ,
1392 1145 1471 1170 non
1483 1132 1630 1182 poss'unt
1641 1133 1711 1170 efl'e

117 1188 296 1239 perfe&ae‚
309 1187 432 1225 donec
443 1187 487 1224 ad
498 1188 653 1224 alterum
666 1186 854 1224 decuss'em
863 1190 1110 1236 pervenerint:
1122 1187 1317 1238 singulares
1329 1190 1431 1226 enim
1442 1200 1511 1232 res,
1521 1190 1710 1238 particulae

116 1245 137 1281 s
131 1255 194 1281 unt
206 1246 284 1290 ejus
295 1244 454 1280 numeri.
489 1242 754 1280 Mathematici
765 1255 856 1280 vero
868 1253 1000 1280 contra
1011 1243 1245 1294 disputantes,
1260 1257 1304 1283 ea
1313 1257 1350 1281 re
1361 1244 1565 1294 perfeetum
1577 1244 1644 1281 css'e
1655 1244 1709 1281 di-

116 1310 246 1337 xerunt
257 1311 473 1338 numerum,
497 1300 560 1348 qui
570 1298 627 1336 sex
639 1299 771 1336 dicitur
784 1328 794 1343 ,
814 1299 918 1348 quod
929 1299 957 1335 is
967 1312 1143 1338 numerus
1162 1300 1272 1338 'nabet
1279 1302 1497 1351 partitiones
1508 1312 1640 1337 eorum
1652 1311 1710 1336 ra-

116 1356 283 1393 tionibus
301 1355 359 1392 sex
369 1366 528 1392 numero
548 1357 812 1394 convenientes
828 1369 836 1391 ε
854 1354 903 1392 sic
919 1356 1123 1394 sextantem
1136 1385 1146 1401 ‚
1165 1368 1301 1394 unum:
1321 1359 1494 1394 trientem
1508 1386 1517 1401 ‚
1537 1357 1633 1394 duo:
1655 1355 1707 1392 se-

116 1411 261 1450 miss'em
273 1413 358 1448 tria:
378 1411 527 1456 bessem,
537 1424 651 1461 quem
661 1405 795 1461 ὃῂιιοιρον
807 1412 946 1451 dicunt,
961 1422 1142 1462 quatuor:
1156 1415 1382 1462 quintarium
1395 1443 1404 1459 ,
1415 1425 1530 1463 quem
1543 1409 1710 1461 mv‘loe'pcoa-

116 1482 163 1518 pov
182 1467 326 1511 dicunt,
336 1468 499 1516 quinque
511 1494 519 1507 ,
531 1468 736 1518 perse-stum
745 1468 814 1505 sex.
834 1468 938 1505 Cum
948 1468 992 1506 ad
1002 1467 1302 1520 supputationem
1314 1470 1397 1507 cres
1391 1480 1461 1510 cat,
1472 1470 1575 1520 supra
1584 1468 1640 1507 sex
1649 1469 1711 1505 ad-

116 1523 214 1570 icero
224 1522 294 1560 affe
306 1553 317 1569 ‚
327 1519 477 1573 {oen‘iovz
500 1536 588 1561 cum
598 1524 689 1563 faeta
698 1524 780 1562 sunt
789 1524 898 1563 osto,
920 1525 1026 1575 quod
1038 1525 1087 1562 est
1095 1527 1203 1563 tertia
1214 1526 1352 1573 adjecta
1364 1552 1372 1565 ‚
1394 1527 1599 1564 tertiarium
1612 1554 1622 1569 ‚
1643 1525 1708 1573 qui

117 1575 313 1626 dyc-irffl‘l&
323 1580 467 1617 dicitur:
478 1580 631 1617 dimidia
641 1582 779 1629 adjecta
790 1594 877 1620 cum
887 1580 981 1619 fasta
990 1582 1011 1618 s
1005 1592 1070 1620 unt
1077 1593 1234 1627 novem,
1244 1581 1530 1631 sesquialterum,
1542 1583 1604 1630 qui
1614 1577 1707 1628 ἡμιό-

116 1637 212 1681 Aa&
223 1636 442 1687 appellatur:
455 1636 597 1674 duabus
608 1638 771 1689 partibus
782 1638 914 1675 additis
925 1640 962 1676 &
972 1637 1110 1676 decussi
1123 1637 1236 1683 fafito,
1249 1639 1314 1676 bes
1325 1639 1615 1687 alterum‚quem
1628 1632 1708 1671 391⁷-

117 1690 255 1742 oilpcoapov
273 1693 453 1731 vocitant,
465 1694 503 1729 in
514 1693 695 1731 undecim
706 1706 868 1732 numero
880 1724 890 1739 ,
909 1694 1015 1743 quod
1024 1694 1157 1741 adjeeti
1166 1693 1247 1731 sunt
1264 1694 1432 1742 quinque
1445 1722 1454 1738 ,
1476 1694 1547 1745 [g]
1558 1693 1709 1741 quinta-

116 1749 213 1784 rium
224 1748 379 1784 alterum
393 1773 400 1785 ‚
423 1748 526 1796 quod
538 1744 832 1802 ὡῗππενπίμοιρον.
863 1749 1085 1787 Duodecim
1095 1759 1225 1787 autem
1236 1748 1345 1799 quod
1355 1761 1400 1786 ex
1413 1748 1564 1786 duobus
1574 1746 1708 1797 simpli-

116 1804 219 1840 cibus
228 1805 392 1839 numeris
403 1803 452 1838 est
471 1802 633 1843 effeetus,
657 1803 723 1852 [h]
745 1799 965 1846 διπλασίονα.
989 1806 1082 1844 Non
1092 1807 1216 1843 minus
1226 1807 1339 1842 etiam
1349 1804 1455 1853 quod
1464 1816 1530 1856 pes
1540 1803 1707 1840 hominis

116 1858 313 1896 altitudinis
324 1856 463 1894 sextam
474 1858 586 1896 habet
599 1871 756 1910 partem,
768 1863 818 1899 ita
829 1863 941 1899 etiam
951 1874 996 1899 ex
1006 1873 1055 1898 eo
1065 1861 1169 1909 quod
1181 1860 1365 1911 perficitur
1376 1860 1516 1910 pedum
1529 1870 1707 1904 numero,

118 1925 255 1964 corpus
273 1916 325 1959 [ι]
344 1914 399 1951 his
412 1914 466 1950 sex
479 1916 680 1953 altitudinis
692 1917 929 1954 terminando
940 1946 950 1962 ,
970 1928 1058 1954 eum
1069 1915 1276 1966 perfectum
1288 1915 1580 1956 constituerunt,
1605 1915 1708 1952 cubi-

118 1980 276 2019 tumque
294 1970 588 2008 animadvertunt
606 1984 651 2009 ex
671 1972 730 2011 sex
749 1974 879 2023 palmis
890 1973 1058 2010 constare
1069 1997 1078 2012 ‚
1100 1971 1224 2022 digitis
1243 1973 1558 2021 vigintiquatuor.
1590 1972 1643 2008 Ex
1655 1981 1705 2008 eo

119 2027 231 2062 ctiam
250 2025 424 2063 videntur
441 2028 604 2064 civitates
625 2028 845 2066 Graecorum
857 2029 978 2066 feciffe
988 2059 998 2075 ‚
1016 2030 1070 2066 uti
1087 2027 1410 2077 quemadmodum
1431 2027 1578 2065 cubitus
1589 2026 1638 2064 est
1648 2026 1706 2063 sex

118 2082 342 2130 palmorum,
355 2083 405 2119 ita
414 2083 449 2118 in
461 2082 640 2120 drachma
649 2096 801 2133 quoque
812 2096 860 2123 eo
872 2097 1032 2123 numero
1043 2094 1245 2122 uterentur.
1269 2084 1344 2122 111ae
1356 2085 1456 2121 enim
1467 2094 1580 2120 aereos
1591 2081 1708 2131 sigua-

118 2148 194 2181 τος,
211 2139 264 2174 uti
273 2137 373 2181 asses,
383 2149 426 2174 ex
438 2150 547 2187 aequo
559 2139 632 2185 sex,
644 2152 742 2190 quos
754 2141 894 2179 obolos
905 2142 1102 2193 appellant.
1117 2141 1179 2186 [k]
1190 2139 1477 2190 quadrantesque
1486 2137 1708 2177 obolorum.

1626 2206 1707 2243 quae

158 2305 222 2332 Hoc
236 2314 300 2331 vcro
311 2304 373 2331 loco
384 2313 436 2331 non
449 2304 629 2332 omittendum
638 2305 719 2336 duco,
728 2315 758 2332 ex
770 2307 853 2334 veteri
862 2317 994 2335 marmore
1004 2306 1075 2345 quod
1088 2309 1183 2334 Romae
1195 2306 1222 2333 in
1233 2305 1314 2332 horto
1325 2304 1422 2344 Angeli
1433 2305 1537 2332 Colotii
1549 2305 1639 2332 visitur
1651 2304 1707 2336 ,di-

157 2342 248 2373 diciffe
261 2355 319 2375 nos,
330 2344 384 2372 duo
397 2346 478 2372 etiam
489 2346 602 2383 antiquis
618 2342 694 2373 fuiss’e
712 2346 875 2375 circinorum
892 2358 998 2387 genera.
1022 2350 1112 2374 Vnum
1124 2356 1217 2375 eorum
1236 2346 1366 2384 quireffis
1385 2349 1409 2373 St
1427 2345 1575 2386 rigentibus
1587 2345 1706 2373 cruribus

159 2387 327 2415 constarent,
344 2385 457 2413 alterum
468 2395 561 2414 corum
571 2387 617 2424 qui
627 2387 697 2426 valgi
708 2386 803 2414 vatiive
816 2408 821 2419 ,
834 2397 862 2415 ut
873 2389 909 2415 ita
918 2388 1014 2419 dicam.
1023 2385 1107 2415 essent
1119 2409 1126 2420 ‚
1144 2387 1196 2415 hoc
1208 2388 1243 2415 est
1255 2408 1261 2419 ,
1281 2387 1326 2425 qui
1336 2385 1453 2414 cruribus
1465 2386 1614 2414 extrorsum
1624 2382 1707 2413 essent

158 2427 285 2454 incurvis.
296 2426 391 2464 quibus
402 2435 513 2454 utuntur
524 2426 636 2455 artifices
644 2427 670 2454 in
682 2428 844 2463 dimetienda
854 2429 976 2456 stantium
984 2428 1169 2457 columnarum
1180 2425 1348 2456 crassitudine
1358 2448 1364 2459 ‚
1384 2427 1409 2454 in
1418 2427 1573 2455 circinandis
1582 2426 1707 2465 spirarum

159 2467 286 2505 patulam,
299 2477 357 2505 quae
368 2464 534 2507 subfugiant,
546 2469 585 2495 uti
595 2467 652 2495 sunt
663 2470 759 2496 Scotiae
770 2472 793 2496 δέ
805 2479 894 2497 earum
906 2469 1018 2508 quadrat,
1030 2479 1109 2508 atque
1117 2469 1183 2497 adeo
1192 2468 1318 2508 quicquid
1328 2467 1457 2502 ejusmodi
1467 2469 1513 2496 est.

117 2510 141 2543 c]
163 2509 244 2534 idem.
268 2508 297 2534 ld
308 2509 352 2539 est,
364 2518 479 2545 quatuor
490 2508 630 2547 aequalium
641 2509 752 2537 laterum
762 2512 786 2537 ἃ
798 2510 975 2549 angulorum:
998 2520 1058 2538 nam
1068 2512 1214 2550 exiguntur
1221 2510 1253 2538 ad
1265 2518 1387 2536 normam
1396 2509 1495 2548 auguli.

112 2550 146 2586 s]
171 2551 186 2576 1³
193 2548 319 2575 hilander.
342 2546 515 2577 Perfestiom's
533 2560 706 2578 numerorum
729 2551 797 2578 varia
808 2552 844 2578 est
863 2551 1039 2579 conlideratio
1058 2552 1126 2590 apud
1146 2551 1271 2579 Martiam.
1283 2549 1420 2588 Capellam
1439 2549 1484 2576 lib.
1495 2558 1549 2576 vr1.
1569 2548 1614 2586 qui
1627 2547 1662 2574 est
1673 2546 1705 2574 de

159 2589 348 2618 Arithmetica.
366 2591 430 2617 Sunt
440 2591 523 2618 eti-zm
533 2591 652 2629 quaedam
664 2591 732 2631 apud
743 2590 882 2620 Albertum
902 2594 1022 2620 Leonem
1033 2591 1078 2619 lib.
1090 2602 1128 2619 ix.
1139 2601 1229 2630 cap.5.
1247 2595 1271 2619 δέ
1284 2590 1407 2618 Macrob.
1418 2590 1445 2616 in
1462 2591 1554 2616 Somn.
1565 2589 1707 2626 Scipionis.

159 2631 244 2667 Qod
253 2639 342 2658 autem
354 2630 385 2657 ad
395 2631 531 2658 denarium
540 2642 680 2660 numerum
689 2633 783 2659 attinet
793 2654 799 2664 ,
819 2633 879 2672 lege
889 2632 1137 2671 Aristot.problem.
1148 2633 1263 2661 scetione
1273 2642 1316 2659 xv.
1339 2633 1408 2658 Nam
1419 2630 1450 2656 de
1459 2629 1612 2668 Septenario
1623 2628 1705 2656 tradit

158 2672 229 2699 Geli.
241 2672 414 2699 Achost.
426 2671 472 2698 lib.
484 2682 534 2699 ιιι.
544 2683 600 2711 cap.
610 2683 651 2700 ιο.
668 2673 700 2701 de
711 2673 809 2700 senario
819 2677 843 2701 Sc
853 2674 999 2712 septenario
1009 2676 1044 2701 D.
1057 2673 1237 2712 Augustum&
1247 2673 1321 2700 civit.
1333 2670 1382 2698 Dei
1394 2670 1439 2696 lib.
1450 2680 1488 2698 xi.
1501 2680 1557 2709 cap.
1569 2680 1613 2704 30.
1625 2672 1650 2697 &
1663 2679 1700 2703 31,

115 2713 145 2748 g]
167 2714 197 2739 ln
209 2712 285 2739 editis
294 2721 349 2739 erat
361 2712 541 2750 quintarium:
555 2713 595 2741 sed
607 2714 673 2741 bene
682 2723 773 2741 monet
783 2713 921 2742 Philander
931 2736 937 2746 ,
954 2710 1062 2743 fortasse
1070 2713 1196 2753 scripturn
1207 2708 1282 2741 fuisse
1297 2711 1462 2750 quintarium
1480 2711 1593 2740 alterurn
1603 2732 1610 2745 ,
1628 2710 1705 2738 sicuti

159 2750 306 2790 ἐπιδιμριξω
315 2762 396 2780 vertit
407 2752 452 2780 bes
464 2753 586 2782 alterum.
600 2756 634 2782 Et
645 2754 703 2782 sane
716 2755 784 2782 ratio
793 2755 829 2782 ita
838 2756 960 2794 postulat.

119 2791 150 2826 h]
171 2792 327 2820 Philander:
347 2793 483 2821 Libentius
494 2805 547 2834 ego
558 2806 588 2823 ex
598 2795 652 2824 alio
663 2797 755 2824 codice
765 2796 878 2835 legerim
888 2794 1031 2824 &imola-m.

118 2834 151 2866 1]
171 2835 210 2860 lta
220 2835 254 2861 est
265 2835 290 2861 in
302 2834 426 2862 omnibus
437 2835 525 2867 editis;
538 2837 564 2863 in
574 2838 650 2864 Msto
668 2846 756 2865 autern
769 2837 948 2865 Arundeliano
958 2837 1057 2876 legitur
1069 2849 1074 2868 3
1088 2837 1270 2875 eorporissexies
1279 2836 1424 2864 altitudinis
1431 2837 1600 2865 terminavit.-
1610 2834 1703 2874 legen-

162 2872 224 2900 dum
235 2875 329 2912 opinor
338 2888 344 2907 ;
365 2886 395 2902 ex
406 2886 430 2903 eo
439 2876 507 2914 quod
512 2876 638 2913 perficttur
647 2885 741 2915 corpus,
754 2877 843 2913 bissex
852 2877 1017 2905 altitudinem
1031 2878 1198 2905 terminando.

122 2914 149 2948 k]
170 2911 316 2942 Philander.
337 2915 434 2944 Scribit
446 2916 525 2945 lulius
537 2918 629 2946 Pollux
640 2917 685 2945 lib.
699 2928 738 2946 ιχ.
758 2918 913 2946 drachmam
925 2917 1020 2945 obolos
1029 2917 1071 2945 sex
1081 2918 1176 2946 habere
1185 2940 1191 2951 ‚
1209 2918 1349 2948 dichalcon
1360 2929 1424 2947 vero
1434 2917 1506 2946 oboli
1516 2914 1568 2946 effe
1576 2915 1705 2955 quadran-

163 2960 228 2987 tem,
237 2954 262 2982 id
272 2956 315 2990 est,
326 2965 447 2995 quartam
455 2967 568 2996 partem.
588 2959 662 2987 Idem
673 2958 784 2989 obolum
794 2961 857 2989 οξὶο
866 2958 962 2989 habere
972 2957 1079 2988 chalcos
1090 2958 1156 2989 vult.
1167 2960 1235 2989 Plin.
1245 2969 1333 2991 autem
1343 2960 1389 2989 lib.
1405 2970 1443 2988 21.
1455 2969 1510 2998 cap.
1522 2958 1570 2987 ult.
1582 2957 1647 2986 dicit
1658 2956 1704 2982 de-

1638 3004 1706 3024 cem.
