2023 3162
610 421 1555 476 ELEMENTORVM

289 539 1853 621 ARCHITECTVRAE

749 697 954 731 PARS
1009 694 1411 731 SECVNDA.

418 814 421 821 k
447 810 466 820 >t

483 808 515 857 ἦ
536 806 579 846 U
590 820 617 845 M
635 805 916 854 uniuscuiusque
929 803 1070 842 manfio
1083 805 1120 842 ὃς
1133 802 1268 841 domus
1282 832 1292 848 ‚
1314 801 1355 840 fit
1366 801 1574 841 Theatrum
1585 803 1692 855 ipsius
1706 803 1865 856 hospita-

487 860 517 905 }
538 862 765 903 litatis,sedes
777 862 827 900 sui
843 861 950 911 ipsius
961 860 1158 898 fruitionis,
1174 857 1433 907 jucundissima
1444 861 1527 896 vitae
1538 871 1630 910 pars,
1645 860 1867 899 nobilissima

386 939 388 941 ·
452 960 464 963 s,
478 944 481 946 -
501 913 516 936 s
536 919 601 956 filii
619 920 825 957 haereditas,
850 917 985 967 species
1002 916 1128 967 privati
1149 916 1375 966 principatus
1387 943 1398 959 ‚
1419 914 1588 965 adeoque
1604 915 1867 966 pofl'efforibus

410 967 417 981 Χ
442 965 445 969 s
462 967 469 976 “
536 978 701 1026 epitome
714 977 831 1012 totius
841 974 963 1020 orbis;
986 982 1147 1009 meretur
1166 971 1246 1007 sane
1259 996 1267 1010 ‚
1290 969 1492 1008 secundum
1512 972 1659 1009 domini
1677 973 1866 1010 conditio-

533 1044 622 1068 nem
635 1032 809 1069 decenter
827 1029 864 1065 δι’
882 1040 1021 1066 amaene
1032 1027 1168 1065 ornari.
1200 1026 1263 1064 Ad
1273 1038 1384 1075 quem
1396 1024 1511 1064 finem
1523 1027 1601 1063 duae
1611 1037 1706 1066 artes
1725 1028 1867 1066 Archi-

281 1087 433 1125 tecturae
443 1087 681 1126 ancillantur,
703 1085 802 1136 quasi
813 1085 894 1122 duae
914 1084 1130 1136 pedissequa:
1148 1094 1231 1131 quae
1246 1082 1439 1120 dominam
1460 1082 1615 1121 vestiunt
1634 1086 1672 1121 δ(
1691 1094 1862 1125 comunt,

283 1143 312 1180 P
327 1157 335 1180 1
352 1156 373 1180 c
385 1158 410 1179 τ
423 1155 447 1180 v
460 1157 480 1179 R
490 1155 513 1178 A
533 1142 569 1178 &
589 1145 616 1180 S
627 1157 647 1180 c
658 1155 682 1179 v
696 1156 714 1179 L
728 1156 747 1180 p
761 1157 786 1179 T
797 1155 820 1179 ν
831 1153 855 1180 R
866 1154 900 1176 Α.
921 1141 1018 1177 Inter
1030 1150 1135 1189 quas,
1145 1148 1343 1187 antequam
1354 1150 1484 1188 pergo,
1495 1148 1657 1176 veterem
1669 1138 1714 1177 de
1726 1152 1863 1191 praece-

280 1199 403 1235 denria
415 1199 520 1236 litem
531 1197 703 1235 dirimam
715 1199 785 1235 hac
797 1196 1051 1234 distinetione:
1072 1197 1108 1232 in
1119 1194 1289 1232 ornando
1302 1193 1477 1239 aedificio,
1492 1194 1588 1232 haud
1599 1194 1715 1232 dubio
1728 1197 1863 1244 primas

279 1264 407 1292 tenere
417 1255 653 1302 Sculpturam
668 1284 677 1298 ‚
691 1263 824 1303 utpote
840 1251 902 1303 ipsi
917 1251 1182 1288 Architefflirae
1193 1251 1309 1299 magis
1320 1248 1467 1287 affinem
1481 1275 1488 1289 ‚
1504 1252 1542 1288 ὃ(
1553 1262 1617 1300 per
1630 1250 1862 1300 consequens

280 1311 396 1359 magis
418 1311 580 1347 naturale
598 1312 634 1348 ὅ(
646 1310 837 1347 decentius
848 1318 1117 1346 ornamentum.
1147 1306 1217 1343 Sed
1230 1315 1376 1351 contra,
1392 1304 1433 1352 (si
1447 1315 1601 1355 utraque
1611 1306 1682 1343 Ars
1695 1306 1861 1356 philoso-

279 1364 387 1414 phice
397 1365 433 1402 ἃ
446 1377 522 1402 non
537 1366 754 1403 mechanice
767 1364 1032 1411 consideretur)
1046 1363 1231 1400 excellens
1242 1374 1338 1412 opus
1348 1362 1514 1412 piCturoe,
1531 1374 1621 1399 meo
1634 1362 1775 1407 iudicio
1786 1373 1863 1400 ma-

280 1422 335 1469 gis
345 1420 395 1457 est
413 1421 673 1459 admirandum
694 1422 904 1467 objectum,
927 1421 1014 1469 quia
1023 1420 1177 1470 propius
1196 1418 1342 1456 accedit
1359 1418 1404 1455 ad
1416 1417 1607 1455 artificiale
1626 1418 1862 1464 miraculum,

277 1485 410 1525 utpote
430 1476 610 1514 distinctas
627 1478 840 1514 eminentias
860 1476 995 1514 faciens
1012 1486 1184 1527 apparere
1202 1476 1240 1513 in
1251 1474 1379 1525 plano,
1393 1474 1430 1512 vi
1449 1472 1664 1511 umbrarum
1676 1502 1685 1517 ‚
1701 1484 1786 1510 cum
1808 1483 1861 1511 ta-

275 1542 364 1567 men
375 1532 454 1582 ipsae
467 1533 605 1570 umbra:
627 1546 705 1570 non
718 1543 934 1583 appareant3
953 1544 1069 1580 quam
1082 1531 1221 1581 opinor
1240 1528 1308 1568 effe
1318 1529 1500 1566 summam
1512 1529 1729 1578 dignitatem
1741 1529 1778 1566 δέ
1788 1531 1861 1567 vir·

275 1594 395 1623 tutem
408 1587 559 1623 Pictoris
571 1617 580 1632 ,
600 1591 637 1626 ὅ(
648 1589 691 1626 ad
702 1601 814 1638 quam
834 1590 943 1638 pauci
953 1587 1098 1637 lingulis
1118 1585 1247 1624 seculis
1259 1594 1515 1637 pervenerunt.
1548 1584 1693 1621 Harum
1702 1584 1860 1624 duarum

276 1643 407 1678 artium
430 1643 559 1692 (prout
567 1646 753 1692 pertinent
762 1644 806 1680 ad
819 1643 893 1680 hoc
912 1643 1112 1688 subjeetum
1123 1642 1168 1679 de
1182 1653 1260 1690 quo
1271 1642 1430 1691 agimus)
1452 1641 1613 1689 primum
1626 1639 1861 1678 confidet-an-

276 1696 344 1731 dus
355 1696 403 1732 est
415 1697 587 1742 delectus,
600 1698 732 1736 deinde
742 1698 940 1748 dispositio.
972 1698 1113 1750 Qoad
1122 1697 1318 1736 delectum,
1333 1696 1512 1734 habemus
1525 1695 1661 1732 alicubi
1670 1697 1854 1745 regulam,

276 1751 330 1786 uti
342 1751 518 1787 recordor
530 1780 540 1795 ‚
560 1754 657 1802 apud
670 1752 826 1790 Plinium
839 1783 848 1798 ,
870 1755 907 1791 ὃ(
918 1754 1070 1801 quidem
1081 1753 1291 1801 elegantem
1303 1780 1313 1796 ,
1336 1762 1412 1800 qua
1424 1750 1637 1788 observatur
1651 1775 1658 1789 ‚
1682 1761 1856 1789 mutuam

276 1805 354 1843 illas
364 1807 456 1842 inter
474 1806 507 1842 se
518 1806 707 1844 censuram
719 1820 897 1846 exercere.
917 1808 1054 1845 pletura
1066 1809 1168 1844 enim
1188 1805 1327 1843 abstans
1340 1808 1482 1856 optima
1493 1804 1541 1842 est
1554 1805 1577 1842 fi
1588 1803 1750 1842 videatur
1761 1806 1854 1843 scul-

275 1870 353 1912 pta,
378 1860 414 1897 &
426 1862 609 1911 sculptura
620 1874 705 1899 cum
717 1864 765 1899 ita
778 1861 913 1899 subtilis
926 1862 974 1898 est
995 1873 1034 1899 ut
1049 1863 1143 1911 pista
1165 1871 1335 1909 putetur,
1359 1861 1396 1897 id
1408 1860 1476 1898 est,
1503 1871 1589 1897 cum
1610 1870 1687 1896 tam
1707 1861 1853 1913 conspi-

275 1927 365 1953 cuus
378 1917 483 1954 levor
503 1915 601 1954 estin
622 1918 815 1955 membris,
829 1927 955 1953 utnon
966 1917 1146 1965 scalprum
1166 1915 1333 1953 excidiss'e
1350 1916 1515 1953 videatur
1538 1912 1557 1950 ὲ
1571 1915 1689 1964 lapide
1708 1927 1771 1954 aut
1783 1919 1853 1955 alia

271 1973 426 2009 materia
439 2001 448 2016 ‚
466 1970 523 2009 sed
535 1974 730 2022 penicillus
742 1970 875 2009 duxiss'e
886 1971 922 2008 8<
934 1970 1078 2008 lineass'e
1088 1972 1199 2008 oleo.
1224 1971 1327 2020 quod
1337 1970 1532 2017 judiciosus
1543 1971 1660 2007 Poeta
1671 1970 1764 2010 bene
1774 1974 1852 2010 ani-

270 2027 484 2070 madvertit3

627 2080 809 2121 Excudent
819 2079 1057 2133 aliispirantia
1070 2082 1199 2119 mollim
1210 2094 1285 2119 am.

267 2137 338 2174 Sed
350 2138 425 2174 haec
437 2139 618 2187 generalia
632 2151 709 2176 non
727 2136 910 2175 sufficiunt
930 2137 1037 2175 bono
1055 2138 1230 2178 delectui,
1254 2137 1329 2174 sine
1347 2136 1461 2186 magis
1473 2138 1681 2186 particulari
1699 2148 1846 2177 contra-

269 2193 392 2229 ctione
406 2194 542 2239 judicii.
566 2196 805 2245 Qapropter
815 2206 902 2231 cum
915 2205 1010 2243 opus
1021 2195 1104 2231 artis
1117 2195 1225 2231 nobis
1235 2192 1424 2236 obiicitur,
1437 2192 1477 2228 sit
1488 2194 1604 2242 prima
1616 2195 1754 2238 cautio,
1765 2207 1848 2232 non

268 2259 430 2296 quaerere
440 2251 520 2296 quis
531 2249 678 2289 fecerit,
700 2262 746 2286 ne
758 2248 854 2286 fama
871 2250 1031 2287 auctoris
1043 2252 1204 2299 captivet
1220 2249 1532 2296 imaginationem
1544 2250 1709 2286 emtoris.
1741 2250 1846 2288 Nam

265 2305 488 2340 excellentes
499 2305 599 2342 viros
609 2306 749 2354 semper
759 2306 979 2341 excellenter
989 2307 1146 2355 operari,
1160 2305 1243 2341 falsa
1253 2303 1302 2340 est
1315 2303 1518 2340 conclusio.
1552 2304 1614 2341 Ad
1624 2304 1740 2353 quod,
1751 2305 1844 2342 inter

264 2359 374 2395 Italos
394 2358 573 2404 artifices,
595 2369 666 2397 tres
685 2361 866 2397 notabiles
884 2361 1082 2398 audiuntur
1101 2359 1263 2411 phrases,
1290 2371 1372 2407 qua:
1392 2359 1485 2395 bene
1503 2359 1688 2397 delineant
1705 2360 1843 2408 gradus

263 2414 425 2465 ipsorum
447 2426 622 2465 operum.
656 2417 795 2452 Dicent
814 2415 899 2454 tibi,
916 2428 1010 2465 opus
1031 2415 1098 2453 effe
1118 2415 1257 2453 faCmm
1270 2444 1279 2458 ,
1297 2427 1355 2450 con
1365 2412 1560 2468 diligenqa,
1573 2428 1632 2450 cos-z
1641 2413 1760 2463 studio
1773 2444 1783 2459 ,
1797 2413 1842 2459 ό·

259 2483 320 2505 con
331 2483 465 2506 amore:
484 2472 602 2520 prima
613 2470 662 2508 est
678 2479 823 2508 tantum
843 2471 1025 2508 ordinaria
1036 2472 1245 2521 diligentia3
1269 2468 1431 2506 secunda
1449 2469 1498 2506 est
1508 2469 1616 2507 dona
1635 2470 1837 2519 diligentia.

261 2527 366 2562 tertia
377 2528 493 2574 longe
506 2528 623 2570 major
633 2525 682 2563 est
693 2555 703 2569 ‚
722 2535 832 2575 atque
843 2526 938 2562 adeo
951 2526 1059 2576 plena
1072 2528 1211 2563 amoris
1221 2526 1418 2574 diligentia.
1451 2525 1544 2561 Non
1556 2526 1764 2574 intelligunt
1774 2539 1840 2564 au-

258 2589 335 2615 tem
348 2593 433 2628 erga
448 2593 631 2619 emtorem
644 2582 766 2631 operis
780 2607 788 2622 ‚
809 2581 868 2618 sed
881 2592 964 2629 erga
977 2592 1072 2630 opus
1086 2580 1223 2631 ipsum,
1238 2593 1282 2619 ex
1294 2579 1465 2628 fingulari
1477 2578 1606 2617 affeetu
1619 2583 1656 2617 in
1669 2581 1764 2618 hanc
1775 2591 1839 2619 aut

255 2635 358 2670 illam
378 2635 575 2674 historiam.
615 2638 659 2673 Et
679 2648 769 2674 cum
789 2635 868 2672 haec
887 2637 1020 2673 omnia
1047 2645 1275 2674 concurrunt
1295 2633 1556 2684 (potissimum
1576 2636 1835 2686 postremum)

256 2690 293 2725 in
313 2693 489 2728 eminenti
513 2693 698 2730 Auctore,
721 2703 802 2729 tum
819 2690 964 2728 fortasse
982 2689 1176 2735 suffecerit,
1188 2691 1345 2727 Titianus
1357 2686 1467 2740 fecit,
1489 2701 1553 2727 aut
1570 2691 1582 2726 ὁ
1605 2684 1714 2730 ῴιὸίοις
1731 2689 1813 2735 {mid
1823 2718 1834 2735 ‚

255 2743 330 2780 fine
350 2747 512 2783 ulteriori
534 2747 801 2796 disquisitione3
824 2747 928 2786 alias,
948 2746 1104 2783 artifices
1115 2759 1194 2784 nou
1205 2746 1325 2783 modo
1336 2745 1417 2782 suos
1439 2745 1575 2783 habent
1593 2746 1782 2796 profestus
1795 2750 1834 2786 ὅτ.

251 2799 496 2849 perfeftiones
509 2830 518 2843 ‚
540 2802 597 2837 sed
608 2806 720 2840 etiam
732 2802 813 2839 suos
824 2803 954 2850 genios
968 2804 1004 2839 ὅς
1014 2811 1196 2852 tempora.

305 2855 481 2892 Proxima
493 2858 618 2893 cautio
632 2858 686 2902 fit,
699 2857 754 2903 (ut
767 2859 890 2907 logice
905 2857 1141 2907 procedatur)
1164 2857 1218 2893 uti
1232 2856 1268 2893 in
1281 2855 1477 2898 iudicando
1496 2854 1630 2905 deipsis
1642 2856 1833 2906 operibus,

246 2920 325 2947 non
337 2910 572 2949 distrahamur
590 2911 697 2951 fimul
706 2914 743 2950 in
754 2912 877 2951 divers
871 2924 906 2950 as
917 2924 981 2949 tes,
1000 2916 1126 2964 Qre
1136 2914 1260 2962 primo
1280 2909 1293 2956 <
1307 2920 1348 2948 ut
1356 2911 1544 2948 ordiamur
1555 2909 1575 2945 ‘a
1583 2912 1739 2961 piCtura)
1762 2914 1832 2950 ob-

1686 2966 1829 3007 servan-
