<?xml version="1.0" encoding="UTF-8"?>
<!DOCTYPE html PUBLIC "-//W3C//DTD XHTML 1.0 Transitional//EN"
    "http://www.w3.org/TR/xhtml1/DTD/xhtml1-transitional.dtd">
<html xmlns="http://www.w3.org/1999/xhtml" xml:lang="en" lang="en">
 <head>
  <title>
</title>
<meta http-equiv="Content-Type" content="text/html;charset=utf-8" />
  <meta name='ocr-system' content='tesseract 3.04.00' />
  <meta name='ocr-capabilities' content='ocr_page ocr_carea ocr_par ocr_line ocrx_word'/>
</head>
<body>
  <div class='ocr_page' id='page_1' title='image "./vitruviipollioni00vitr_0527.png"; bbox 0 0 2023 3162; ppageno 0'>
   <div class='ocr_carea' id='block_1_1' title="bbox 169 78 1734 366">
    <p class='ocr_par' dir='ltr' id='par_1_1' title="bbox 169 78 1734 366">
     <span class='ocr_line' id='line_1_1' title="bbox 169 78 1734 366; baseline 0 2796"><span class='ocrx_word' id='word_1_1' title='bbox 169 78 1734 366; x_wconf 95' lang='lat' dir='ltr'> </span> 
     </span>
    </p>
   </div>
   <div class='ocr_carea' id='block_1_2' title="bbox 470 412 1413 558">
    <p class='ocr_par' dir='ltr' id='par_1_2' title="bbox 470 412 1413 558">
     <span class='ocr_line' id='line_1_2' title="bbox 470 412 1413 492; baseline 0 -1"><span class='ocrx_word' id='word_1_2' title='bbox 470 412 841 491; x_wconf 80' lang='lat' dir='ltr'>LEONIS</span> <span class='ocrx_word' id='word_1_3' title='bbox 916 418 1413 492; x_wconf 75' lang='lat' dir='ltr'>BAPTISTAE</span> 
     </span>
     <span class='ocr_line' id='line_1_3' title="bbox 711 528 1146 558; baseline 0 -1"><span class='ocrx_word' id='word_1_4' title='bbox 711 529 782 557; x_wconf 84' lang='lat' dir='ltr'>DE</span> <span class='ocrx_word' id='word_1_5' title='bbox 830 528 1146 558; x_wconf 71' lang='lat' dir='ltr'>ALBERris</span> 
     </span>
    </p>
   </div>
   <div class='ocr_carea' id='block_1_3' title="bbox 256 603 1615 690">
    <p class='ocr_par' dir='ltr' id='par_1_3' title="bbox 256 603 1615 690">
     <span class='ocr_line' id='line_1_4' title="bbox 256 603 1615 690; baseline 0.008 -14"><span class='ocrx_word' id='word_1_6' title='bbox 256 603 1615 690; x_wconf 79' lang='lat' dir='ltr'>DEPICTVRA</span> 
     </span>
    </p>
   </div>
   <div class='ocr_carea' id='block_1_4' title="bbox 561 747 1318 783">
    <p class='ocr_par' dir='ltr' id='par_1_4' title="bbox 561 747 1318 783">
     <span class='ocr_line' id='line_1_5' title="bbox 561 747 1318 783; baseline 0.004 -4"><span class='ocrx_word' id='word_1_7' title='bbox 561 747 809 781; x_wconf 85' lang='lat' dir='ltr'><em>LIBER</em></span> <span class='ocrx_word' id='word_1_8' title='bbox 865 749 1318 783; x_wconf 80' lang='lat' dir='ltr'><em>SECVNDVS.</em></span> 
     </span>
    </p>
   </div>
   <div class='ocr_carea' id='block_1_5' title="bbox 620 857 1274 984">
    <p class='ocr_par' dir='ltr' id='par_1_5' title="bbox 620 857 1274 984">
     <span class='ocr_line' id='line_1_6' title="bbox 620 857 1274 984; baseline 0.002 -72"><span class='ocrx_word' id='word_1_9' title='bbox 620 857 737 984; x_wconf 73' lang='lat' dir='ltr'>Qt&#39;</span> <span class='ocrx_word' id='word_1_10' title='bbox 752 862 969 913; x_wconf 51' lang='lat' dir='ltr'>{Pistum</span> <span class='ocrx_word' id='word_1_11' title='bbox 986 857 1274 935; x_wconf 69' lang='lat' dir='ltr'><em>inscribitur.</em></span> 
     </span>
    </p>
   </div>
   <div class='ocr_carea' id='block_1_6' title="bbox 146 1010 1873 3022">
    <p class='ocr_par' dir='ltr' id='par_1_6' title="bbox 146 1010 1860 3022">
     <span class='ocr_line' id='line_1_7' title="bbox 277 1010 1737 1088; baseline 0.003 -21"><span class='ocrx_word' id='word_1_12' title='bbox 277 1071 286 1085; x_wconf 35' lang='grc' dir='ltr'>χ</span> <span class='ocrx_word' id='word_1_13' title='bbox 309 1017 335 1052; x_wconf 55' lang='lat'>²²¹</span> <span class='ocrx_word' id='word_1_14' title='bbox 357 1033 367 1040; x_wconf 64' lang='lat'>²</span> <span class='ocrx_word' id='word_1_15' title='bbox 395 1010 447 1088; x_wconf 35' lang='grc' dir='ltr'>ς’</span> <span class='ocrx_word' id='word_1_16' title='bbox 441 1034 460 1058; x_wconf 41' lang='grc' dir='ltr'>’ἒ</span> <span class='ocrx_word' id='word_1_17' title='bbox 504 1032 564 1077; x_wconf 81' lang='lat' dir='ltr'>juv</span> <span class='ocrx_word' id='word_1_18' title='bbox 566 1034 696 1071; x_wconf 89' lang='lat' dir='ltr'>enibus</span> <span class='ocrx_word' id='word_1_19' title='bbox 709 1033 824 1071; x_wconf 87' lang='lat' dir='ltr'>videri</span> <span class='ocrx_word' id='word_1_20' title='bbox 845 1033 981 1084; x_wconf 85' lang='lat' dir='ltr'>potest,</span> <span class='ocrx_word' id='word_1_21' title='bbox 997 1033 1140 1072; x_wconf 86' lang='lat' dir='ltr'>idcirco</span> <span class='ocrx_word' id='word_1_22' title='bbox 1152 1033 1229 1070; x_wconf 87' lang='lat' dir='ltr'>hoc</span> <span class='ocrx_word' id='word_1_23' title='bbox 1248 1034 1342 1070; x_wconf 90' lang='lat' dir='ltr'>loco</span> <span class='ocrx_word' id='word_1_24' title='bbox 1361 1033 1631 1071; x_wconf 89' lang='lat' dir='ltr'>ostendendum</span> <span class='ocrx_word' id='word_1_25' title='bbox 1651 1047 1737 1072; x_wconf 87' lang='lat' dir='ltr'>cen-</span> 
     </span>
     <span class='ocr_line' id='line_1_8' title="bbox 201 1081 1736 1153; baseline 0.002 -28"><span class='ocrx_word' id='word_1_26' title='bbox 201 1135 208 1142; x_wconf 40' lang='lat'><em>·</em></span> <span class='ocrx_word' id='word_1_27' title='bbox 323 1089 333 1107; x_wconf 78' lang='lat'>&#39;⁴</span> <span class='ocrx_word' id='word_1_28' title='bbox 367 1124 391 1142; x_wconf 69' lang='lat'>--,</span> <span class='ocrx_word' id='word_1_29' title='bbox 419 1081 438 1139; x_wconf 44' lang='grc' dir='ltr'>ἶ,</span> <span class='ocrx_word' id='word_1_30' title='bbox 476 1092 485 1096; x_wconf 84' lang='grc'>’“</span> <span class='ocrx_word' id='word_1_31' title='bbox 503 1087 585 1134; x_wconf 89' lang='lat' dir='ltr'>seo,</span> <span class='ocrx_word' id='word_1_32' title='bbox 608 1101 754 1139; x_wconf 89' lang='lat' dir='ltr'>quami</span> <span class='ocrx_word' id='word_1_33' title='bbox 731 1088 754 1125; x_wconf 87' lang='lat' dir='ltr'>s</span> <span class='ocrx_word' id='word_1_34' title='bbox 758 1099 772 1125; x_wconf 92' lang='lat' dir='ltr'>t</span> <span class='ocrx_word' id='word_1_35' title='bbox 782 1089 896 1139; x_wconf 57' lang='lat' dir='ltr'>pietur</span> <span class='ocrx_word' id='word_1_36' title='bbox 900 1102 918 1127; x_wconf 88' lang='lat' dir='ltr'>a</span> <span class='ocrx_word' id='word_1_37' title='bbox 939 1101 1018 1126; x_wconf 90' lang='lat' dir='ltr'>non</span> <span class='ocrx_word' id='word_1_38' title='bbox 1028 1091 1202 1140; x_wconf 84' lang='lat' dir='ltr'>indigna,</span> <span class='ocrx_word' id='word_1_39' title='bbox 1221 1091 1260 1126; x_wconf 89' lang='lat' dir='ltr'>in</span> <span class='ocrx_word' id='word_1_40' title='bbox 1271 1102 1346 1138; x_wconf 88' lang='lat' dir='ltr'>qua</span> <span class='ocrx_word' id='word_1_41' title='bbox 1354 1101 1512 1127; x_wconf 88' lang='lat' dir='ltr'>omnem</span> <span class='ocrx_word' id='word_1_42' title='bbox 1533 1102 1686 1153; x_wconf 83' lang='lat' dir='ltr'>operam</span> <span class='ocrx_word' id='word_1_43' title='bbox 1698 1088 1736 1128; x_wconf 70' lang='grc' dir='ltr'>δέ</span> 
     </span>
     <span class='ocr_line' id='line_1_9' title="bbox 245 1140 1735 1200; baseline 0 -17"><span class='ocrx_word' id='word_1_44' title='bbox 245 1142 264 1155; x_wconf 69' lang='grc'>“’</span> <span class='ocrx_word' id='word_1_45' title='bbox 354 1188 361 1200; x_wconf 37' lang='grc'>,</span> <span class='ocrx_word' id='word_1_46' title='bbox 428 1141 440 1147; x_wconf 66' lang='grc'><em>”</em></span> <span class='ocrx_word' id='word_1_47' title='bbox 457 1140 482 1177; x_wconf 60' lang='lat'>¹:</span> <span class='ocrx_word' id='word_1_48' title='bbox 503 1146 661 1183; x_wconf 88' lang='lat' dir='ltr'>studium</span> <span class='ocrx_word' id='word_1_49' title='bbox 674 1144 945 1182; x_wconf 67' lang='lat' dir='ltr'>consumamus</span> <span class='ocrx_word' id='word_1_50' title='bbox 965 1147 1069 1183; x_wconf 86' lang='lat' dir='ltr'>Nam</span> <span class='ocrx_word' id='word_1_51' title='bbox 1080 1146 1192 1183; x_wconf 87' lang='lat' dir='ltr'>habet</span> <span class='ocrx_word' id='word_1_52' title='bbox 1203 1158 1243 1183; x_wconf 85' lang='lat' dir='ltr'>ea</span> <span class='ocrx_word' id='word_1_53' title='bbox 1255 1146 1427 1195; x_wconf 83' lang='lat' dir='ltr'>quidem</span> <span class='ocrx_word' id='word_1_54' title='bbox 1419 1158 1456 1182; x_wconf 92' lang='lat' dir='ltr'>in</span> <span class='ocrx_word' id='word_1_55' title='bbox 1468 1146 1500 1183; x_wconf 80' lang='lat' dir='ltr'>ie</span> <span class='ocrx_word' id='word_1_56' title='bbox 1511 1148 1587 1184; x_wconf 87' lang='lat' dir='ltr'>vim</span> <span class='ocrx_word' id='word_1_57' title='bbox 1601 1146 1735 1183; x_wconf 85' lang='lat' dir='ltr'>admo-</span> 
     </span>
     <span class='ocr_line' id='line_1_10' title="bbox 288 1195 1736 1250; baseline 0 -12"><span class='ocrx_word' id='word_1_58' title='bbox 288 1196 291 1203; x_wconf 86' lang='lat'>&#39;</span> <span class='ocrx_word' id='word_1_59' title='bbox 310 1195 325 1208; x_wconf 27' lang='lat' dir='ltr'>k*</span> <span class='ocrx_word' id='word_1_60' title='bbox 335 1196 348 1210; x_wconf 64' lang='lat'>³</span> <span class='ocrx_word' id='word_1_61' title='bbox 457 1203 469 1220; x_wconf 76' lang='lat'>&#39;³</span> <span class='ocrx_word' id='word_1_62' title='bbox 504 1202 597 1239; x_wconf 90' lang='lat' dir='ltr'>dum</span> <span class='ocrx_word' id='word_1_63' title='bbox 609 1201 681 1239; x_wconf 83' lang='lat' dir='ltr'>div</span> <span class='ocrx_word' id='word_1_64' title='bbox 672 1213 785 1238; x_wconf 85' lang='lat' dir='ltr'>inam:</span> <span class='ocrx_word' id='word_1_65' title='bbox 799 1213 877 1238; x_wconf 89' lang='lat' dir='ltr'>non</span> <span class='ocrx_word' id='word_1_66' title='bbox 891 1201 1012 1239; x_wconf 85' lang='lat' dir='ltr'>modo</span> <span class='ocrx_word' id='word_1_67' title='bbox 1023 1201 1129 1250; x_wconf 86' lang='lat' dir='ltr'>quod</span> <span class='ocrx_word' id='word_1_68' title='bbox 1141 1211 1180 1239; x_wconf 91' lang='lat' dir='ltr'>ut</span> <span class='ocrx_word' id='word_1_69' title='bbox 1191 1201 1236 1238; x_wconf 84' lang='lat' dir='ltr'>de</span> <span class='ocrx_word' id='word_1_70' title='bbox 1246 1202 1407 1239; x_wconf 84' lang='lat' dir='ltr'>amicitia</span> <span class='ocrx_word' id='word_1_71' title='bbox 1417 1202 1556 1240; x_wconf 87' lang='lat' dir='ltr'>dicunt,</span> <span class='ocrx_word' id='word_1_72' title='bbox 1570 1201 1736 1239; x_wconf 87' lang='lat' dir='ltr'>absentes</span> 
     </span>
     <span class='ocr_line' id='line_1_11' title="bbox 342 1256 1737 1309; baseline -0.001 -15"><span class='ocrx_word' id='word_1_73' title='bbox 342 1287 350 1290; x_wconf 60' lang='lat'>-</span> <span class='ocrx_word' id='word_1_74' title='bbox 506 1258 647 1309; x_wconf 57' lang='lat' dir='ltr'>pistura</span> <span class='ocrx_word' id='word_1_75' title='bbox 656 1259 843 1308; x_wconf 65' lang='lat' dir='ltr'>praesentes</span> <span class='ocrx_word' id='word_1_76' title='bbox 855 1257 923 1295; x_wconf 79' lang='lat' dir='ltr'>effe</span> <span class='ocrx_word' id='word_1_77' title='bbox 933 1257 1054 1295; x_wconf 85' lang='lat' dir='ltr'>faciat,</span> <span class='ocrx_word' id='word_1_78' title='bbox 1066 1269 1195 1295; x_wconf 89' lang='lat' dir='ltr'>verum</span> <span class='ocrx_word' id='word_1_79' title='bbox 1206 1259 1319 1294; x_wconf 84' lang='lat' dir='ltr'>etiam</span> <span class='ocrx_word' id='word_1_80' title='bbox 1329 1256 1521 1295; x_wconf 66' lang='lat' dir='ltr'>defunctos</span> <span class='ocrx_word' id='word_1_81' title='bbox 1530 1258 1644 1307; x_wconf 83' lang='lat' dir='ltr'>longa</span> <span class='ocrx_word' id='word_1_82' title='bbox 1654 1256 1737 1308; x_wconf 87' lang='lat' dir='ltr'>post</span> 
     </span>
     <span class='ocr_line' id='line_1_12' title="bbox 148 1313 1737 1358; baseline -0.001 -8"><span class='ocrx_word' id='word_1_83' title='bbox 148 1313 485 1352; x_wconf 87' lang='lat' dir='ltr'>seculaviventibus</span> <span class='ocrx_word' id='word_1_84' title='bbox 498 1313 687 1352; x_wconf 83' lang='lat' dir='ltr'>exhibeat,</span> <span class='ocrx_word' id='word_1_85' title='bbox 711 1323 750 1350; x_wconf 90' lang='lat' dir='ltr'>ut</span> <span class='ocrx_word' id='word_1_86' title='bbox 769 1313 909 1350; x_wconf 67' lang='lat' dir='ltr'>summa</span> <span class='ocrx_word' id='word_1_87' title='bbox 922 1324 1011 1351; x_wconf 87' lang='lat' dir='ltr'>cum</span> <span class='ocrx_word' id='word_1_88' title='bbox 1030 1313 1175 1351; x_wconf 84' lang='lat' dir='ltr'>artificis</span> <span class='ocrx_word' id='word_1_89' title='bbox 1195 1314 1463 1358; x_wconf 80' lang='lat' dir='ltr'>admiratione,</span> <span class='ocrx_word' id='word_1_90' title='bbox 1485 1325 1528 1350; x_wconf 84' lang='lat' dir='ltr'>ac</span> <span class='ocrx_word' id='word_1_91' title='bbox 1540 1313 1737 1350; x_wconf 82' lang='lat' dir='ltr'>visentium</span> 
     </span>
     <span class='ocr_line' id='line_1_13' title="bbox 148 1365 1736 1420; baseline -0.001 -13"><span class='ocrx_word' id='word_1_92' title='bbox 148 1382 171 1407; x_wconf 86' lang='lat' dir='ltr'><strong>v</strong></span> <span class='ocrx_word' id='word_1_93' title='bbox 175 1369 358 1420; x_wconf 86' lang='lat' dir='ltr'>oluptate,</span> <span class='ocrx_word' id='word_1_94' title='bbox 380 1365 665 1419; x_wconf 80' lang='lat' dir='ltr'>cognoscantur.</span> <span class='ocrx_word' id='word_1_95' title='bbox 679 1370 716 1405; x_wconf 82' lang='grc' dir='ltr'>Β</span> <span class='ocrx_word' id='word_1_96' title='bbox 721 1368 811 1406; x_wconf 85' lang='lat' dir='ltr'>efert</span> <span class='ocrx_word' id='word_1_97' title='bbox 830 1369 1059 1414; x_wconf 86' lang='lat' dir='ltr'>Plutarchus,</span> <span class='ocrx_word' id='word_1_98' title='bbox 1074 1369 1316 1407; x_wconf 76' lang='lat' dir='ltr'>Caffimdrum</span> <span class='ocrx_word' id='word_1_99' title='bbox 1337 1382 1456 1407; x_wconf 90' lang='lat' dir='ltr'>unum</span> <span class='ocrx_word' id='word_1_100' title='bbox 1467 1381 1510 1406; x_wconf 87' lang='lat' dir='ltr'>ex</span> <span class='ocrx_word' id='word_1_101' title='bbox 1532 1369 1736 1406; x_wconf 80' lang='lat' dir='ltr'>Alexandri</span> 
     </span>
     <span class='ocr_line' id='line_1_14' title="bbox 148 1424 1736 1474; baseline 0.001 -13"><span class='ocrx_word' id='word_1_102' title='bbox 148 1424 319 1471; x_wconf 87' lang='lat' dir='ltr'>ducibus,</span> <span class='ocrx_word' id='word_1_103' title='bbox 330 1426 433 1474; x_wconf 91' lang='lat' dir='ltr'>quod</span> <span class='ocrx_word' id='word_1_104' title='bbox 443 1425 682 1463; x_wconf 72' lang='lat' dir='ltr'>simulacrum</span> <span class='ocrx_word' id='word_1_105' title='bbox 693 1427 766 1471; x_wconf 90' lang='lat' dir='ltr'>jam</span> <span class='ocrx_word' id='word_1_106' title='bbox 777 1424 942 1463; x_wconf 68' lang='lat' dir='ltr'>defunsti</span> <span class='ocrx_word' id='word_1_107' title='bbox 953 1425 1156 1463; x_wconf 85' lang='lat' dir='ltr'>Alexandri</span> <span class='ocrx_word' id='word_1_108' title='bbox 1167 1427 1372 1462; x_wconf 81' lang='lat' dir='ltr'>intueretur</span> <span class='ocrx_word' id='word_1_109' title='bbox 1383 1455 1392 1470; x_wconf 91' lang='lat'>,</span> <span class='ocrx_word' id='word_1_110' title='bbox 1414 1427 1451 1462; x_wconf 89' lang='lat' dir='ltr'>in</span> <span class='ocrx_word' id='word_1_111' title='bbox 1462 1437 1540 1474; x_wconf 91' lang='lat' dir='ltr'>quo</span> <span class='ocrx_word' id='word_1_112' title='bbox 1553 1427 1646 1474; x_wconf 84' lang='lat' dir='ltr'>regis</span> <span class='ocrx_word' id='word_1_113' title='bbox 1657 1436 1736 1462; x_wconf 89' lang='lat' dir='ltr'>ma-</span> 
     </span>
     <span class='ocr_line' id='line_1_15' title="bbox 147 1479 1736 1533; baseline -0.001 -16"><span class='ocrx_word' id='word_1_114' title='bbox 147 1480 314 1529; x_wconf 85' lang='lat' dir='ltr'>jestatem</span> <span class='ocrx_word' id='word_1_115' title='bbox 327 1480 558 1531; x_wconf 69' lang='lat' dir='ltr'>cognovisset</span> <span class='ocrx_word' id='word_1_116' title='bbox 570 1509 580 1526; x_wconf 88' lang='lat'>‚</span> <span class='ocrx_word' id='word_1_117' title='bbox 601 1489 687 1518; x_wconf 89' lang='lat' dir='ltr'>toto</span> <span class='ocrx_word' id='word_1_118' title='bbox 699 1493 787 1518; x_wconf 90' lang='lat' dir='ltr'>eum</span> <span class='ocrx_word' id='word_1_119' title='bbox 799 1492 960 1533; x_wconf 86' lang='lat' dir='ltr'>corpore</span> <span class='ocrx_word' id='word_1_120' title='bbox 970 1481 1159 1533; x_wconf 78' lang='lat' dir='ltr'>trepidasse</span> <span class='ocrx_word' id='word_1_121' title='bbox 1172 1511 1181 1526; x_wconf 93' lang='lat'>,</span> <span class='ocrx_word' id='word_1_122' title='bbox 1205 1479 1501 1530; x_wconf 78' lang='lat' dir='ltr'>Agesilaumque</span> <span class='ocrx_word' id='word_1_123' title='bbox 1522 1481 1736 1525; x_wconf 85' lang='lat' dir='ltr'>Lacaenam,</span> 
     </span>
     <span class='ocr_line' id='line_1_16' title="bbox 148 1535 1737 1587; baseline -0.001 -13"><span class='ocrx_word' id='word_1_124' title='bbox 148 1536 253 1586; x_wconf 87' lang='lat' dir='ltr'>quod</span> <span class='ocrx_word' id='word_1_125' title='bbox 265 1536 299 1574; x_wconf 87' lang='lat' dir='ltr'>se</span> <span class='ocrx_word' id='word_1_126' title='bbox 316 1536 384 1575; x_wconf 85' lang='lat' dir='ltr'>effe</span> <span class='ocrx_word' id='word_1_127' title='bbox 395 1537 602 1575; x_wconf 82' lang='lat' dir='ltr'>admodum</span> <span class='ocrx_word' id='word_1_128' title='bbox 614 1536 824 1575; x_wconf 88' lang='lat' dir='ltr'>deformem</span> <span class='ocrx_word' id='word_1_129' title='bbox 843 1538 1071 1587; x_wconf 82' lang='lat' dir='ltr'>intelligeret,</span> <span class='ocrx_word' id='word_1_130' title='bbox 1085 1536 1184 1573; x_wconf 85' lang='lat' dir='ltr'>suam</span> <span class='ocrx_word' id='word_1_131' title='bbox 1196 1535 1368 1574; x_wconf 78' lang='lat' dir='ltr'>recusaffe</span> <span class='ocrx_word' id='word_1_132' title='bbox 1380 1536 1401 1572; x_wconf 72' lang='lat' dir='ltr'>a</span> <span class='ocrx_word' id='word_1_133' title='bbox 1413 1537 1564 1586; x_wconf 86' lang='lat' dir='ltr'>posteris</span> <span class='ocrx_word' id='word_1_134' title='bbox 1575 1535 1737 1585; x_wconf 78' lang='lat' dir='ltr'>effigiem</span> 
     </span>
     <span class='ocr_line' id='line_1_17' title="bbox 148 1588 1735 1643; baseline -0.001 -14"><span class='ocrx_word' id='word_1_135' title='bbox 148 1593 343 1642; x_wconf 81' lang='lat' dir='ltr'>cognosci,</span> <span class='ocrx_word' id='word_1_136' title='bbox 353 1605 470 1642; x_wconf 90' lang='lat' dir='ltr'>eaque</span> <span class='ocrx_word' id='word_1_137' title='bbox 480 1594 526 1630; x_wconf 90' lang='lat' dir='ltr'>de</span> <span class='ocrx_word' id='word_1_138' title='bbox 539 1605 576 1630; x_wconf 87' lang='lat' dir='ltr'>re</span> <span class='ocrx_word' id='word_1_139' title='bbox 585 1604 706 1642; x_wconf 90' lang='lat' dir='ltr'>neque</span> <span class='ocrx_word' id='word_1_140' title='bbox 717 1591 852 1643; x_wconf 77' lang='lat' dir='ltr'>pingia</span> <span class='ocrx_word' id='word_1_141' title='bbox 862 1605 1069 1643; x_wconf 90' lang='lat' dir='ltr'>quoquam,</span> <span class='ocrx_word' id='word_1_142' title='bbox 1086 1604 1210 1642; x_wconf 85' lang='lat' dir='ltr'>neque</span> <span class='ocrx_word' id='word_1_143' title='bbox 1220 1592 1311 1640; x_wconf 85' lang='lat' dir='ltr'>fingi</span> <span class='ocrx_word' id='word_1_144' title='bbox 1321 1591 1484 1629; x_wconf 81' lang='lat' dir='ltr'>voluisse.</span> <span class='ocrx_word' id='word_1_145' title='bbox 1513 1593 1644 1642; x_wconf 88' lang='lat' dir='ltr'>Itaque</span> <span class='ocrx_word' id='word_1_146' title='bbox 1656 1588 1735 1629; x_wconf 85' lang='lat' dir='ltr'>vul-</span> 
     </span>
     <span class='ocr_line' id='line_1_18' title="bbox 147 1646 1734 1702; baseline 0 -18"><span class='ocrx_word' id='word_1_147' title='bbox 147 1658 206 1685; x_wconf 88' lang='lat' dir='ltr'>tus</span> <span class='ocrx_word' id='word_1_148' title='bbox 217 1648 491 1688; x_wconf 58' lang='lat' dir='ltr'>defunctorum,</span> <span class='ocrx_word' id='word_1_149' title='bbox 506 1661 570 1700; x_wconf 80' lang='lat' dir='ltr'>per</span> <span class='ocrx_word' id='word_1_150' title='bbox 579 1649 755 1699; x_wconf 71' lang='lat' dir='ltr'>picturam</span> <span class='ocrx_word' id='word_1_151' title='bbox 766 1650 1058 1697; x_wconf 83' lang='lat' dir='ltr'>quodammodo</span> <span class='ocrx_word' id='word_1_152' title='bbox 1070 1650 1186 1687; x_wconf 88' lang='lat' dir='ltr'>vitam</span> <span class='ocrx_word' id='word_1_153' title='bbox 1199 1648 1425 1699; x_wconf 85' lang='lat' dir='ltr'>praelongam</span> <span class='ocrx_word' id='word_1_154' title='bbox 1437 1647 1589 1702; x_wconf 64' lang='lat' dir='ltr'>degunt3</span> <span class='ocrx_word' id='word_1_155' title='bbox 1615 1646 1734 1699; x_wconf 86' lang='lat' dir='ltr'>Qod</span> 
     </span>
     <span class='ocr_line' id='line_1_19' title="bbox 146 1703 1735 1755; baseline 0 -15"><span class='ocrx_word' id='word_1_156' title='bbox 146 1716 239 1741; x_wconf 79' lang='lat' dir='ltr'>vero</span> <span class='ocrx_word' id='word_1_157' title='bbox 249 1705 496 1755; x_wconf 61' lang='lat' dir='ltr'>pichraDeos</span> <span class='ocrx_word' id='word_1_158' title='bbox 507 1704 824 1755; x_wconf 83' lang='lat' dir='ltr'>exprefferit,quos</span> <span class='ocrx_word' id='word_1_159' title='bbox 834 1716 961 1754; x_wconf 84' lang='lat' dir='ltr'>gentes</span> <span class='ocrx_word' id='word_1_160' title='bbox 971 1715 1201 1743; x_wconf 80' lang='lat' dir='ltr'>venerantur,</span> <span class='ocrx_word' id='word_1_161' title='bbox 1209 1705 1415 1742; x_wconf 88' lang='lat' dir='ltr'>maximum</span> <span class='ocrx_word' id='word_1_162' title='bbox 1424 1703 1459 1740; x_wconf 91' lang='lat' dir='ltr'>id</span> <span class='ocrx_word' id='word_1_163' title='bbox 1470 1703 1623 1753; x_wconf 90' lang='lat' dir='ltr'>quidem</span> <span class='ocrx_word' id='word_1_164' title='bbox 1634 1715 1735 1740; x_wconf 84' lang='lat' dir='ltr'>mor-</span> 
     </span>
     <span class='ocr_line' id='line_1_20' title="bbox 146 1757 1735 1812; baseline 0 -17"><span class='ocrx_word' id='word_1_165' title='bbox 146 1759 282 1797; x_wconf 85' lang='lat' dir='ltr'>talibus</span> <span class='ocrx_word' id='word_1_166' title='bbox 294 1760 441 1798; x_wconf 89' lang='lat' dir='ltr'>donum</span> <span class='ocrx_word' id='word_1_167' title='bbox 461 1761 559 1798; x_wconf 85' lang='lat' dir='ltr'>fuiffe</span> <span class='ocrx_word' id='word_1_168' title='bbox 573 1761 794 1798; x_wconf 85' lang='lat' dir='ltr'>censendum</span> <span class='ocrx_word' id='word_1_169' title='bbox 808 1761 869 1797; x_wconf 91' lang='lat' dir='ltr'>est.</span> <span class='ocrx_word' id='word_1_170' title='bbox 899 1763 1000 1799; x_wconf 90' lang='lat' dir='ltr'>Nam</span> <span class='ocrx_word' id='word_1_171' title='bbox 1010 1761 1055 1798; x_wconf 88' lang='lat' dir='ltr'>ad</span> <span class='ocrx_word' id='word_1_172' title='bbox 1066 1762 1240 1812; x_wconf 88' lang='lat' dir='ltr'>pietatem</span> <span class='ocrx_word' id='word_1_173' title='bbox 1253 1789 1262 1804; x_wconf 93' lang='lat'>,</span> <span class='ocrx_word' id='word_1_174' title='bbox 1278 1771 1352 1809; x_wconf 91' lang='lat' dir='ltr'>qua</span> <span class='ocrx_word' id='word_1_175' title='bbox 1363 1759 1496 1810; x_wconf 84' lang='lat' dir='ltr'>superis</span> <span class='ocrx_word' id='word_1_176' title='bbox 1506 1757 1735 1810; x_wconf 79' lang='lat' dir='ltr'>potissimum</span> 
     </span>
     <span class='ocr_line' id='line_1_21' title="bbox 146 1814 1734 1866; baseline 0 -15"><span class='ocrx_word' id='word_1_177' title='bbox 146 1816 339 1861; x_wconf 67' lang='lat' dir='ltr'>conjunffl</span> <span class='ocrx_word' id='word_1_178' title='bbox 348 1815 470 1854; x_wconf 87' lang='lat' dir='ltr'>sumus</span> <span class='ocrx_word' id='word_1_179' title='bbox 481 1842 489 1856; x_wconf 91' lang='lat'>,</span> <span class='ocrx_word' id='word_1_180' title='bbox 510 1826 623 1865; x_wconf 88' lang='lat' dir='ltr'>atque</span> <span class='ocrx_word' id='word_1_181' title='bbox 634 1817 678 1853; x_wconf 87' lang='lat' dir='ltr'>ad</span> <span class='ocrx_word' id='word_1_182' title='bbox 689 1817 837 1853; x_wconf 86' lang='lat' dir='ltr'>animos</span> <span class='ocrx_word' id='word_1_183' title='bbox 848 1843 856 1856; x_wconf 90' lang='lat'>,</span> <span class='ocrx_word' id='word_1_184' title='bbox 869 1819 1010 1866; x_wconf 87' lang='lat' dir='ltr'>integra</span> <span class='ocrx_word' id='word_1_185' title='bbox 1022 1816 1181 1866; x_wconf 82' lang='lat' dir='ltr'>quadam</span> <span class='ocrx_word' id='word_1_186' title='bbox 1194 1828 1282 1853; x_wconf 91' lang='lat' dir='ltr'>cum</span> <span class='ocrx_word' id='word_1_187' title='bbox 1292 1817 1484 1865; x_wconf 83' lang='lat' dir='ltr'>religione,</span> <span class='ocrx_word' id='word_1_188' title='bbox 1495 1814 1734 1858; x_wconf 85' lang='lat' dir='ltr'>detinendos,</span> 
     </span>
     <span class='ocr_line' id='line_1_22' title="bbox 146 1870 1733 1933; baseline 0 -27"><span class='ocrx_word' id='word_1_189' title='bbox 146 1872 306 1908; x_wconf 90' lang='lat' dir='ltr'>nimium</span> <span class='ocrx_word' id='word_1_190' title='bbox 318 1871 462 1921; x_wconf 70' lang='lat' dir='ltr'>pie‘tura</span> <span class='ocrx_word' id='word_1_191' title='bbox 473 1872 622 1922; x_wconf 87' lang='lat' dir='ltr'>profuit.</span> <span class='ocrx_word' id='word_1_192' title='bbox 653 1871 798 1909; x_wconf 83' lang='lat' dir='ltr'>Phidias</span> <span class='ocrx_word' id='word_1_193' title='bbox 820 1874 855 1909; x_wconf 91' lang='lat' dir='ltr'>in</span> <span class='ocrx_word' id='word_1_194' title='bbox 874 1873 978 1910; x_wconf 89' lang='lat' dir='ltr'>Elide</span> <span class='ocrx_word' id='word_1_195' title='bbox 996 1870 1128 1925; x_wconf 84' lang='lat' dir='ltr'>Jovem</span> <span class='ocrx_word' id='word_1_196' title='bbox 1141 1871 1262 1909; x_wconf 77' lang='lat' dir='ltr'>feciss&#39;e</span> <span class='ocrx_word' id='word_1_197' title='bbox 1282 1871 1434 1914; x_wconf 89' lang='lat' dir='ltr'>dicitur,</span> <span class='ocrx_word' id='word_1_198' title='bbox 1455 1872 1563 1917; x_wconf 84' lang='lat' dir='ltr'>cujus</span> <span class='ocrx_word' id='word_1_199' title='bbox 1574 1870 1733 1933; x_wconf 81' lang='lat' dir='ltr'>pulchri-</span> 
     </span>
     <span class='ocr_line' id='line_1_23' title="bbox 147 1925 1736 1980; baseline -0.001 -16.988"><span class='ocrx_word' id='word_1_200' title='bbox 147 1926 240 1963; x_wconf 90' lang='lat' dir='ltr'>tudo</span> <span class='ocrx_word' id='word_1_201' title='bbox 253 1939 331 1964; x_wconf 90' lang='lat' dir='ltr'>non</span> <span class='ocrx_word' id='word_1_202' title='bbox 341 1939 492 1977; x_wconf 85' lang='lat' dir='ltr'>parurn,</span> <span class='ocrx_word' id='word_1_203' title='bbox 513 1938 672 1978; x_wconf 73' lang='lat' dir='ltr'>receptae</span> <span class='ocrx_word' id='word_1_204' title='bbox 684 1928 875 1976; x_wconf 81' lang='lat' dir='ltr'>religioni,</span> <span class='ocrx_word' id='word_1_205' title='bbox 900 1928 1088 1973; x_wconf 85' lang='lat' dir='ltr'>adjecerit.</span> <span class='ocrx_word' id='word_1_206' title='bbox 1116 1925 1195 1980; x_wconf 79' lang='lat' dir='ltr'>Jam</span> <span class='ocrx_word' id='word_1_207' title='bbox 1206 1939 1228 1964; x_wconf 87' lang='lat' dir='ltr'>v</span> <span class='ocrx_word' id='word_1_208' title='bbox 1232 1939 1297 1964; x_wconf 88' lang='lat' dir='ltr'>ero</span> <span class='ocrx_word' id='word_1_209' title='bbox 1308 1927 1355 1963; x_wconf 83' lang='lat' dir='ltr'>ad</span> <span class='ocrx_word' id='word_1_210' title='bbox 1373 1925 1521 1963; x_wconf 84' lang='lat' dir='ltr'>delicias</span> <span class='ocrx_word' id='word_1_211' title='bbox 1536 1927 1654 1962; x_wconf 85' lang='lat' dir='ltr'>animi</span> <span class='ocrx_word' id='word_1_212' title='bbox 1665 1925 1736 1962; x_wconf 93' lang='lat' dir='ltr'>ho-</span> 
     </span>
     <span class='ocr_line' id='line_1_24' title="bbox 147 1980 1848 2032; baseline -0.002 -14"><span class='ocrx_word' id='word_1_213' title='bbox 147 1980 383 2021; x_wconf 72' lang='lat' dir='ltr'>nestissimas,</span> <span class='ocrx_word' id='word_1_214' title='bbox 403 1993 513 2032; x_wconf 86' lang='lat' dir='ltr'>atque</span> <span class='ocrx_word' id='word_1_215' title='bbox 525 1984 571 2020; x_wconf 88' lang='lat' dir='ltr'>ad</span> <span class='ocrx_word' id='word_1_216' title='bbox 581 1994 701 2019; x_wconf 86' lang='lat' dir='ltr'>rerum</span> <span class='ocrx_word' id='word_1_217' title='bbox 713 1983 824 2019; x_wconf 89' lang='lat' dir='ltr'>decus</span> <span class='ocrx_word' id='word_1_218' title='bbox 843 1993 1027 2032; x_wconf 88' lang='lat' dir='ltr'>quantum</span> <span class='ocrx_word' id='word_1_219' title='bbox 1038 1983 1206 2020; x_wconf 88' lang='lat' dir='ltr'>conferat</span> <span class='ocrx_word' id='word_1_220' title='bbox 1215 1983 1374 2032; x_wconf 67' lang='lat' dir='ltr'>pistura,</span> <span class='ocrx_word' id='word_1_221' title='bbox 1397 1993 1485 2018; x_wconf 88' lang='lat' dir='ltr'>cum</span> <span class='ocrx_word' id='word_1_222' title='bbox 1496 1981 1644 2018; x_wconf 86' lang='lat' dir='ltr'>aliunde</span> <span class='ocrx_word' id='word_1_223' title='bbox 1655 1992 1734 2017; x_wconf 89' lang='lat' dir='ltr'>tuni</span> <span class='ocrx_word' id='word_1_224' title='bbox 1747 1990 1775 2015; x_wconf 75' lang='lat' dir='ltr'>Pi</span> <span class='ocrx_word' id='word_1_225' title='bbox 1776 1990 1848 2016; x_wconf 60' lang='grc' dir='ltr'>ιω</span> 
     </span>
     <span class='ocr_line' id='line_1_25' title="bbox 149 2031 1873 2106; baseline 0.001 -34"><span class='ocrx_word' id='word_1_226' title='bbox 149 2037 235 2073; x_wconf 89' lang='lat' dir='ltr'>hinc</span> <span class='ocrx_word' id='word_1_227' title='bbox 246 2039 407 2075; x_wconf 86' lang='lat' dir='ltr'>maxime</span> <span class='ocrx_word' id='word_1_228' title='bbox 418 2040 505 2075; x_wconf 88' lang='lat' dir='ltr'>licet</span> <span class='ocrx_word' id='word_1_229' title='bbox 514 2038 658 2082; x_wconf 85' lang='lat' dir='ltr'>videre,</span> <span class='ocrx_word' id='word_1_230' title='bbox 676 2038 780 2087; x_wconf 89' lang='lat' dir='ltr'>quod</span> <span class='ocrx_word' id='word_1_231' title='bbox 791 2040 930 2076; x_wconf 90' lang='lat' dir='ltr'>nullam</span> <span class='ocrx_word' id='word_1_232' title='bbox 943 2038 1057 2075; x_wconf 85' lang='lat' dir='ltr'>ferme</span> <span class='ocrx_word' id='word_1_233' title='bbox 1068 2038 1168 2075; x_wconf 86' lang='lat' dir='ltr'>dabis</span> <span class='ocrx_word' id='word_1_234' title='bbox 1178 2050 1256 2075; x_wconf 87' lang='lat' dir='ltr'>rem</span> <span class='ocrx_word' id='word_1_235' title='bbox 1275 2037 1388 2086; x_wconf 86' lang='lat' dir='ltr'>usque</span> <span class='ocrx_word' id='word_1_236' title='bbox 1399 2036 1493 2073; x_wconf 88' lang='lat' dir='ltr'>adeo</span> <span class='ocrx_word' id='word_1_237' title='bbox 1511 2031 1873 2106; x_wconf 41' lang='lat' dir='ltr'>preciosamffi‘rijl‘m</span> 
     </span>
     <span class='ocr_line' id='line_1_26' title="bbox 152 2090 1732 2141; baseline 0 -13"><span class='ocrx_word' id='word_1_238' title='bbox 152 2103 269 2140; x_wconf 87' lang='lat' dir='ltr'>quam</span> <span class='ocrx_word' id='word_1_239' title='bbox 287 2092 436 2140; x_wconf 79' lang='lat' dir='ltr'>pieturae</span> <span class='ocrx_word' id='word_1_240' title='bbox 457 2093 609 2130; x_wconf 87' lang='lat' dir='ltr'>societas</span> <span class='ocrx_word' id='word_1_241' title='bbox 630 2106 709 2130; x_wconf 88' lang='lat' dir='ltr'>non</span> <span class='ocrx_word' id='word_1_242' title='bbox 734 2094 849 2141; x_wconf 86' lang='lat' dir='ltr'>longe</span> <span class='ocrx_word' id='word_1_243' title='bbox 867 2096 1076 2138; x_wconf 86' lang='lat' dir='ltr'>cariorem,</span> <span class='ocrx_word' id='word_1_244' title='bbox 1097 2094 1336 2141; x_wconf 64' lang='lat' dir='ltr'>multoqueg</span> <span class='ocrx_word' id='word_1_245' title='bbox 1314 2090 1553 2129; x_wconf 67' lang='lat' dir='ltr'>crraviss&#39;imam</span> <span class='ocrx_word' id='word_1_246' title='bbox 1576 2090 1732 2128; x_wconf 82' lang='lat' dir='ltr'>efficiat.</span> 
     </span>
     <span class='ocr_line' id='line_1_27' title="bbox 148 2145 1735 2200; baseline -0.001 -14"><span class='ocrx_word' id='word_1_247' title='bbox 148 2149 251 2186; x_wconf 85' lang='lat' dir='ltr'>Ebur</span> <span class='ocrx_word' id='word_1_248' title='bbox 263 2175 273 2190; x_wconf 90' lang='lat'>‚</span> <span class='ocrx_word' id='word_1_249' title='bbox 284 2158 462 2195; x_wconf 76' lang='lat' dir='ltr'>gemmae,</span> <span class='ocrx_word' id='word_1_250' title='bbox 484 2147 521 2183; x_wconf 71' lang='grc' dir='ltr'>δι</span> <span class='ocrx_word' id='word_1_251' title='bbox 530 2148 732 2185; x_wconf 87' lang='lat' dir='ltr'>istiusmodi</span> <span class='ocrx_word' id='word_1_252' title='bbox 744 2160 823 2184; x_wconf 87' lang='lat' dir='ltr'>cara</span> <span class='ocrx_word' id='word_1_253' title='bbox 833 2150 985 2190; x_wconf 87' lang='lat' dir='ltr'>omnia,</span> <span class='ocrx_word' id='word_1_254' title='bbox 1006 2149 1157 2198; x_wconf 61' lang='lat' dir='ltr'>pietoris</span> <span class='ocrx_word' id='word_1_255' title='bbox 1167 2159 1279 2185; x_wconf 90' lang='lat' dir='ltr'>manu</span> <span class='ocrx_word' id='word_1_256' title='bbox 1287 2146 1380 2183; x_wconf 89' lang='lat' dir='ltr'>fiunt</span> <span class='ocrx_word' id='word_1_257' title='bbox 1389 2145 1625 2200; x_wconf 80' lang='lat' dir='ltr'>preciosiora.</span> <span class='ocrx_word' id='word_1_258' title='bbox 1658 2146 1735 2184; x_wconf 86' lang='lat' dir='ltr'>Au-</span> 
     </span>
     <span class='ocr_line' id='line_1_28' title="bbox 149 2202 1735 2257; baseline 0.001 -18"><span class='ocrx_word' id='word_1_259' title='bbox 149 2214 232 2239; x_wconf 88' lang='lat' dir='ltr'>rum</span> <span class='ocrx_word' id='word_1_260' title='bbox 242 2214 398 2251; x_wconf 86' lang='lat' dir='ltr'>quoque</span> <span class='ocrx_word' id='word_1_261' title='bbox 409 2203 523 2253; x_wconf 85' lang='lat' dir='ltr'>ipsum</span> <span class='ocrx_word' id='word_1_262' title='bbox 534 2203 677 2252; x_wconf 59' lang='lat' dir='ltr'>piditurae</span> <span class='ocrx_word' id='word_1_263' title='bbox 690 2213 765 2238; x_wconf 87' lang='lat' dir='ltr'>aite</span> <span class='ocrx_word' id='word_1_264' title='bbox 776 2202 1025 2241; x_wconf 86' lang='lat' dir='ltr'>elaboratum,</span> <span class='ocrx_word' id='word_1_265' title='bbox 1039 2204 1152 2250; x_wconf 86' lang='lat' dir='ltr'>longe</span> <span class='ocrx_word' id='word_1_266' title='bbox 1162 2203 1327 2252; x_wconf 90' lang='lat' dir='ltr'>plurimo</span> <span class='ocrx_word' id='word_1_267' title='bbox 1338 2214 1427 2239; x_wconf 87' lang='lat' dir='ltr'>auro</span> <span class='ocrx_word' id='word_1_268' title='bbox 1437 2202 1617 2251; x_wconf 86' lang='lat' dir='ltr'>penditur.</span> <span class='ocrx_word' id='word_1_269' title='bbox 1631 2204 1735 2257; x_wconf 82' lang='lat' dir='ltr'>Qin</span> 
     </span>
     <span class='ocr_line' id='line_1_29' title="bbox 149 2256 1736 2308; baseline -0.001 -12"><span class='ocrx_word' id='word_1_270' title='bbox 149 2271 172 2297; x_wconf 79' lang='lat' dir='ltr'>v</span> <span class='ocrx_word' id='word_1_271' title='bbox 176 2259 209 2295; x_wconf 90' lang='lat' dir='ltr'>el</span> <span class='ocrx_word' id='word_1_272' title='bbox 221 2258 420 2308; x_wconf 86' lang='lat' dir='ltr'>plumbum</span> <span class='ocrx_word' id='word_1_273' title='bbox 440 2256 791 2295; x_wconf 83' lang='lat' dir='ltr'>metallorumvilissi</span> <span class='ocrx_word' id='word_1_274' title='bbox 801 2270 928 2301; x_wconf 87' lang='grc' dir='ltr'>ιιιιιιιι,</span> <span class='ocrx_word' id='word_1_275' title='bbox 953 2257 977 2293; x_wconf 83' lang='lat' dir='ltr'>fi</span> <span class='ocrx_word' id='word_1_276' title='bbox 989 2257 1122 2294; x_wconf 83' lang='lat' dir='ltr'>Phidiae</span> <span class='ocrx_word' id='word_1_277' title='bbox 1134 2267 1198 2295; x_wconf 87' lang='lat' dir='ltr'>aut</span> <span class='ocrx_word' id='word_1_278' title='bbox 1217 2258 1402 2294; x_wconf 83' lang='lat' dir='ltr'>Praxitelis</span> <span class='ocrx_word' id='word_1_279' title='bbox 1413 2269 1524 2294; x_wconf 82' lang='lat' dir='ltr'>manu</span> <span class='ocrx_word' id='word_1_280' title='bbox 1542 2258 1578 2293; x_wconf 87' lang='lat' dir='ltr'>in</span> <span class='ocrx_word' id='word_1_281' title='bbox 1590 2256 1736 2295; x_wconf 79' lang='lat' dir='ltr'>simula</span> 
     </span>
     <span class='ocr_line' id='line_1_30' title="bbox 151 2312 1754 2363; baseline -0.001 -12"><span class='ocrx_word' id='word_1_282' title='bbox 151 2314 283 2351; x_wconf 85' lang='lat' dir='ltr'>chrum</span> <span class='ocrx_word' id='word_1_283' title='bbox 293 2313 450 2362; x_wconf 87' lang='lat' dir='ltr'>aliquod</span> <span class='ocrx_word' id='word_1_284' title='bbox 461 2314 661 2350; x_wconf 61' lang='lat' dir='ltr'>deductum</span> <span class='ocrx_word' id='word_1_285' title='bbox 674 2312 725 2352; x_wconf 88' lang='lat' dir='ltr'>st,</span> <span class='ocrx_word' id='word_1_286' title='bbox 740 2324 894 2361; x_wconf 88' lang='lat' dir='ltr'>argento</span> <span class='ocrx_word' id='word_1_287' title='bbox 906 2313 985 2349; x_wconf 87' lang='lat' dir='ltr'>rudi</span> <span class='ocrx_word' id='word_1_288' title='bbox 996 2323 1107 2362; x_wconf 81' lang='lat' dir='ltr'>atque</span> <span class='ocrx_word' id='word_1_289' title='bbox 1119 2314 1353 2350; x_wconf 87' lang='lat' dir='ltr'>inelaborato</span> <span class='ocrx_word' id='word_1_290' title='bbox 1365 2312 1430 2350; x_wconf 81' lang='lat' dir='ltr'>esse</span> <span class='ocrx_word' id='word_1_291' title='bbox 1448 2312 1604 2363; x_wconf 85' lang='lat' dir='ltr'>preciosi</span> <span class='ocrx_word' id='word_1_292' title='bbox 1611 2325 1651 2350; x_wconf 89' lang='lat' dir='ltr'>us</span> <span class='ocrx_word' id='word_1_293' title='bbox 1663 2313 1754 2351; x_wconf 91' lang='lat' dir='ltr'>for-</span> 
     </span>
     <span class='ocr_line' id='line_1_31' title="bbox 149 2367 1735 2419; baseline 0 -13"><span class='ocrx_word' id='word_1_294' title='bbox 149 2369 235 2407; x_wconf 77' lang='lat' dir='ltr'>tasse</span> <span class='ocrx_word' id='word_1_295' title='bbox 245 2370 445 2419; x_wconf 87' lang='lat' dir='ltr'>putabitur.</span> <span class='ocrx_word' id='word_1_296' title='bbox 479 2370 617 2406; x_wconf 83' lang='lat' dir='ltr'>Zeuxis</span> <span class='ocrx_word' id='word_1_297' title='bbox 637 2369 755 2417; x_wconf 67' lang='lat' dir='ltr'>pistor</span> <span class='ocrx_word' id='word_1_298' title='bbox 773 2367 847 2405; x_wconf 83' lang='lat' dir='ltr'>suas</span> <span class='ocrx_word' id='word_1_299' title='bbox 860 2380 916 2405; x_wconf 88' lang='lat' dir='ltr'>res</span> <span class='ocrx_word' id='word_1_300' title='bbox 929 2368 1070 2406; x_wconf 88' lang='lat' dir='ltr'>donare</span> <span class='ocrx_word' id='word_1_301' title='bbox 1082 2379 1265 2418; x_wconf 85' lang='lat' dir='ltr'>coeperat:</span> <span class='ocrx_word' id='word_1_302' title='bbox 1284 2371 1466 2418; x_wconf 87' lang='lat' dir='ltr'>quoniam</span> <span class='ocrx_word' id='word_1_303' title='bbox 1477 2398 1486 2414; x_wconf 97' lang='lat'>,</span> <span class='ocrx_word' id='word_1_304' title='bbox 1501 2379 1541 2405; x_wconf 88' lang='lat' dir='ltr'>ut</span> <span class='ocrx_word' id='word_1_305' title='bbox 1552 2369 1651 2405; x_wconf 90' lang='lat' dir='ltr'>idem</span> <span class='ocrx_word' id='word_1_306' title='bbox 1663 2371 1735 2410; x_wconf 82' lang='lat' dir='ltr'>aie-</span> 
     </span>
     <span class='ocr_line' id='line_1_32' title="bbox 150 2424 1734 2474; baseline 0 -12"><span class='ocrx_word' id='word_1_307' title='bbox 150 2426 214 2462; x_wconf 90' lang='lat' dir='ltr'>bat</span> <span class='ocrx_word' id='word_1_308' title='bbox 227 2454 235 2468; x_wconf 86' lang='lat'>,</span> <span class='ocrx_word' id='word_1_309' title='bbox 247 2426 376 2474; x_wconf 87' lang='lat' dir='ltr'>precio</span> <span class='ocrx_word' id='word_1_310' title='bbox 387 2425 461 2461; x_wconf 89' lang='lat' dir='ltr'>emi</span> <span class='ocrx_word' id='word_1_311' title='bbox 471 2437 549 2462; x_wconf 86' lang='lat' dir='ltr'>non</span> <span class='ocrx_word' id='word_1_312' title='bbox 561 2425 711 2474; x_wconf 68' lang='lat' dir='ltr'>pollent.</span> <span class='ocrx_word' id='word_1_313' title='bbox 747 2424 908 2461; x_wconf 87' lang='lat' dir='ltr'>Nullum</span> <span class='ocrx_word' id='word_1_314' title='bbox 920 2426 1021 2461; x_wconf 86' lang='lat' dir='ltr'>enim</span> <span class='ocrx_word' id='word_1_315' title='bbox 1033 2426 1199 2474; x_wconf 90' lang='lat' dir='ltr'>precium</span> <span class='ocrx_word' id='word_1_316' title='bbox 1212 2424 1438 2462; x_wconf 86' lang='lat' dir='ltr'>existimabat</span> <span class='ocrx_word' id='word_1_317' title='bbox 1448 2426 1614 2462; x_wconf 84' lang='lat' dir='ltr'>inveniri,</span> <span class='ocrx_word' id='word_1_318' title='bbox 1628 2426 1734 2472; x_wconf 88' lang='lat' dir='ltr'>quod</span> 
     </span>
     <span class='ocr_line' id='line_1_33' title="bbox 148 2478 1734 2530; baseline 0 -13"><span class='ocrx_word' id='word_1_319' title='bbox 148 2480 371 2518; x_wconf 77' lang='lat' dir='ltr'>satisfaceret</span> <span class='ocrx_word' id='word_1_320' title='bbox 381 2480 465 2517; x_wconf 87' lang='lat' dir='ltr'>huic</span> <span class='ocrx_word' id='word_1_321' title='bbox 476 2483 539 2528; x_wconf 85' lang='lat' dir='ltr'>qui</span> <span class='ocrx_word' id='word_1_322' title='bbox 552 2481 745 2530; x_wconf 81' lang='lat' dir='ltr'>pingendis</span> <span class='ocrx_word' id='word_1_323' title='bbox 756 2490 820 2517; x_wconf 87' lang='lat' dir='ltr'>aut</span> <span class='ocrx_word' id='word_1_324' title='bbox 830 2479 1009 2528; x_wconf 85' lang='lat' dir='ltr'>fingendis</span> <span class='ocrx_word' id='word_1_325' title='bbox 1019 2480 1267 2517; x_wconf 85' lang='lat' dir='ltr'>animantibus</span> <span class='ocrx_word' id='word_1_326' title='bbox 1287 2480 1386 2530; x_wconf 84' lang='lat' dir='ltr'>quasi</span> <span class='ocrx_word' id='word_1_327' title='bbox 1397 2481 1551 2517; x_wconf 86' lang='lat' dir='ltr'>alterum</span> <span class='ocrx_word' id='word_1_328' title='bbox 1563 2478 1629 2516; x_wconf 86' lang='lat' dir='ltr'>sese</span> <span class='ocrx_word' id='word_1_329' title='bbox 1639 2482 1734 2518; x_wconf 87' lang='lat' dir='ltr'>inter</span> 
     </span>
     <span class='ocr_line' id='line_1_34' title="bbox 151 2535 1732 2586; baseline -0.001 -12"><span class='ocrx_word' id='word_1_330' title='bbox 151 2536 330 2574; x_wconf 84' lang='lat' dir='ltr'>mortales</span> <span class='ocrx_word' id='word_1_331' title='bbox 343 2537 470 2573; x_wconf 90' lang='lat' dir='ltr'>Deum</span> <span class='ocrx_word' id='word_1_332' title='bbox 482 2536 672 2585; x_wconf 65' lang='lat' dir='ltr'>praestaret.</span> <span class='ocrx_word' id='word_1_333' title='bbox 707 2535 785 2572; x_wconf 90' lang='lat' dir='ltr'>Has</span> <span class='ocrx_word' id='word_1_334' title='bbox 796 2547 886 2584; x_wconf 89' lang='lat' dir='ltr'>ergo</span> <span class='ocrx_word' id='word_1_335' title='bbox 907 2536 1032 2573; x_wconf 87' lang='lat' dir='ltr'>laudes</span> <span class='ocrx_word' id='word_1_336' title='bbox 1044 2536 1156 2573; x_wconf 84' lang='lat' dir='ltr'>habet</span> <span class='ocrx_word' id='word_1_337' title='bbox 1167 2537 1303 2586; x_wconf 67' lang='lat' dir='ltr'>pistura</span> <span class='ocrx_word' id='word_1_338' title='bbox 1318 2566 1326 2579; x_wconf 90' lang='lat'><strong>‚</strong></span> <span class='ocrx_word' id='word_1_339' title='bbox 1338 2547 1378 2573; x_wconf 88' lang='lat' dir='ltr'>ut</span> <span class='ocrx_word' id='word_1_340' title='bbox 1395 2548 1434 2573; x_wconf 89' lang='lat' dir='ltr'>ea</span> <span class='ocrx_word' id='word_1_341' title='bbox 1446 2535 1620 2575; x_wconf 69' lang='lat' dir='ltr'>instrusti,</span> <span class='ocrx_word' id='word_1_342' title='bbox 1642 2547 1732 2572; x_wconf 87' lang='lat' dir='ltr'>cum</span> 
     </span>
     <span class='ocr_line' id='line_1_35' title="bbox 151 2591 1729 2645; baseline 0.001 -16"><span class='ocrx_word' id='word_1_343' title='bbox 151 2604 264 2642; x_wconf 89' lang='lat' dir='ltr'>opera</span> <span class='ocrx_word' id='word_1_344' title='bbox 274 2592 334 2629; x_wconf 85' lang='lat' dir='ltr'>sua</span> <span class='ocrx_word' id='word_1_345' title='bbox 343 2591 513 2629; x_wconf 87' lang='lat' dir='ltr'>admirari</span> <span class='ocrx_word' id='word_1_346' title='bbox 524 2592 671 2629; x_wconf 81' lang='lat' dir='ltr'>videant</span> <span class='ocrx_word' id='word_1_347' title='bbox 683 2620 692 2635; x_wconf 92' lang='lat'>,</span> <span class='ocrx_word' id='word_1_348' title='bbox 711 2602 790 2628; x_wconf 88' lang='lat' dir='ltr'>tum</span> <span class='ocrx_word' id='word_1_349' title='bbox 811 2591 899 2628; x_wconf 89' lang='lat' dir='ltr'>Deo</span> <span class='ocrx_word' id='word_1_350' title='bbox 910 2591 942 2627; x_wconf 92' lang='lat' dir='ltr'>se</span> <span class='ocrx_word' id='word_1_351' title='bbox 951 2604 1046 2640; x_wconf 91' lang='lat' dir='ltr'>pene</span> <span class='ocrx_word' id='word_1_352' title='bbox 1064 2591 1271 2629; x_wconf 84' lang='lat' dir='ltr'>simillimos</span> <span class='ocrx_word' id='word_1_353' title='bbox 1282 2592 1351 2629; x_wconf 76' lang='lat' dir='ltr'>ess&#39;e</span> <span class='ocrx_word' id='word_1_354' title='bbox 1369 2592 1584 2640; x_wconf 82' lang='lat' dir='ltr'>intelligant.</span> <span class='ocrx_word' id='word_1_355' title='bbox 1615 2592 1729 2645; x_wconf 85' lang='lat' dir='ltr'>Qid,</span> 
     </span>
     <span class='ocr_line' id='line_1_36' title="bbox 151 2646 1731 2698; baseline -0.001 -13"><span class='ocrx_word' id='word_1_356' title='bbox 151 2649 255 2696; x_wconf 88' lang='lat' dir='ltr'>quod</span> <span class='ocrx_word' id='word_1_357' title='bbox 267 2648 438 2684; x_wconf 85' lang='lat' dir='ltr'>omnium</span> <span class='ocrx_word' id='word_1_358' title='bbox 448 2649 579 2684; x_wconf 87' lang='lat' dir='ltr'>artium</span> <span class='ocrx_word' id='word_1_359' title='bbox 592 2677 601 2691; x_wconf 95' lang='lat'>‚</span> <span class='ocrx_word' id='word_1_360' title='bbox 620 2648 679 2683; x_wconf 87' lang='lat' dir='ltr'>vel</span> <span class='ocrx_word' id='word_1_361' title='bbox 692 2646 859 2696; x_wconf 84' lang='lat' dir='ltr'>magistra</span> <span class='ocrx_word' id='word_1_362' title='bbox 871 2676 880 2691; x_wconf 94' lang='lat'>,</span> <span class='ocrx_word' id='word_1_363' title='bbox 899 2648 958 2684; x_wconf 87' lang='lat' dir='ltr'>vel</span> <span class='ocrx_word' id='word_1_364' title='bbox 970 2646 1052 2686; x_wconf 88' lang='lat' dir='ltr'>sane</span> <span class='ocrx_word' id='word_1_365' title='bbox 1062 2650 1291 2698; x_wconf 62' lang='lat' dir='ltr'>praecipuum</span> <span class='ocrx_word' id='word_1_366' title='bbox 1311 2648 1447 2697; x_wconf 62' lang='lat' dir='ltr'>pistura</span> <span class='ocrx_word' id='word_1_367' title='bbox 1463 2658 1731 2684; x_wconf 87' lang='lat' dir='ltr'>ornamentum</span> 
     </span>
     <span class='ocr_line' id='line_1_37' title="bbox 152 2701 1731 2753; baseline -0.001 -12"><span class='ocrx_word' id='word_1_368' title='bbox 152 2703 225 2741; x_wconf 77' lang='lat' dir='ltr'>est?</span> <span class='ocrx_word' id='word_1_369' title='bbox 247 2705 349 2741; x_wconf 88' lang='lat' dir='ltr'>Nam</span> <span class='ocrx_word' id='word_1_370' title='bbox 360 2703 576 2740; x_wconf 57' lang='lat' dir='ltr'>architectus</span> <span class='ocrx_word' id='word_1_371' title='bbox 589 2703 739 2752; x_wconf 88' lang='lat' dir='ltr'>quidem</span> <span class='ocrx_word' id='word_1_372' title='bbox 751 2701 920 2753; x_wconf 78' lang='lat' dir='ltr'>epistylia,</span> <span class='ocrx_word' id='word_1_373' title='bbox 937 2705 1108 2753; x_wconf 89' lang='lat' dir='ltr'>capitula,</span> <span class='ocrx_word' id='word_1_374' title='bbox 1122 2703 1231 2741; x_wconf 86' lang='lat' dir='ltr'>bases,</span> <span class='ocrx_word' id='word_1_375' title='bbox 1245 2704 1438 2740; x_wconf 85' lang='lat' dir='ltr'>columnas</span> <span class='ocrx_word' id='word_1_376' title='bbox 1450 2732 1458 2747; x_wconf 92' lang='lat'>,</span> <span class='ocrx_word' id='word_1_377' title='bbox 1471 2702 1682 2752; x_wconf 77' lang='lat' dir='ltr'>fastigiaque</span> <span class='ocrx_word' id='word_1_378' title='bbox 1693 2705 1731 2740; x_wconf 69' lang='grc' dir='ltr'>δε</span> 
     </span>
     <span class='ocr_line' id='line_1_38' title="bbox 151 2757 1730 2809; baseline -0.001 -13"><span class='ocrx_word' id='word_1_379' title='bbox 151 2758 363 2805; x_wconf 77' lang='lat' dir='ltr'>hujusmodi</span> <span class='ocrx_word' id='word_1_380' title='bbox 375 2770 518 2797; x_wconf 76' lang='lat' dir='ltr'>caeteras</span> <span class='ocrx_word' id='word_1_381' title='bbox 531 2770 666 2796; x_wconf 87' lang='lat' dir='ltr'>omnes</span> <span class='ocrx_word' id='word_1_382' title='bbox 676 2757 916 2795; x_wconf 79' lang='lat' dir='ltr'>aedificiorum</span> <span class='ocrx_word' id='word_1_383' title='bbox 928 2759 1053 2796; x_wconf 88' lang='lat' dir='ltr'>laudes</span> <span class='ocrx_word' id='word_1_384' title='bbox 1067 2788 1076 2803; x_wconf 91' lang='lat'>,</span> <span class='ocrx_word' id='word_1_385' title='bbox 1095 2760 1132 2795; x_wconf 90' lang='lat' dir='ltr'>ni</span> <span class='ocrx_word' id='word_1_386' title='bbox 1144 2758 1251 2796; x_wconf 88' lang='lat' dir='ltr'>fallor</span> <span class='ocrx_word' id='word_1_387' title='bbox 1264 2783 1271 2796; x_wconf 85' lang='lat'>‚</span> <span class='ocrx_word' id='word_1_388' title='bbox 1285 2758 1330 2795; x_wconf 90' lang='lat' dir='ltr'>ab</span> <span class='ocrx_word' id='word_1_389' title='bbox 1342 2757 1418 2808; x_wconf 88' lang='lat' dir='ltr'>ipso</span> <span class='ocrx_word' id='word_1_390' title='bbox 1429 2768 1576 2796; x_wconf 86' lang='lat' dir='ltr'>tantum</span> <span class='ocrx_word' id='word_1_391' title='bbox 1589 2759 1730 2809; x_wconf 67' lang='lat' dir='ltr'>pistore</span> 
     </span>
     <span class='ocr_line' id='line_1_39' title="bbox 152 2813 1733 2865; baseline 0.001 -15"><span class='ocrx_word' id='word_1_392' title='bbox 152 2814 310 2865; x_wconf 88' lang='lat' dir='ltr'>sumpsit.</span> <span class='ocrx_word' id='word_1_393' title='bbox 341 2816 493 2852; x_wconf 69' lang='lat' dir='ltr'>Pistoris</span> <span class='ocrx_word' id='word_1_394' title='bbox 503 2817 603 2851; x_wconf 86' lang='lat' dir='ltr'>enim</span> <span class='ocrx_word' id='word_1_395' title='bbox 613 2815 735 2863; x_wconf 84' lang='lat' dir='ltr'>regula</span> <span class='ocrx_word' id='word_1_396' title='bbox 746 2816 782 2852; x_wconf 71' lang='grc' dir='ltr'>δε</span> <span class='ocrx_word' id='word_1_397' title='bbox 795 2824 889 2852; x_wconf 88' lang='lat' dir='ltr'>arte,</span> <span class='ocrx_word' id='word_1_398' title='bbox 912 2815 1067 2863; x_wconf 85' lang='lat' dir='ltr'>lapicida</span> <span class='ocrx_word' id='word_1_399' title='bbox 1080 2844 1089 2858; x_wconf 93' lang='lat'>,</span> <span class='ocrx_word' id='word_1_400' title='bbox 1111 2814 1272 2864; x_wconf 76' lang='lat' dir='ltr'>sculptor</span> <span class='ocrx_word' id='word_1_401' title='bbox 1283 2841 1291 2853; x_wconf 93' lang='lat'>‚</span> <span class='ocrx_word' id='word_1_402' title='bbox 1315 2814 1522 2863; x_wconf 83' lang='lat' dir='ltr'>omnesque</span> <span class='ocrx_word' id='word_1_403' title='bbox 1541 2813 1733 2852; x_wconf 82' lang='lat' dir='ltr'>fabrorum</span> 
     </span>
     <span class='ocr_line' id='line_1_40' title="bbox 151 2869 1733 2919; baseline -0.001 -13"><span class='ocrx_word' id='word_1_404' title='bbox 151 2869 323 2915; x_wconf 85' lang='lat' dir='ltr'>officinae‚</span> <span class='ocrx_word' id='word_1_405' title='bbox 335 2870 539 2919; x_wconf 79' lang='lat' dir='ltr'>omnesque</span> <span class='ocrx_word' id='word_1_406' title='bbox 550 2870 697 2907; x_wconf 85' lang='lat' dir='ltr'>fabriles</span> <span class='ocrx_word' id='word_1_407' title='bbox 710 2880 803 2907; x_wconf 84' lang='lat' dir='ltr'>artes</span> <span class='ocrx_word' id='word_1_408' title='bbox 814 2870 1027 2918; x_wconf 87' lang='lat' dir='ltr'>diriguntur,</span> <span class='ocrx_word' id='word_1_409' title='bbox 1043 2870 1202 2919; x_wconf 85' lang='lat' dir='ltr'>denique</span> <span class='ocrx_word' id='word_1_410' title='bbox 1213 2871 1310 2907; x_wconf 83' lang='lat' dir='ltr'>nulla</span> <span class='ocrx_word' id='word_1_411' title='bbox 1321 2881 1415 2919; x_wconf 83' lang='lat' dir='ltr'>pene</span> <span class='ocrx_word' id='word_1_412' title='bbox 1428 2882 1482 2907; x_wconf 87' lang='lat' dir='ltr'>ars</span> <span class='ocrx_word' id='word_1_413' title='bbox 1493 2882 1573 2907; x_wconf 88' lang='lat' dir='ltr'>non</span> <span class='ocrx_word' id='word_1_414' title='bbox 1586 2871 1733 2919; x_wconf 79' lang='lat' dir='ltr'>penitus</span> 
     </span>
     <span class='ocr_line' id='line_1_41' title="bbox 152 2924 1733 2978; baseline -0.003 -16"><span class='ocrx_word' id='word_1_415' title='bbox 152 2925 385 2974; x_wconf 71' lang='lat' dir='ltr'>abjeffiffima</span> <span class='ocrx_word' id='word_1_416' title='bbox 394 2929 596 2978; x_wconf 86' lang='lat' dir='ltr'>reperietur</span> <span class='ocrx_word' id='word_1_417' title='bbox 606 2955 616 2973; x_wconf 92' lang='lat'>,</span> <span class='ocrx_word' id='word_1_418' title='bbox 631 2939 709 2977; x_wconf 85' lang='lat' dir='ltr'>quae</span> <span class='ocrx_word' id='word_1_419' title='bbox 720 2927 899 2977; x_wconf 51' lang='lat' dir='ltr'>picffuram</span> <span class='ocrx_word' id='word_1_420' title='bbox 911 2937 988 2963; x_wconf 88' lang='lat' dir='ltr'>non</span> <span class='ocrx_word' id='word_1_421' title='bbox 1000 2925 1135 2977; x_wconf 66' lang='lat' dir='ltr'>spestet</span> <span class='ocrx_word' id='word_1_422' title='bbox 1151 2939 1158 2962; x_wconf 74' lang='grc' dir='ltr'>ε</span> <span class='ocrx_word' id='word_1_423' title='bbox 1179 2927 1266 2964; x_wconf 88' lang='lat' dir='ltr'>utin</span> <span class='ocrx_word' id='word_1_424' title='bbox 1276 2925 1383 2964; x_wconf 86' lang='lat' dir='ltr'>rebus</span> <span class='ocrx_word' id='word_1_425' title='bbox 1393 2926 1570 2976; x_wconf 85' lang='lat' dir='ltr'>quicquid</span> <span class='ocrx_word' id='word_1_426' title='bbox 1583 2924 1661 2962; x_wconf 82' lang='lat' dir='ltr'>assit</span> <span class='ocrx_word' id='word_1_427' title='bbox 1672 2924 1733 2959; x_wconf 88' lang='lat' dir='ltr'>de-</span> 
     </span>
     <span class='ocr_line' id='line_1_42' title="bbox 1049 2978 1731 3022; baseline 0 -4"><span class='ocrx_word' id='word_1_428' title='bbox 1049 2978 1069 3018; x_wconf 86' lang='lat' dir='ltr'><em>b</em></span> <span class='ocrx_word' id='word_1_429' title='bbox 1100 2993 1115 3022; x_wconf 83' lang='lat'><em>3</em></span> <span class='ocrx_word' id='word_1_430' title='bbox 1623 2980 1731 3018; x_wconf 75' lang='lat' dir='ltr'>coi-is,</span> 
     </span>
    </p>
   </div>
   <div class='ocr_carea' id='block_1_7' title="bbox 148 959 496 1308">
    <p class='ocr_par' dir='ltr' id='par_1_7' title="bbox 148 959 496 1308">
     <span class='ocr_line' id='line_1_43' title="bbox 148 959 496 1308; baseline 0 1854"><span class='ocrx_word' id='word_1_431' title='bbox 148 959 496 1308; x_wconf 95' lang='lat' dir='ltr'> </span> 
     </span>
    </p>
   </div>
  </div>
 </body>
</html>
