2023 3162
285 68 331 105 56
647 56 1075 96 M.V1Trtuv11
1123 53 1475 91 Porrlorits

283 129 472 165 columna:
483 124 728 164 crassitudinis
743 151 750 164 ‚
773 124 912 169 adjecta
924 120 1158 159 crassitudine
1171 132 1302 169 quarta
1323 122 1360 158 Sc
1383 122 1534 160 ouava:
1555 122 1712 161 altitudo
1725 124 1777 161 uti
1790 124 1875 161 attia

283 184 417 231 curgis:
431 184 478 219 ita
491 183 566 225 eius
578 180 754 232 plintltos,
770 180 1028 227 reliquumque
1041 186 1170 227 praeter
1181 177 1369 226 plintlion‚
1380 178 1484 225 quod
1497 179 1562 215 erit
1573 180 1677 216 tertia
1688 191 1767 230 pars
1781 180 1874 217 cras-

283 238 444 275 situdinis
456 239 652 274 columnae.
669 234 723 281 [l]
738 233 965 271 dividatutin
980 242 1100 281 partes
1111 231 1265 281 septem:
1281 233 1367 269 inde
1380 234 1492 269 trium
1504 235 1667 283 partium
1678 246 1794 280 torm,
1807 237 1875 283 qui

285 289 335 330 est
346 296 381 330 in
393 292 542 330 summo
558 307 564 329 :
584 292 732 339 reliqua:
744 298 905 338 quatuor
914 298 1033 337 partes
1043 286 1249 325 dividendoe
1271 287 1349 324 sunt
1361 289 1567 337 aeqtialitcr.
1591 291 1627 326 &
1640 300 1711 326 una
1723 301 1801 341 pars
1812 290 1875 329 fiat

285 362 375 386 cum
387 348 454 387 suis
467 347 660 396 astragalis,
674 348 710 382 ὅ(
723 347 800 390 [m]
813 343 1007 394 supercilio
1019 342 1183 394 superior
1194 342 1374 379 trochilus
1389 356 1395 378 :
1411 344 1519 380 altera
1532 356 1611 393 pars
1621 346 1786 382 interiori
1796 356 1877 383 tro-

285 405 389 441 chilo
401 405 642 451 relinquatur,
657 401 715 436 sed
726 399 879 436 inferior
889 401 1008 445 major
1023 398 1209 449 apparebit
1220 398 1321 443 ideo,
1337 399 1443 448 quod
1453 399 1603 436 habebit
1615 399 1660 436 ad
1671 410 1877 439 extremam

285 460 472 510 plinthum
484 457 746 507 proiecturam.
767 454 946 504 Astragali
958 453 1116 491 faciendi
1126 452 1206 490 sunt
1218 454 1357 492 octavae
1370 456 1478 504 partis
1491 455 1652 493 trochin,
1667 456 1876 506 projectura

286 518 354 552 erit
364 514 460 564 spirae
473 524 554 562 pars
566 512 696 549 octava
708 513 744 548 ὃ(
755 511 999 548 sextadecima
1021 508 1261 547 crassitudinis
1273 511 1468 548 columnae.
1506 512 1572 556 [n]
1586 511 1696 561 Spiris
1706 510 1877 561 perfeetis

288 571 325 607 ἃ
339 571 556 607 collocatis,
582 569 773 604 columnae
786 566 865 604 sunt
877 566 1058 603 medianae
1077 566 1113 601 in
1125 576 1274 614 pronao
1293 567 1329 602 ὅ(
1344 565 1488 617 postico
1500 566 1543 603 ad
1563 566 1877 616 perpendiculum

286 626 400 662 medii
420 625 539 661 centri
561 622 802 660 collocandae.
838 622 1047 672 Angulares
1067 631 1197 658 autem
1211 645 1218 659 ‚
1235 633 1390 670 quaeque
1405 619 1425 657 ὲ
1439 623 1589 670 regione
1609 633 1737 659 earum
1750 621 1878 659 futurae

287 681 368 717 sunt
387 681 424 716 in
434 678 605 717 lateribus
624 679 708 715 aedis
727 679 855 716 dextra
874 690 917 715 ac
936 676 1069 714 sinistra
1080 705 1089 721 ‚
1109 677 1163 713 uti
1181 687 1299 726 partes
1320 679 1513 714 interiores
1525 707 1535 722 ,
1558 690 1638 726 quae
1658 677 1703 714 ad
1722 680 1879 727 parietes

290 735 392 772 cellae
405 736 586 785 spectant,
607 735 652 771 ad
663 733 972 785 perpendiculum
984 731 1242 770 latushabeant
1261 733 1512 770 collocatum:
1531 736 1588 779 [0]
1607 735 1806 771 exteriores
1819 745 1879 771 au-

287 801 366 828 tem
379 792 568 841 partes,uti
578 789 720 827 dietum
732 790 776 826 de
788 802 914 827 earum
927 788 1171 826 commum-a.
1186 788 1246 824 Sic
1258 790 1357 825 enim
1375 799 1482 826 erunt
1492 788 1618 838 figurre
1631 789 1879 840 compositio-

287 848 343 883 nis
355 847 487 883 aedium
499 846 743 883 contracturae
766 845 851 891 justa
864 847 1010 882 ratione
1024 844 1167 881 exaerae.
1195 845 1325 893 Scapis
1338 846 1599 882 columnarum
1613 845 1764 889 statutis,
1775 846 1880 896 capi-

288 903 575 945 tulorumratio,
588 901 610 938 fi
632 903 697 953 [p]
711 902 896 952 pulvinata
909 910 1028 944 erunt,
1039 899 1093 936 his
1106 898 1325 947 symmetriis
1341 899 1688 944 conformabuntur,
1699 902 1880 950 utiquam

289 956 420 995 crass'us
433 960 530 995 imus
542 957 666 1007 scapus
678 956 799 1000 fuerit,
813 956 935 993 addita
946 955 1223 993 octavadecima
1234 966 1333 1005 parte
1345 954 1454 1006 scapi,
1471 955 1605 993 abacus
1618 955 1749 1006 babeat
1760 957 1879 1006 longi-

290 1013 460 1050 tudinem
473 1015 508 1050 &
518 1010 1048 1056 latitudinem‚crassitudinem
1059 1023 1146 1048 cum
1157 1011 1297 1064 yolutis
1308 1013 1382 1058 ejus
1394 1011 1880 1051 dimidiamRecedcndum

289 1079 416 1105 autem
432 1068 481 1105 est
501 1069 547 1106 ab
568 1079 739 1105 extremo
759 1067 878 1104 abaco
888 1070 927 1103 in
946 1068 1164 1104 interiorem
1183 1078 1326 1116 partem
1345 1067 1528 1105 frontibus
1546 1069 1759 1106 volutarum
1778 1077 1882 1118 parte

289 1123 593 1173 duodevigesima
605 1152 614 1167 ‚
625 1126 660 1160 ὅ(
674 1125 746 1167 eius
757 1123 928 1171 dimidia3
953 1125 990 1160 ὃς
1004 1122 1206 1160 secundum
1217 1122 1375 1161 abacum
1384 1125 1420 1160 in
1433 1134 1593 1172 quatuor
1603 1123 1763 1173 partibus
1775 1124 1882 1161 volu-

289 1189 411 1217 tarum
423 1178 625 1216 secundum
637 1181 789 1217 extremi
799 1180 903 1216 abaci
917 1178 1095 1227 quadram
1107 1179 1210 1218 lineae
1222 1178 1480 1218 demittendae,
1496 1191 1578 1228 quae
1590 1180 1655 1230 [q]
1669 1178 1818 1217 Cathcti
1829 1178 1882 1215 di.

291 1246 440 1272 cuntur.
469 1236 581 1272 Tunc
595 1233 791 1271 crassitudo
803 1234 1000 1273 dividenda
1010 1234 1107 1271 estin
1119 1245 1236 1283 partes
1247 1247 1387 1272 novem
1398 1236 1435 1272 ὅ(
1448 1234 1660 1272 dimidiam:
1682 1248 1726 1272 ex
1740 1246 1883 1271 novem

291 1291 455 1341 partibus
468 1293 503 1328 δε
515 1290 666 1327 dimidia
677 1319 687 1335 ,
711 1301 784 1327 una
797 1301 877 1340 pars
891 1292 928 1327 ὃς
943 1289 1094 1326 dimidia
1107 1291 1214 1327 abaci
1225 1289 1449 1328 crassitudini
1460 1292 1701 1340 relinquatur:
1724 1290 1759 1326 ἃ
1772 1302 1816 1326 ex
1827 1302 1883 1326 re-

291 1347 400 1394 liquis
420 1346 511 1382 osto
532 1347 670 1384 volutae
680 1341 969 1383 constituantur.
1002 1346 1117 1382 Tunc
1130 1346 1175 1383 ab
1193 1347 1287 1383 linea
1300 1375 1309 1390 ‚
1327 1358 1410 1396 quae
1423 1345 1626 1384 secundum
1647 1345 1752 1383 abaci
1764 1355 1884 1382 extre-

290 1414 394 1439 mam
406 1411 547 1452 partem
560 1400 707 1439 demiss'a
718 1403 784 1438 erit
794 1427 802 1441 ,
825 1404 862 1438 in
872 1402 1090 1439 interiorem
1111 1410 1255 1452 partem
1273 1403 1340 1440 alia
1350 1401 1497 1439 recedat
1517 1403 1624 1439 unius
1635 1400 1672 1439 δε
1683 1401 1884 1438 dimidiatae

289 1459 400 1507 partis
419 1457 620 1494 latitudine.
652 1457 799 1494 Deinde
817 1458 980 1495 eaelineae
993 1456 1201 1494 dividantur
1218 1459 1268 1495 ita
1281 1487 1290 1502 ‚
1312 1468 1352 1495 ut
1364 1467 1654 1508 quatuorpattes
1675 1458 1711 1494 ὅ(
1730 1456 1885 1494 dimidia

290 1511 354 1548 sub
364 1512 484 1549 abaco
495 1514 755 1562 relinquantur.
786 1513 900 1550 Tunc
911 1514 947 1549 in
959 1525 1006 1550 eo
1019 1513 1109 1550 loco
1120 1541 1129 1556 ‚
1140 1513 1202 1561 qni
1213 1514 1320 1551 locus
1332 1514 1461 1553 dividit
1470 1524 1630 1563 quatuor
1639 1515 1676 1550 ὃς
1688 1511 1884 1550 dimidiam

292 1570 329 1605 ὃ(
344 1578 417 1605 tres
430 1570 467 1605 ὃ(
479 1568 670 1606 dimidiam
681 1571 821 1619 partem
836 1598 845 1612 ,
868 1579 1039 1606 centrum
1051 1569 1153 1605 oculi
1165 1567 1343 1617 signetur:
1364 1569 1593 1618 ducatui-que
1604 1581 1648 1606 ex
1659 1580 1707 1606 eo
1720 1567 1885 1606 rotunda

292 1625 489 1660 circinatio
502 1653 511 1667 ,
529 1633 606 1661 tam
619 1636 752 1673 magna
763 1626 800 1660 in
812 1624 997 1662 diametro
1009 1654 1019 1670 ,
1039 1637 1152 1673 quam
1166 1636 1239 1661 una
1249 1637 1330 1674 pars
1342 1637 1385 1662 ex
1397 1626 1486 1662 octo
1499 1625 1662 1677 partibus
1671 1623 1742 1661 est:
1765 1635 1806 1661 ea
1818 1624 1886 1660 erit

293 1681 398 1715 oculi
416 1679 670 1727 magnitudine
683 1708 692 1723 ‚
711 1681 749 1717 ὅ(
769 1682 806 1716 in
828 1691 869 1716 ea
888 1677 1044 1717 catheto
1062 1680 1286 1729 respondens
1307 1680 1511 1718 diametros
1530 1690 1664 1729 agatur.
1696 1680 1809 1717 Tunc
1835 1678 1883 1716 ab

290 1732 438 1770 summo
451 1733 512 1769 sub
522 1736 643 1772 abaco
655 1736 845 1784 inceptum
856 1736 891 1771 in
904 1734 1050 1785 singulis
1071 1737 1129 1780 [r]
1151 1744 1400 1774 tetrantorum
1420 1736 1627 1773 affionibus
1645 1734 1884 1772 dimidiatum

292 1789 399 1824 oculi
410 1786 562 1838 spatium
574 1787 777 1829 minuatur.
794 1790 978 1827 donicum
1000 1792 1036 1827 in
1050 1790 1228 1828 eumdem
1245 1801 1454 1831 tetrantem,
1470 1792 1536 1840 qui
1546 1791 1593 1827 cst
1603 1789 1667 1826 sub
1676 1789 1805 1827 abaco,
1820 1800 1884 1827 ve-

291 1844 377 1880 niat.
394 1844 560 1894 Capituli
572 1855 697 1881 autem
711 1844 912 1882 craffitudo
924 1846 971 1882 fic
984 1846 1033 1882 est
1044 1846 1268 1886 facienda,ut
1278 1859 1321 1883 ex
1332 1858 1468 1883 novem
1484 1845 1646 1895 partibus
1657 1846 1695 1881 ὅ(
1715 1843 1886 1888 dimidia,

292 1909 365 1936 tres
375 1909 493 1948 partes
503 1899 759 1949 praependeant
769 1899 860 1937 infra
872 1901 1090 1949 astragulum
1101 1901 1234 1937 summi
1242 1897 1750 1950 scapi.Cymatio‚[sJaddito
1762 1900 1884 1938 abaco

294 1954 331 1990 δε
345 1955 475 1993 canali,
490 1955 630 2003 reliqua
642 1954 684 1990 fit
694 1966 786 2004 pars.
800 1955 1009 1998 Proiectum
1023 1965 1150 1992 autem
1164 1958 1317 2003 cymatii
1328 1956 1458 1993 habeat
1470 1950 1573 1994 extra
1585 1957 1687 1993 abaci
1699 1955 1885 2005 quadram

292 2010 395 2047 oculi
404 2010 964 2058 magnitudinem.Pulvinorum
976 2009 1115 2048 balthei
1127 2010 1172 2048 ab
1184 2011 1305 2048 abaco
1319 2011 1411 2049 hanc
1425 2011 1562 2049 babent
1573 2012 1832 2060 proiecturam,
1841 2020 1883 2048 ut

291 2066 419 2102 circini
430 2075 598 2103 centrum
610 2077 738 2111 unum,
757 2077 844 2103 cum
855 2066 897 2103 fit
904 2065 1069 2117 politum
1078 2067 1115 2103 in
1127 2067 1279 2117 capituli
1288 2078 1455 2107 tetrante,
1468 2069 1506 2106 &
1518 2068 1674 2106 alterum
1685 2066 1883 2105 diducatur

1834 2122 1881 2160 ad

287 2209 310 2243 l]
320 2210 415 2277 dldem.
438 2211 562 2278 ffmzino
573 2219 648 2240 torus
658 2210 699 2239 hic
709 2211 852 2251 descriptus
863 2212 948 2248 major
958 2212 993 2240 est
1005 2232 1011 2244 ,
1031 2221 1112 2250 quam
1121 2211 1197 2239 decet
1209 2231 1216 2244 ,
1225 2212 1358 2252 astragalis
1369 2213 1400 2249 (ti
1411 2223 1474 2242 cum
1484 2223 1516 2242 eo
1528 2209 1665 2247 conferas)
1673 2212 1778 2250 exiguae
1788 2209 1885 2238 admo-

340 2260 384 2277 uin
396 2260 437 2277 cra
465 2259 501 2278 itu
523 2262 580 2279 inis.

289 2292 329 2325 m]
348 2290 431 2318 Idem.
453 2293 625 2328 Superciliurn
645 2302 693 2330 pro
711 2292 837 2331 superiori
853 2292 943 2320 scotiae
961 2293 1013 2320 five
1024 2292 1132 2320 trochili
1149 2292 1244 2332 quadra
1262 2293 1384 2332 regulave
1406 2293 1531 2322 hocloco
1549 2291 1692 2330 usurpatur.
1708 2293 1778 2320 Nam
1796 2289 1841 2318 lib.
1857 2299 1885 2322 4.

323 2341 381 2369 cap.
394 2339 419 2357 6.
439 2331 582 2369 appellatur
592 2332 758 2370 supercilium
770 2354 777 2365 ‚
794 2334 868 2372 quod
877 2334 961 2361 statim
973 2333 1047 2371 super
1059 2333 1186 2360 ostiorum
1198 2342 1403 2372 antepagmenta
1413 2335 1521 2372 ponitur
1534 2355 1539 2366 ‚
1555 2344 1609 2360 non
1620 2331 1703 2371 ipsum
1711 2331 1819 2370 quidem
1830 2330 1882 2369 hy-

325 2370 482 2409 perthyrum
495 2392 502 2403 ,
521 2372 545 2399 id
553 2373 597 2401 est,
608 2372 813 2410 superliminare.
824 2374 866 2401 sed
876 2374 947 2411 quod
958 2373 1004 2401 sub
1015 2373 1070 2412 ipso
1078 2374 1122 2401 est.
1140 2374 1288 2411 Vttobique
1298 2368 1360 2401 reto
1371 2375 1553 2413 metaphorice
1561 2374 1673 2401 dictum.

290 2412 322 2446 n]
347 2411 428 2439 ldctn.
450 2411 526 2439 Subit
536 2411 586 2439 hoc
598 2412 661 2440 loco
673 2414 830 2445 mirari,1ul.
842 2414 978 2442 Pollucem
994 2414 1072 2447 lib.7.
1083 2424 1189 2452 cap.⁷.7.
1205 2414 1489 2452 scribere,stylobatam
1507 2410 1558 2443 effe
1568 2414 1729 2441 Doricarum
1739 2412 1881 2441 columna-

267 2462 269 2465 ⁴
322 2461 381 2480 rum
393 2451 472 2480 basim
482 2474 489 2484 ,
501 2452 594 2490 spiram
605 2463 667 2480 vero
680 2454 830 2482 Ionicarum
839 2475 845 2486 ,
862 2464 923 2481 cum
934 2465 972 2482 res
983 2454 1030 2481 lint
1042 2454 1148 2482 diverl'ae
1162 2476 1168 2487 ,
1183 2459 1207 2482 6„-
1217 2454 1346 2494 stylobata
1357 2456 1437 2482 balim
1449 2456 1571 2492 excipiat.

286 2493 313 2527 o]
337 2493 421 2520 Idem.
442 2495 529 2521 Locus
539 2492 580 2520 hic
592 2493 617 2520 in
627 2495 741 2532 antiquis
754 2498 777 2522 ἃ
789 2495 887 2522 circulis
897 2494 1033 2523 codicibus
1043 2495 1118 2523 valde
1127 2497 1239 2524 variatus
1251 2504 1303 2523 erat
1316 2515 1322 2521 .
1342 2495 1484 2524 arbitratus
1503 2495 1557 2524 sum
1569 2494 1622 2534 legi
1632 2502 1756 2533 oportere
1767 2515 1774 2528 ‚
1793 2492 1881 2523 utidi-

321 2535 396 2561 stum
406 2533 437 2561 de
447 2543 536 2562 earum
545 2536 721 2562 contraeiura.

287 2574 315 2609 p]
336 2573 484 2602 Pliilandcr.
507 2574 653 2602 Pulvinum
664 2576 791 2615 intelligit
801 2575 892 2603 Ionica
908 2596 914 2606 ,
929 2573 943 2603 εὶ
960 2575 1085 2613 pulvino,
1104 2587 1184 2615 quem
1203 2578 1408 2616 interpretamur
1424 2585 1541 2615 partem,
1561 2586 1618 2614 quae
1630 2576 1699 2605 inter
1720 2575 1840 2603 Abacum
1853 2577 1881 2602 Sc

322 2614 447 2642 echinum
458 2616 502 2647 est,
515 2615 582 2643 unde
593 2615 692 2644 volutae
702 2616 878 2654 propendent.
900 2616 1043 2643 Barbarus.
1066 2620 1191 2646 Ionicum
1203 2618 1346 2655 capitulum
1359 2617 1528 2656 pulvinatum
1540 2628 1646 2656 quoque
1657 2624 1824 2654 nuncupatur
1836 2635 1843 2648 ,
1863 2613 1880 2643 ὲ

336 2655 486 2683 tumoribus
498 2655 592 2693 quibus
604 2654 690 2684 forma
700 2657 742 2684 illa
754 2666 844 2695 turget
855 2656 936 2684 veluti
947 2658 1054 2695 pulvini.

285 2695 316 2734 q]
339 2694 456 2722 Pliiland.
476 2696 565 2724 Linea:
575 2696 632 2724 sunt
641 2697 670 2724 ad
683 2697 899 2736 perpendiculum
910 2695 1107 2726 deiniffae.Narn
1119 2708 1176 2736 quae
1185 2699 1234 2728 alia
1244 2699 1311 2726 linea
1323 2699 1348 2726 in
1364 2699 1519 2727 interiorem
1531 2707 1633 2738 partem
1643 2696 1767 2725 recedens
1777 2696 1879 2724 demit-

319 2735 393 2766 titur,
404 2745 460 2762 eam
470 2746 522 2763 non
532 2737 608 2765 aliam
617 2737 652 2765 ob
661 2738 762 2766 causam
774 2738 832 2766 addi
842 2738 965 2772 judicavi,
976 2749 1055 2776 quam
1064 2748 1091 2766 ut
1103 2737 1166 2768 effer
1181 2739 1353 2778 aequidistans,
1366 2743 1390 2767 ἃ
1403 2740 1474 2777 prior
1487 2750 1547 2767 vere
1560 2737 1680 2767 cathetos
1692 2737 1842 2765 haberetur.

287 2775 313 2808 r]
339 2774 424 2804 Idem.
442 2777 635 2805 Tetrantorum
645 2789 693 2817 pro
704 2787 851 2807 tetrantum
863 2779 960 2806 flexum
972 2780 1015 2807 est.
1038 2781 1102 2808 Sunt
1112 2789 1201 2809 autem
1213 2789 1340 2808 tetrantes
1352 2781 1389 2808 rei
1398 2779 1519 2809 divisaein
1531 2788 1617 2819 partes
1628 2786 1742 2816 quatuor
1751 2797 1759 2808 ,
1768 2777 1878 2818 fingulae

317 2815 404 2845 lineae,
414 2824 492 2854 :itque
502 2817 570 2845 adeo
578 2818 630 2856 ipsa
645 2819 791 2847 intervalla.

275 2854 312 2891 s]
320 2894 329 2898 ἢ
337 2855 418 2883 Idem.
446 2859 505 2884 lmo
516 2859 627 2894 cymatii
637 2861 672 2887 est
679 2860 788 2888 dimidia
800 2860 842 2888 illa
853 2871 910 2899 pars
922 2860 995 2900 supra
1007 2871 1121 2889 novem:
1133 2871 1162 2891 ut
1172 2861 1203 2889 fit
1213 2860 1332 2895 tollenda
1342 2861 1426 2890 dictio
1437 2860 1563 2898 adempto,
1576 2867 1620 2886 aut
1630 2855 1739 2887 fortasse
1748 2858 1803 2894 ejus
1813 2858 1878 2886 loco

312 2897 483 2934 lurroganda‚
494 2898 590 2925 addere.
610 2900 743 2928 Barbaria
760 2901 826 2928 dicit
837 2903 965 2940 adempto
974 2901 1057 2932 abaco
1069 2923 1076 2936 ‚
1092 2902 1170 2938 idest,
1187 2903 1240 2938 jam
1258 2901 1380 2932 detineto
1392 2922 1398 2935 ‚
1417 2902 1478 2941 qni-“²
1491 2909 1572 2930 unam
1583 2903 1607 2929 ὃ(
1618 2899 1755 2929 dimidiam
1772 2907 1878 2939 partem

312 2936 470 2976 occupabat,
483 2939 604 2977 cymatio
613 2943 636 2968 3:
649 2941 732 2969 canali
744 2941 845 2980 reliqua
855 2942 884 2971 (it
899 2953 965 2982 pars.

1770 2982 1796 3021 ι]
1813 2979 1876 3009 Phi-·
