2023 3162
473 89 1093 128 DEARCHITECTVRA
1151 87 1276 125 Liis.
1316 85 1364 124 X.
1639 102 1710 134 231

123 160 307 210 coriisque
328 159 476 197 bubulis
500 161 592 197 texit
605 188 614 204 ,
636 161 690 196 titi
709 160 864 196 tutiores
884 157 995 197 essent
1015 161 1079 209 qui
1097 162 1135 196 in
1154 171 1194 196 ea
1214 157 1492 196 machinatione
1512 159 1555 197 aid
1576 160 1714 209 pulsan-

124 220 217 255 dum
239 229 386 253 murum
402 215 515 252 essent
527 214 720 252 collocati.
751 216 789 251 Id
802 225 924 251 autem
939 245 947 259 ,
968 217 1071 264 quod
1083 216 1208 253 tardos
1219 226 1375 252 conatus
1386 215 1573 253 habuerat,
1590 218 1642 262 [e]
1659 227 1713 252 te-

125 274 309 311 studinem
334 273 539 310 arietariam
557 271 740 321 appellare
753 272 883 320 coepit.
915 272 980 308 His
992 282 1080 308 tunc
1095 272 1220 322 primis
1233 271 1400 319 gradibus
1412 270 1537 321 politis
1547 272 1591 307 :id
1604 272 1639 307 id
1653 282 1712 319 gea

125 341 192 366 nus
206 328 492 365 machinationis
503 351 511 364 ‚
535 327 660 376 postca
671 338 759 362 cum
773 325 963 375 Philippus
976 328 1151 376 Amyntae
1172 326 1266 363 filius
1281 327 1498 375 Byzantium
1519 338 1712 376 oppugna-

128 395 184 421 ret
196 413 205 427 ,
227 385 386 433 Polydus
398 381 764 431 Thcss'alusplutibus
777 383 972 430 getici-ibus
994 385 1031 420 ὅ(
1050 383 1274 420 facilioribus
1286 384 1482 432 explicavit
1494 411 1503 426 ‚
1524 381 1544 418 ὲ
1559 394 1640 431 quo
1660 393 1711 418 re-

131 447 315 490 ceperunt
326 439 535 475 doctrinam
547 438 685 474 Diades
699 439 735 474 δε
748 437 931 476 Cher-eas,
952 440 1118 486 quicum
1132 438 1350 475 Alexandro
1362 439 1622 476 militaverunt.
1646 439 1713 475 ἔτλ-

132 508 207 545 que
221 497 356 532 Diades
364 494 501 543 scriptis
511 491 577 528 suis
589 492 751 530 ostendit
761 490 793 528 sc
802 493 974 530 invenisse
993 490 1066 542 [f]
1086 504 1202 531 turres
1212 493 1490 533 ambulatoriis,
1502 505 1590 542 quas
1602 494 1714 529 etiam

133 552 319 588 dillolutas
333 553 368 586 in
380 550 545 585 exercitu
558 548 798 585 circumferre
809 548 966 585 solebat:
991 546 1160 598 pi-aeictca
1172 550 1365 592 terebram,
1380 552 1415 587 δε
1429 552 1506 602 [g]
1521 548 1714 586 ascenden-

132 618 209 644 tem
233 605 439 644 machinam
452 628 461 641 ‚
483 615 556 653 qua
575 604 619 640 ad
632 615 781 640 murum
793 604 907 652 plano
921 607 1014 654 pede
1034 605 1200 642 transitus
1214 604 1282 641 effe
1300 604 1417 654 poss'et
1430 634 1440 649 ‚
1460 608 1495 642 ὅ(
1509 607 1622 642 etiam
1644 602 1710 650 [h]

133 674 293 699 corvum
305 661 589 698 demolitorcm,
610 671 723 708 quem
744 659 914 695 nonnulli
932 672 1062 708 gruem
1072 661 1270 710 appellant.
1301 661 1390 697 Non
1410 662 1531 697 minus
1542 661 1714 698 utebatur

133 720 246 754 ariete
257 715 444 754 subrotato
457 744 467 759 ‚
488 716 593 758 cujus
604 717 765 751 rationes
776 712 923 762 scriptas
935 715 1091 763 reliquit.
1131 717 1292 752 Turrem
1305 726 1428 752 autem
1450 718 1645 753 minimam
1665 717 1715 753 ait

132 784 308 824 oportere
327 771 405 809 fieri
424 783 472 807 tie
489 771 613 807 minus
623 772 733 808 altam
747 770 962 807 cubitorum
985 766 1031 822 [ι]
1053 771 1115 810 lx,
1136 771 1372 808 latitudinem
1388 773 1470 819 xvij.
1491 772 1715 808 Contraeiu-

1633 839 1714 864 ram

172 912 254 941 ribus,
265 910 290 937 iil
300 909 468 947 est‚expanlis
477 908 634 945 explicetur.
644 909 739 935 lude&
750 908 860 935 verbum
876 907 975 944 paffare
985 907 1081 936 infima:
1094 909 1255 940 Latinitatis,
1266 919 1314 947 pro
1325 909 1458 937 ambulare
1469 913 1492 937 St
1505 908 1610 936 tranlire
1621 928 1627 934 .
1642 909 1676 935 ita
1687 911 1712 935 Sc

171 951 393 978 varstaneodem
403 948 473 977 sensu
482 970 487 979 .
497 958 527 976 ac
538 950 724 976 varweetiam
738 958 812 976 vetus
825 949 955 976 Latinitas
967 947 1099 986 usurpant.
1119 952 1205 977 Graeci
1217 948 1351 986 π-Λιζοὲἑὲις
1361 950 1492 988 appellant
1501 958 1591 976 totum
1605 949 1628 974 id
1640 948 1711 986 quod

171 994 241 1020 inter
249 990 366 1018 scrotum
385 994 410 1018 δι
428 990 528 1017 collum
548 990 638 1017 vetica:
648 998 720 1028 patet
730 1009 737 1021 ,
756 999 814 1028 quae
829 988 930 1017 summ-1
949 999 1007 1027 pars
1018 990 1053 1017 cst
1072 999 1201 1028 apertura:
1221 988 1354 1018 femorum
1370 1000 1541 1029 crurumque.
1564 988 1628 1016 Vide
1639 989 1712 1026 plura

128 1064 136 1069 ζ
175 1034 202 1060 in
214 1033 321 1059 Lexico.

131 1075 158 1109 e]
186 1071 302 1100 Philand.
325 1070 428 1098 Flavius
438 1070 567 1110 Vegetius
579 1069 648 1098 libro
657 1070 688 1097 de
697 1080 723 1098 re
732 1070 841 1098 militari
853 1080 891 1097 iv.
903 1080 990 1098 c.x1v.
1001 1070 1032 1097 ad
1044 1070 1243 1098 similitudinem
1252 1081 1319 1099 verae
1330 1071 1463 1099 testudinis
1475 1069 1634 1098 vocabulum
1645 1068 1715 1097 sum-

174 1110 246 1151 psisse
256 1111 355 1140 scribit.
366 1113 439 1150 Qua
449 1112 513 1138 licut
527 1111 568 1138 illa
579 1112 661 1138 inodo
672 1111 869 1142 rcducumodo
880 1108 982 1148 profert
993 1119 1081 1149 caput¹
1093 1120 1128 1137 ita
1139 1111 1385 1139 machinamentum
1400 1113 1533 1139 interdum
1542 1112 1714 1139 reducimu-

173 1153 373 1181 beminterdum
382 1153 509 1181 exerit.ut
520 1149 615 1179 fortius
627 1152 710 1179 cedat.
721 1153 763 1180 fist
774 1156 796 1180 ἃ
808 1153 943 1179 testudinis
954 1161 1117 1191 gemmeum
1131 1152 1227 1179 milltes
1237 1150 1364 1180 confertis
1376 1154 1474 1190 clypeis
1484 1151 1505 1179 se
1517 1159 1712 1190 coiitegunt.ut

171 1195 222 1222 tuti
233 1194 281 1221 lint
291 1192 306 1220 a
316 1193 433 1219 telorum
443 1193 506 1221 ιὲὶιι.
515 1193 548 1220 dc
557 1202 611 1230 quo
623 1203 721 1231 genere
731 1192 906 1232 intelligenda
917 1193 981 1219 mihi
993 1192 1115 1220 videntur
1125 1192 1167 1219 illa
1178 1203 1204 1219 in
1216 1193 1284 1220 libio
1295 1193 1395 1228 (esaris
1408 1193 1518 1230 septimo
1526 1193 1557 1220 de
1569 1193 1639 1219 bello
1650 1191 1714 1218 Gal-

171 1235 234 1267 lic03
243 1234 295 1261 Alii
305 1233 356 1260 tela
365 1233 568 1268 conjiciunt.alii
578 1233 706 1260 testudine
715 1231 783 1261 fasti
795 1233 992 1260 subeuntDion
1002 1233 1069 1260 libro
1082 1242 1154 1260 nono
1164 1237 1187 1261 ἃ
1200 1234 1513 1273 quadrageuino,iiomen
1523 1232 1648 1260 sortitum
1660 1228 1712 1259 effe

171 1276 278 1302 tradidit
290 1272 352 1306 &39¹4
361 1285 386 1300 τε
396 1272 421 1300 π’
432 1275 525 1311 ἰχυρὶι,
537 1274 556 1301 (ἒ
566 1274 626 1306 ὡς
637 1273 661 1300 τέ
674 1273 827 1309 {vesstra-2911
835 1274 918 1304 ωἰτῆς,
929 1273 980 1301 lioc
991 1274 1035 1304 est,
1047 1272 1061 1301 a*
1073 1272 1247 1304 firmitudine.
1258 1278 1282 1302 ἃ
1296 1275 1402 1313 tegendi
1413 1273 1618 1301 commoditate.
1629 1271 1711 1299 Vsum

169 1316 225 1352 ejus
234 1313 309 1342 fuisse
318 1314 452 1352 duplicem
461 1325 492 1342 cx
503 1314 598 1342 eodem
607 1316 752 1352 apparet,i'n
763 1314 1027 1353 propugnaculorum
1036 1310 1232 1351 oppidbrumve
1243 1316 1512 1354 oppiigiiatione,quo
1521 1322 1642 1351 tempore
1651 1316 1674 1340 &
1685 1314 1713 1340 in

172 1365 262 1384 muros
271 1355 449 1393 saepenumero
459 1355 614 1383 tollerentur
629 1355 643 1383 ὲ
655 1355 783 1382 militibus
795 1356 960 1394 aliquot,aut
971 1364 1032 1383 cum
1044 1365 1058 1382 a
1070 1354 1209 1394 sagittariis
1220 1356 1440 1383 circundarentur
1452 1365 1458 1382 ε
1469 1364 1528 1383 tum
1539 1355 1610 1382 enim
1622 1354 1712 1381 tuendi

172 1396 207 1424 sui
217 1395 292 1424 causa
302 1395 411 1423 univerii
421 1397 446 1422 in
458 1405 544 1434 genua
555 1396 869 1434 procuiiibebant‚d06tis
878 1396 959 1423 etiam
969 1396 1029 1433 iplis
1038 1398 1121 1433 equis.
1134 1406 1195 1423 cum
1206 1396 1308 1427 liberet,
1320 1395 1509 1436 iiigeiiiculare,
1520 1404 1548 1422 ut
1559 1404 1616 1422 utar
1629 1393 1712 1421 verbo

171 1437 315 1474 Lampridii
325 1437 351 1462 in
362 1436 541 1475 Heliogabalo
550 1447 556 1463 ε
565 1445 691 1475 tantaque
702 1446 756 1464 erat
765 1432 964 1464 confertissimae
974 1445 1086 1463 textura:
1097 1435 1207 1464 firmitas
1217 1458 1223 1469 ,
1235 1446 1264 1464 ut
1273 1447 1327 1464 non
1340 1436 1493 1464 hominibus
1502 1435 1586 1463 solum
1595 1443 1640 1473 per
1652 1443 1712 1461 eam

170 1476 337 1516 ingrediendi
347 1473 410 1504 effen
422 1474 540 1509 facultas,
551 1476 591 1505 sed
601 1481 625 1505 «St
636 1488 719 1516 equos
727 1499 734 1509 ,
755 1477 980 1514 &impedimenta
990 1476 1104 1516 agendi,
1120 1477 1199 1515 idque
1209 1478 1275 1505 adeo
1287 1479 1371 1517 magis
1382 1498 1389 1510 ,
1409 1477 1427 1505 ii
1438 1479 1465 1505 i'u
1476 1476 1587 1515 angusto
1597 1471 1648 1503 effe
1659 1495 1666 1505 ‚
1685 1474 1711 1501 S(

170 1527 293 1546 concavo
304 1518 365 1545 loco
377 1516 430 1544 sors
441 1513 550 1544 tulisset.
572 1518 661 1546 Ficbat
673 1527 763 1547 autem
774 1518 886 1545 adhunc
901 1515 956 1545 fere
966 1518 1084 1545 modum.
1101 1518 1306 1556 Impedimenta,
1323 1517 1437 1557 levisque
1454 1525 1592 1545 armaturae
1604 1514 1712 1545 milites,

168 1568 249 1597 atque
259 1559 379 1596 equites,
399 1558 425 1585 iu
435 1558 520 1585 medis
530 1567 616 1586 turma
626 1559 827 1587 collocabantur
839 1570 845 1589 ς
864 1559 910 1596 qui
921 1568 984 1585 vero
994 1566 1158 1586 armatorum
1175 1558 1303 1597 oblongis
1314 1558 1393 1586 scutis
1412 1566 1566 1589 uterentur,
1584 1558 1610 1584 in
1622 1563 1712 1583 extre-

167 1600 234 1629 mis,
252 1600 326 1626 utiin
336 1598 449 1636 plinthio
458 1599 625 1627 acieiordine
638 1620 644 1632 ,
663 1609 743 1638 quem
755 1599 915 1627 laterculum
930 1599 1016 1626 dicere
1027 1595 1107 1637 poffis
1119 1618 1126 1631 ,
1145 1597 1202 1625 fieri
1222 1598 1301 1629 solet,
1321 1598 1514 1626 circunstabant
1524 1618 1531 1630 ‚
1548 1597 1592 1635 qui
1602 1596 1660 1623 latis
1671 1595 1713 1622 in—

167 1639 384 1675 terjiciebantur.
403 1638 526 1677 elatisque
536 1638 614 1667 scuris
633 1640 813 1667 alterialteros
832 1649 1022 1679 pr0tegentcs‚
1041 1639 1065 1666 se
1076 1637 1239 1677 caeterosque
1255 1637 1269 1666 ,i
1282 1638 1338 1666 telis
1348 1639 1509 1666 tuebantur:
1530 1639 1568 1665 ita
1577 1635 1642 1664 nihil
1653 1644 1714 1663 tota

167 1689 255 1708 turma
266 1689 360 1716 prxter
369 1678 441 1707 scuta
451 1680 538 1707 videre
548 1689 611 1707 erat.
635 1679 799 1709 Describitur
808 1684 832 1708 &-
843 1681 947 1708 testudo
959 1679 974 1708 :i
986 1679 1117 1707 Liviolib.
1128 1689 1211 1707 xtiv.
1228 1679 1295 1706 Vide
1308 1679 1387 1716 Liplii
1399 1679 1544 1706 Poliorcet.

118 1720 159 1758 f]
183 1720 330 1748 Philander.
351 1722 449 1748 Turres
458 1720 699 1748 ambulatoriaelive
711 1721 823 1749 mobiles
835 1741 842 1752 ,
859 1730 971 1758 quarum
980 1719 1104 1747 meminit
1122 1720 1232 1747 Hircius
1242 1719 1312 1746 libro
1332 1720 1364 1747 de
1374 1719 1446 1747 bello
1467 1717 1665 1746 Alexandrino,
1684 1717 1710 1744 δέ

162 1760 290 1799 plerisque
299 1760 432 1788 bellorum
441 1760 698 1800 Gallici,Civiiisqiie
708 1762 775 1789 locis
788 1761 868 1788 lulius
881 1759 977 1793 Caesar,
987 1759 1220 1798 componebantur
1230 1759 1349 1788 trabibus
1360 1763 1385 1788 δε
1397 1759 1492 1787 tabulis
1501 1757 1618 1787 aedificiis
1627 1766 1709 1795 pares.

163 1811 222 1839 qua:
233 1811 287 1828 non
299 1810 388 1828 muros
398 1800 483 1829 solum
495 1811 655 1841 oppugnata:
664 1801 735 1830 urbis
747 1822 753 1834 ,
771 1801 814 1829 scd
824 1800 886 1840 ipsas
896 1809 980 1829 turres
992 1800 1130 1829 altitudine
1140 1799 1303 1841 superarent.
1325 1803 1366 1828 De
1377 1799 1471 1840 quibus
1481 1798 1571 1828 scribit
1582 1797 1711 1838 Vegetius

164 1841 212 1869 lib.
225 1851 262 1868 tv.
270 1851 327 1878 cap.
342 1841 600 1879 17.S<sequentibus.

119 1883 154 1920 g]
183 1882 268 1909 Idem.
291 1881 359 1908 Mox
369 1882 541 1919 appellabitur
550 1882 663 1919 acceffim.
676 1884 768 1910 Graece
777 1878 907 1918 ὲπιξαίῆρκ.
930 1880 1051 1920 Suspicor
1061 1878 1136 1910 fuiffe
1147 1880 1298 1910 machinam
1308 1902 1315 1914 ,
1332 1891 1390 1920 quae
1399 1880 1512 1909 occulto
1522 1879 1638 1918 quodam
1647 1877 1712 1906 arti-

165 1921 246 1955 ficio,
264 1925 288 1950 &
299 1922 428 1960 expeditis
438 1922 712 1949 machinatioiiibusi'n
723 1922 833 1950 sublime
844 1921 972 1950 cresceret
985 1942 991 1952 ,
1011 1926 1035 1950 <St
1045 1923 1070 1950 iri
1081 1932 1140 1951 eam
1151 1922 1319 1950 altitudinem
1330 1922 1425 1950 edusta
1435 1943 1442 1953 ,
1458 1931 1507 1959 qua
1518 1930 1583 1958 opus
1592 1927 1658 1951 etat,
1668 1928 1716 1946 re:

165 1963 288 1990 tinaculis
299 1963 436 1990 sisteretur.
461 1964 586 1990 Poterant
599 1966 622 1990 &-
634 1963 751 1990 tabulata
760 1963 872 1990 excitari
882 1961 999 1990 cochleis
1013 1983 1019 1994 ,
1034 1972 1087 2000 quo
1098 1964 1177 2001 pasto
1188 1963 1214 1989 in
1226 1962 1352 1990 torculari
1363 1962 1465 2001 prelum
1473 1961 1592 1989 tollimus
1605 1981 1612 1992 ,
1631 1968 1711 1997 atque

165 2003 347 2041 deprimimus.
370 2003 424 2032 Nili
434 2003 536 2032 dietum
552 2004 720 2040 interpretati
741 2003 851 2030 velimus
870 2002 903 2030 de
916 2001 1040 2030 machina
1053 2024 1059 2035 ‚
1078 2012 1157 2039 quam
1177 2002 1361 2030 Tollenonem
1379 2003 1509 2043 Vegetius
1528 2001 1642 2040 appellat
1652 1999 1712 2026 libri

162 2045 248 2080 quarti
259 2045 344 2079 capite
353 2053 409 2071 uno
420 2047 444 2072 8(
454 2043 594 2084 vigeiimo.
616 2045 652 2071 Ea
662 2043 740 2071 fiebat
751 2042 831 2071 infixa
842 2042 897 2071 solo
907 2040 1030 2070 altiffima
1042 2043 1116 2071 trabe
1127 2064 1133 2075 ,
1154 2043 1180 2070 in
1191 2044 1263 2078 cujus
1274 2043 1378 2072 summo
1399 2044 1498 2071 vertice
1509 2043 1558 2070 alia
1568 2038 1712 2068 transversa

165 2083 236 2110 trabs
248 2083 355 2122 longior
365 2084 481 2112 dimensa
492 2085 632 2112 medietate
643 2084 813 2112 connestitur
823 2084 923 2112 statera:
934 2083 1026 2115 modo,
1038 2084 1064 2111 id
1073 2085 1119 2116 est,
1135 2094 1168 2112 eo
1177 2084 1349 2115 libramento,
1358 2093 1387 2112 ut
1398 2084 1414 2111 si
1425 2093 1508 2111 unum
1521 2089 1599 2120 caput
1607 2078 1712 2117 depres-

165 2122 227 2151 seris
240 2144 247 2155 ‚
262 2123 332 2150 aliud
342 2125 468 2162 erigatur.
492 2127 520 2151 ln
533 2135 587 2153 uno
599 2126 684 2161 capite
695 2125 811 2152 cratibus
822 2145 829 2156 ,
847 2124 899 2151 five
909 2124 1032 2151 tabulatis
1041 2124 1235 2152 contexebatur
1246 2124 1368 2152 machina
1377 2145 1383 2156 ,
1401 2124 1428 2151 in
1439 2133 1489 2162 qua
1500 2122 1596 2150 milites
1607 2121 1710 2157 aliquot

163 2164 363 2191 collocarentur
374 2165 560 2193 armati.Tunc
570 2175 615 2203 per
624 2163 699 2194 funes
709 2166 809 2193 alterna
818 2165 936 2203 capitum
946 2163 1093 2193 sublatione
1103 2169 1127 2193 δε
1138 2162 1303 2203 depressione
1313 2165 1418 2197 elevati,
1426 2165 1452 2191 in
1461 2171 1566 2191 murum
1576 2160 1648 2189 urbis
1657 2161 1710 2187 im-

165 2204 342 2242 ponebantur.
576 2216 581 2221 ·

122 2244 154 2280 h]
173 2246 258 2272 Idem.
279 2243 365 2282 Qod
375 2243 446 2271 dicat
462 2240 476 2270 ὲ
493 2245 628 2272 nonnullis
636 2254 731 2284 gruem
742 2243 848 2272 vocari.
867 2243 957 2270 venire
976 2243 1034 2281 quis
1045 2241 1123 2281 possit
1140 2244 1167 2271 i'n
1187 2243 1376 2282 suspicionem.
1394 2253 1427 2271 eo
1437 2242 1495 2271 usos
1510 2240 1561 2271 effe
1573 2241 1708 2280 capiendis

162 2284 369 2313 adversariorum
381 2283 521 2314 machinis,
531 2283 768 2321 transferendisque
781 2285 806 2310 in
818 2292 924 2310 muros:
944 2282 1093 2317 cujusmodi
1111 2283 1233 2311 machina
1242 2284 1315 2312 usui-n
1324 2280 1400 2312 fuiss‘e
1411 2283 1501 2312 scribit
1513 2284 1599 2322 capite
1611 2283 1708 2309 ultimo

160 2326 275 2354 Calliam
286 2324 474 2352 Architec‘tum
486 2323 584 2353 Rhodi.
592 2334 654 2352 cum
665 2323 837 2351 accedentem
848 2323 881 2350 ad
891 2324 991 2350 moenia
999 2322 1131 2361 helepolin
1140 2324 1269 2352 transtulit
1281 2326 1307 2352 in
1318 2335 1417 2353 muros.
1430 2324 1458 2352 Id
1469 2333 1498 2352 ut
1509 2324 1608 2353 credat,
1616 2321 1708 2353 faciet,

162 2366 235 2403 quod
243 2365 311 2404 apud
321 2365 417 2392 [ulium
427 2364 565 2391 Pollucem
575 2365 679 2404 legatur
689 2364 756 2391 libro
767 2372 871 2401 quarto,
883 2360 988 2399 ye'quou.
998 2364 1023 2391 id
1033 2364 1076 2395 est,
1087 2366 1222 2404 gruem,in
1233 2364 1339 2393 theatro
1349 2364 1501 2393 machinam
1511 2360 1597 2396 fuisse,
1607 2373 1665 2401 quae
1676 2372 1708 2389 ex

161 2407 267 2435 sublimi
278 2404 450 2434 ferebaturad
459 2404 580 2442 rapienda
593 2414 714 2442 corpora.
739 2406 774 2432 Ea
787 2403 860 2432 usum
879 2406 1023 2434 Auroram,
1045 2414 1108 2432 cum
1125 2406 1282 2433 Memnonis
1300 2406 1386 2444 rapuit
1395 2416 1499 2444 corpus.
1519 2405 1567 2433 Sed
1579 2405 1649 2442 quod
1660 2403 1707 2430 de-

162 2447 319 2475 molitorem
329 2442 464 2482 adjeciffet
473 2466 480 2477 ‚
499 2443 570 2473 aliud
580 2444 635 2472 suni
645 2445 794 2483 suspicatus.
814 2446 916 2472 interea
927 2445 1060 2484 cogitanti
1071 2444 1094 2472 se
1106 2443 1186 2473 offert
1199 2445 1264 2474 mihi
1284 2446 1390 2486 Polybii
1400 2447 1475 2474 locus
1487 2456 1518 2474 ex
1530 2446 1618 2484 primo
1627 2443 1706 2474 libro,

161 2497 241 2527 queni
251 2488 283 2515 ad
294 2487 364 2515 hunc
375 2486 485 2513 modum
497 2487 578 2513 vertit
589 2486 717 2514 Nicolaus
739 2487 848 2513 Perotus
859 2505 865 2516 ,
886 2485 930 2512 cui
939 2493 1029 2512 tamen
1040 2483 1054 2513 ὲ
1068 2487 1164 2514 Graeco
1176 2485 1271 2515 codice
1289 2488 1424 2515 Vaticanae
1437 2486 1607 2515 bibliothecas
1617 2505 1623 2516 ,
1644 2492 1708 2511 cum

159 2529 288 2557 Aldinum
300 2526 426 2555 mutilum
435 2523 617 2564 reperissemus
631 2547 637 2558 ,
657 2525 742 2554 versus
752 2526 863 2563 :implius
874 2534 926 2552 tres
939 2525 1098 2554 addidimus.
1120 2527 1222 2566 Lignea
1240 2528 1342 2566 (inquit
1354 2538 1467 2556 corvum
1475 2524 1638 2558 describens)
1659 2533 1707 2551 co-

157 2569 249 2597 lumna
257 2569 341 2607 proris
351 2569 435 2595 iuerat
447 2588 454 2598 ,
466 2567 642 2607 longitudinis
651 2576 764 2605 quatuor
775 2567 895 2594 ulnarum
905 2586 911 2597 ,
929 2565 1075 2594 latitudinis
1085 2567 1234 2606 palmorum
1245 2569 1338 2596 trium.
1358 2571 1386 2596 ln
1398 2569 1452 2603 ejus
1461 2568 1534 2605 apice
1543 2575 1630 2593 rotam
1639 2574 1706 2592 con-

160 2610 298 2638 stituerant
309 2630 316 2641 ,
337 2608 396 2636 huic
407 2616 533 2646 praeterea
543 2607 637 2635 tabula:
647 2607 805 2635 inhaerentes
816 2606 893 2634 scalas
903 2605 1084 2635 conficiebant
1095 2628 1101 2639 ,
1112 2618 1222 2647 quarum
1234 2609 1348 2636 latitudo
1358 2617 1413 2636 erat
1424 2609 1501 2646 pedes
1510 2615 1634 2645 quatuor,
1645 2604 1706 2632 lon-

159 2650 258 2689 gitudo
269 2649 310 2677 sex
321 2649 400 2680 ulnae,
410 2646 530 2676 foramen
542 2657 630 2676 autem
642 2648 752 2676 tabulari
765 2657 820 2675 erat
831 2647 983 2687 oblongum
992 2668 999 2679 ‚
1011 2652 1035 2676 &
1047 2649 1270 2677 circumambibat
1281 2649 1435 2677 columnam
1447 2648 1502 2685 post
1513 2648 1608 2685 primas
1619 2645 1706 2673 statim

160 2690 234 2719 scalae
242 2691 303 2718 duas
314 2690 397 2717 ulnas.
414 2689 540 2716 Habebat
554 2698 643 2716 autem
656 2689 738 2716 veluti
752 2687 838 2727 sepem
856 2687 886 2714 ad
898 2697 1029 2726 utrunque
1047 2689 1199 2729 oblongum
1216 2689 1283 2717 latus
1303 2699 1374 2729 genu
1393 2698 1470 2716 tenus
1486 2688 1575 2716 altam.
1599 2689 1628 2713 ln
1639 2686 1707 2725 ligni

161 2740 282 2759 extremo
290 2729 390 2758 ferrum
399 2738 454 2757 erat
465 2730 541 2757 instar
551 2729 637 2756 mallei
653 2739 817 2768 peracutum,
827 2737 952 2766 praeterea
962 2729 1072 2757 annulus
1080 2727 1142 2757 fune
1150 2730 1284 2770 alligatus,
1295 2731 1331 2757 ita
1341 2738 1369 2757 ut
1380 2730 1435 2757 haec
1447 2728 1574 2756 machinis
1584 2725 1705 2755 frumeu-

162 2772 234 2799 tariis
249 2771 381 2798 fimillima
393 2770 536 2799 videretur.
559 2771 645 2808 igitur
663 2770 767 2797 liniulnc
788 2770 860 2797 navis
879 2768 992 2796 hostium
1012 2770 1188 2803 adventabat,
1206 2771 1294 2797 laxato
1310 2768 1373 2798 fune
1392 2769 1465 2798 scalae
1483 2768 1707 2799 demittebantur,

162 2809 261 2839 ferrum
271 2811 388 2850 pondere
397 2820 427 2838 ac
438 2812 461 2838 vi
481 2810 758 2850 lignisuperliostium
776 2819 870 2838 nivem
886 2808 1018 2847 delapsum
1037 2809 1179 2850 figebatur.
1201 2811 1226 2838 Si
1237 2809 1342 2838 adversa
1358 2819 1499 2848 proraverat
1512 2831 1518 2842 ‚
1540 2809 1597 2837 bini
1607 2808 1706 2835 milites

163 2862 207 2889 per
217 2851 294 2880 scalas
304 2851 498 2880 descendebant
510 2870 517 2881 ‚
535 2851 589 2878 duo
599 2852 675 2889 primi
687 2849 855 2888 praeferentes
867 2848 954 2880 scuta.
977 2851 1069 2889 reliqui
1090 2851 1170 2878 latera
1179 2849 1257 2878 scutis
1273 2853 1396 2889 protesti.
1419 2852 1446 2879 Si
1457 2861 1522 2879 vero
1533 2849 1642 2887 obliqua
1650 2856 1705 2875 erat

161 2891 276 2920 hostium
286 2893 358 2920 navis
370 2913 377 2924 ‚
393 2893 420 2919 in
430 2901 488 2919 eam
505 2901 537 2920 ex
547 2900 605 2919 tota
623 2893 718 2930 pariter
729 2893 789 2918 mvi
807 2890 984 2918 deliliebatur.
1004 2892 1141 2919 Hactenus
1153 2892 1291 2931 Polybius.
1313 2894 1382 2930 Qae
1394 2891 1475 2921 verba
1483 2892 1549 2920 mire
1564 2889 1665 2918 faciunt
1674 2888 1706 2915 ad

163 2941 220 2959 rem
232 2934 354 2961 nostram.
376 2935 530 2961 Corvorum
541 2935 644 2960 mentio
656 2933 691 2960 cst
700 2932 767 2970 apud
778 2932 916 2968 Quintum
928 2932 1055 2961 Curtium
1065 2932 1110 2962 lib.
1124 2942 1164 2962 iv,

119 2973 155 3008 i]
185 2972 278 3000 Codex
287 2973 412 3002 Arundel.
423 2983 533 3007 novem3
546 2972 687 3002 Atheiiaeus
697 2994 703 3005 ‚
715 2986 799 3013 πηχιων
811 2977 832 3010 ξ.
1640 3011 1647 3038 1
1688 3009 1698 3037 ἰ

1577 3014 1602 3049 k]
1615 3013 1634 3040 C
1650 3020 1689 3038 aut
1704 3030 1708 3036 .
