2023 3162
329 31 887 118 CPLAVDIVS
967 65 1580 125 SALMASIVS
1720 13 1773 56 ⁶⁷

761 171 806 212 In
822 166 996 214 Solinum
1006 183 1093 234 pag.
1107 189 1139 230 5.

183 315 197 336 ,ι
250 330 255 332 b
351 286 465 325 Arrat
486 286 820 325 Pliniuslib.xxxv.
833 298 916 339 cap.
936 299 948 324 1
964 298 997 328 3-
1017 288 1193 339 Apellem
1206 301 1294 328 cum
1307 291 1493 331 Rhodum
1506 296 1758 348 adnavigasset,

216 342 290 396 *χὴ-
351 342 610 393 cognoscendi
627 344 849 393 Protogenis
868 342 971 382 causa
990 347 1054 393 qui
1072 344 1125 381 ibi
1144 347 1297 396 agebat,
1318 348 1363 385 ad
1375 350 1450 394 ejus
1470 351 1629 390 domurn
1651 360 1766 394 venti-

178 414 195 429 π
213 370 332 451 {2553
349 399 433 437 tasse
447 415 454 437 :
472 411 585 449 quem
599 411 686 436 cum
698 399 899 437 dominon
913 398 1130 446 offendisset,
1141 413 1289 453 arrepto
1300 406 1480 454 penicillo
1490 408 1626 445 lineam
1637 422 1681 448 ex
1695 425 1760 450 eo-

178 452 198 460 ”’
219 439 254 461 >²
287 448 301 459 '⁴
314 452 324 458 ²
346 457 428 493 lore
448 454 583 493 duxisse
601 455 622 492 s
616 467 751 492 ummae
762 457 947 493 tenuitatis
956 467 1021 507 per
1030 457 1199 510 tabulam
1212 487 1222 503 ‚
1241 471 1327 508 quae
1339 459 1434 499 forte
1445 463 1483 499 in
1493 464 1663 504 machina
1672 480 1760 517 pro-

154 512 266 551 stabat
279 539 288 553 ,
310 523 502 562 quamque
521 523 612 549 anus
630 510 830 549 afl'ervabat
841 540 851 556 ‚
869 522 911 548 ut
922 512 1153 562 Protogenes
1168 513 1218 551 fic
1228 515 1449 566 intelligeret
1466 517 1486 554 ὲ
1499 531 1577 568 quo
1587 522 1757 570 quaesitus

152 568 238 607 esset
250 582 257 605 :
270 566 455 607 reversum
468 568 723 617 Protogenem
734 568 923 604 &lineam
934 570 1237 619 contemplatum
1257 582 1337 608 non
1348 572 1525 612 dubitaffe
1537 578 1628 625 quin
1642 578 1677 615 A
1682 581 1757 630 pel-

148 625 200 662 les
213 621 577 674 venisset,ipsumque
587 624 662 660 alio
673 623 805 660 colore
815 624 853 659 in
865 622 997 661 eadem
1009 625 1068 661 illa
1080 625 1177 663 linea
1188 627 1298 664 aliam
1310 627 1433 666 multo
1445 630 1678 671 subtiliorem
1691 636 1755 674 du·

149 679 232 718 xifl'e
243 705 252 719 .
277 691 435 729 eamque
446 679 570 729 postea
589 680 700 716 tertio
712 679 844 715 colore
856 678 902 716 ab
921 679 989 716 alia
1000 680 1098 717 linea
1110 681 1242 719 senam
1253 682 1299 718 ab
1312 683 1462 734 Apelle,
1483 685 1533 724 fic
1548 699 1589 726 ut
1606 691 1755 729 nullum

149 737 312 787 amplius
331 737 556 784 relinqueret
571 733 765 772 subtilitati
777 733 921 771 locum.
952 734 1141 773 Tabulam
1161 738 1263 775 illam
1284 739 1388 777 avide
1401 740 1421 777 ὲ
1434 741 1467 779 se
1485 743 1684 794 spefflitarn
1703 759 1758 784 re-

147 792 218 829 fert
240 792 380 829 ibidem
390 791 530 828 Plinius
543 817 551 831 ,
575 801 663 827 cum
681 790 867 826 miraculo
887 789 1113 828 effentlineae
1125 804 1221 842 pene
1231 794 1291 831 vis
1287 807 1352 832 um
1373 795 1611 848 effugientes„
1626 802 1755 852 Negat

150 846 419 885 Moniocofius
441 843 740 895 (Demontt'ostus)
762 845 876 882 lineas
898 844 972 882 dici
993 845 1039 882 de
1058 847 1234 884 coloritia
1250 850 1406 899 pistura:
1429 865 1541 903 negat
1564 868 1754 896 certamen

147 902 248 941 fuiffe
268 906 362 941 inter
380 902 556 952 Apellcm
567 900 603 937 δέ
614 901 870 950 Protogenem
882 899 1118 939 delineatum
1129 898 1325 941 subtilitate
1341 907 1477 946 :lineas
1493 912 1752 964 linearumque

145 959 244 997 adeo
264 960 488 996 tenuitatem
506 959 544 994 in
557 958 748 1007 pingendo
759 955 852 993 nihil
871 955 1011 997 facere,
1027 969 1098 994 nee
1111 957 1351 997 neeessariam
1363 962 1433 999 effe
1455 969 1671 1005 contendit:
1691 982 1754 1007 ne-

145 1025 284 1064 gatque
304 1015 468 1052 omnino
483 1014 643 1050 Plinium
655 1011 777 1051 vidisse
790 1012 895 1062 quod
906 1012 1049 1050 viderit.
1072 1013 1133 1051 Ad
1144 1026 1185 1051 ea
1197 1027 1280 1064 quae
1291 1017 1352 1053 ille
1363 1018 1528 1067 pluribus
1540 1022 1576 1058 ἅ·
1587 1023 1754 1063 subtilius

147 1082 262 1121 quam
274 1072 395 1109 verius
408 1069 603 1107 contendit
616 1099 626 1114 ‚
646 1071 775 1120 paucis
796 1080 870 1118 ego
888 1067 1153 1119 responderim.
1187 1070 1358 1109 Primum
1372 1076 1504 1111 omnia
1515 1076 1578 1114 illa
1589 1092 1669 1127 quae
1682 1081 1751 1118 Pli-

143 1128 230 1163 nius
248 1128 286 1164 in
307 1138 348 1164 ea
359 1125 507 1163 historia
528 1124 702 1163 narranda
714 1124 927 1175 persecutus
939 1125 1005 1164 est,
1023 1138 1068 1163 ex
1081 1125 1303 1166 Graecorum
1315 1128 1618 1182 Latinorumque
1639 1147 1751 1176 com.

145 1183 338 1220 mentariis
357 1181 517 1220 hausisse,
533 1184 570 1219 δ(
585 1193 720 1218 eorum
741 1181 935 1219 auC’torum
949 1211 959 1227 ‚
971 1183 1035 1232 qui
1048 1181 1127 1218 non
1137 1192 1287 1220 tantum
1309 1183 1503 1235 depistura
1514 1188 1745 1239 seripserunt,

142 1237 250 1275 sed&
270 1237 334 1289 ipsi
346 1236 735 1288 nobilissimipiEtores
749 1238 971 1276 extiterunt,
998 1249 1037 1275 ur
1057 1237 1213 1288 Apelles
1233 1242 1272 1277 <Sc
1293 1241 1540 1281 Melanthius.
1573 1249 1699 1299 Qare
1722 1248 1747 1286 fi

144 1293 278 1330 Plinius
298 1294 449 1338 erravit,
472 1295 531 1331 alii
546 1303 630 1331 ante
650 1293 768 1344 ipsum
789 1292 953 1330 fimiliter
971 1296 1168 1332 erraverint
1188 1296 1330 1333 necesse
1350 1297 1420 1335 est.
1451 1299 1602 1339 Deinde
1620 1302 1749 1342 falsum

143 1349 289 1399 prorsus
302 1349 368 1395 est,
379 1350 559 1387 linearum
579 1361 721 1386 nomen
735 1349 882 1401 pisturae
895 1351 981 1399 quae'
993 1351 1186 1388 coloribus
1198 1352 1406 1393 inducitur,
1428 1356 1585 1394 minime
1607 1370 1750 1397 conve-

141 1406 234 1442 nire.
263 1405 357 1443 Sane
377 1405 528 1443 fi'lineas
543 1406 682 1456 pletura
696 1406 882 1442 coloraria
895 1417 974 1442 non
986 1405 1120 1451 habet,
1141 1420 1214 1445 nec
1233 1409 1308 1445 ulla
1324 1420 1434 1448 erunt
1447 1423 1653 1463 corporum
1665 1416 1746 1453 vul-

141 1459 271 1511 tusuue
292 1463 537 1503 lineamenta3
552 1473 717 1511 quorum
735 1460 873 1498 formas
888 1462 1068 1511 pingendi
1087 1473 1144 1499 ars
1156 1465 1376 1503 aemulatur:
1408 1467 1501 1516 quid
1523 1470 1622 1507 enim
1643 1471 1745 1509 aliud

141 1514 387 1553 lineamentum
398 1529 511 1566 quam
524 1517 628 1555 lineae
639 1517 764 1554 duffio
778 1519 788 1553 ἓ
800 1514 1009 1554 lmeamenta
1020 1529 1135 1568 porro
1146 1520 1283 1565 vultus,
1297 1523 1334 1558 &
1348 1525 1531 1572 corporis,
1542 1525 1649 1564 lineis
1660 1529 1742 1565 imi-

140 1582 238 1610 tatur
249 1574 285 1609 &
298 1574 469 1623 exprImit
480 1573 637 1623 piaura:
663 1585 823 1622 quarum
835 1572 911 1609 aliae
923 1575 1176 1612 extremitates
1188 1586 1397 1626 corporum
1411 1579 1720 1622 circumscribunt
1731 1613 1742 1629 ‚

138 1639 220 1677 quae
239 1630 526 1666 extremaelineae
536 1629 730 1666 dicuntur:
752 1630 829 1665 aliae
842 1628 964 1666 media
983 1641 1143 1679 corpora
1155 1641 1220 1680 per
1238 1642 1358 1681 partes
1371 1636 1582 1683 exprimunt
1601 1640 1639 1676 ὃς
1651 1639 1740 1676 deli-

137 1695 251 1722 neant
261 1713 271 1728 ‚
291 1697 371 1733 quae
383 1686 575 1722 interiores
588 1687 624 1723 δε
636 1683 765 1722 medix
777 1685 1023 1736 appellantur.
1052 1686 1151 1723 Hinc
1160 1687 1301 1736 pistura
1311 1689 1383 1739 ipsa
1394 1688 1533 1728 linearbs
1543 1695 1737 1743 appellata,

137 1752 218 1788 quae
230 1742 354 1791 primo
375 1740 450 1777 fine
473 1741 668 1779 coloribus
681 1742 795 1778 lineas
807 1743 904 1778 intus
921 1739 1109 1791 spargebat
1122 1771 1132 1787 ‚
1146 1742 1272 1792 postea
1282 1746 1394 1783 etiam
1407 1746 1555 1784 colores
1569 1750 1674 1788 lineis
1686 1752 1740 1788 in-

136 1796 252 1833 duxit.
284 1796 413 1833 Primis
433 1798 534 1834 cnim
553 1797 703 1847 pie‘turae
723 1797 961 1834 incunabulis
982 1798 1156 1835 umbram
1177 1798 1340 1836 hominis
1360 1802 1466 1840 lineis
1476 1804 1741 1844 circumduce-

135 1852 226 1888 bant
237 1881 247 1896 ‚
270 1854 385 1890 nullas
395 1854 492 1890 intus
503 1854 617 1890 lineas
637 1853 683 1889 ad
695 1852 936 1903 exprimenda
948 1853 1175 1891 lineamenta
1185 1855 1386 1894 ducebant.
1402 1858 1537 1896 Plinius
1549 1860 1612 1897 lib.
1626 1875 1736 1900 xxxv.

135 1919 218 1958 cap.
233 1918 265 1948 3.
298 1909 404 1944 Graect'
412 1917 528 1945 autem
548 1908 610 1945 alei
628 1910 765 1960 Sicyone
776 1938 785 1953 ‚
796 1906 853 1944 alii
869 1907 963 1960 apud
982 1907 1172 1946 Corinthios
1189 1921 1376 1963 repertam,
1386 1911 1529 1961 fitmmz's
1547 1914 1670 1952 umbra
1681 1914 1740 1954 ho-

134 1976 236 2000 mnm
246 1962 347 2000 lineos
358 1963 607 2001 circumduc‘t‘a.
626 1970 749 2016 Itaque
758 1963 864 2000 talem
876 1964 1028 2016 primam
1029 1962 1150 2015 fiuffi’.
1183 1965 1532 2020 Sectcnd.rmstngttlo5
1551 1969 1733 2017 coloribm5

133 2012 178 2055 ό*
189 2015 483 2055 monochromaton
494 2018 622 2056 dietam
628 2019 804 2071 postquam
815 2017 978 2071 operosior
987 2021 1136 2056 inventa
1147 2030 1229 2057 erat.
1237 2027 1427 2058 Inventam
1437 2024 1602 2061 lmearem
1613 2025 1736 2064 dicunt

133 2070 157 2109 ἰι
171 2071 317 2110 Philocle
326 2076 511 2126 vfigyptio
522 2074 586 2111 vel
599 2073 763 2112 Cleanthe
776 2071 962 2111 Corinthio,
970 2076 1082 2113 Primi
1092 2088 1274 2112 exercuere
1286 2076 1463 2114 eArdz'ces
1480 2085 1507 2115 C
1508 2078 1678 2118 arinthins
1690 2079 1736 2121 0³*

129 2125 336 2182 Telephanes
347 2129 600 2179 Sicyoniussine
609 2130 673 2166 ullo
684 2130 872 2165 etiamnum
884 2128 1001 2168 colore,
1005 2131 1085 2178 jam
1095 2133 1412 2184 tamenspargentes
1423 2132 1532 2170 lineas
1540 2136 1645 2173 imm.
1657 2136 1734 2175 Ideo

132 2181 176 2222 (ΞΝ
187 2197 268 2237 quos
273 2185 460 2236 pingerent
470 2181 657 2234 adscribere
667 2184 879 2234 institutum.
911 2185 1048 2220 Primus
1064 2185 1206 2222 invenlt
1216 2199 1271 2222 eas
1280 2186 1425 2224 colorare
1435 2189 1531 2238 testa,
1542 2190 1728 2242 mserum,

130 2242 219 2277 trita
232 2269 242 2285 ,
264 2236 486 2292 Cleophantus
510 2237 719 2278 Corinthius.
750 2240 865 2277 Vides
886 2237 1051 2275 linearem
1063 2241 1242 2291 picturam
1260 2254 1343 2279 eam
1356 2244 1430 2281 dici
1451 2258 1534 2294 quae
1544 2248 1588 2284 ad
1609 2248 1732 2288 homi-

130 2308 218 2333 nem
230 2296 516 2348 exprimendum
528 2307 606 2333 non
627 2295 748 2333 solum
761 2298 835 2341 ejus
847 2295 1022 2332 umbram
1033 2296 1139 2333 lineis
1159 2298 1428 2338 circumscribit
1441 2303 1478 2339 ὅ(
1489 2303 1729 2351 adterminar,

129 2352 233 2401 quod
246 2353 354 2401 primi
366 2352 510 2401 piC‘turae
531 2354 743 2389 inventores
755 2351 951 2391 faciebant,
968 2349 1026 2388 sed
1038 2363 1118 2401 quae
1130 2353 1230 2390 intus
1250 2356 1363 2392 etiam
1376 2357 1488 2394 lineas
1500 2357 1734 2408 spiugenssti·

130 2419 329 2445 neamenta
342 2419 525 2458 corporea
537 2407 691 2457 effingit.
723 2411 816 2461 Qae
827 2405 983 2445 &initio
993 2407 1146 2457 quidem
1156 2408 1229 2446 fine
1241 2413 1372 2448 colore
1381 2411 1649 2453 absolvebatur.
1665 2430 1732 2468 po-

131 2464 201 2501 stea
216 2463 409 2501 coloribus
423 2465 594 2514 expedita
605 2464 654 2501 est
664 2489 672 2503 ‚
696 2463 732 2500 8<
745 2464 922 2501 colorum
943 2463 1005 2501 usu
1016 2465 1337 2513 percrebrescente
1355 2480 1410 2505 ars
1423 2470 1582 2517 perfecta
1595 2475 1630 2509 δε
1644 2474 1729 2511 ico-

128 2520 387 2557 nicihomines
406 2521 637 2570 pingicaepti.
666 2520 823 2555 Lis-icam
841 2520 950 2568 igitur
969 2520 1112 2557 Pictura
1132 2524 1284 2572 proprie
1305 2523 1350 2561 de
1370 2526 1564 2564 coloria&
1577 2528 1728 2566 lineaein

126 2587 174 2612 eo
184 2575 376 2626 pingendae
388 2587 520 2624 genere
537 2577 650 2613 distas,
673 2585 750 2612 tam
767 2585 940 2612 extremae
958 2588 1074 2625 quam
1090 2578 1254 2615 internae.
1290 2580 1330 2616 In
1343 2580 1447 2617 lineis
1468 2585 1643 2620 extremis
1658 2614 1668 2628 ‚
1689 2587 1728 2624 ὃς

125 2630 402 2669 circumcaesura
420 2643 627 2681 corporum
647 2630 826 2670 finienda¹
850 2632 1015 2681 palmam
1034 2632 1218 2671 Parrhasio
1233 2645 1377 2672 veteres
1398 2636 1587 2676 dederunt.
1633 2642 1725 2678 Plin.

125 2687 186 2724 lib.
203 2700 311 2725 xxxv.
327 2699 405 2738 cap.
418 2699 451 2724 x.
466 2689 568 2743 Qid
581 2690 618 2725 in
629 2700 667 2724 re
685 2698 774 2724 nota
786 2687 950 2738 pluribus
961 2699 1056 2737 opus
1068 2689 1142 2726 est?
1163 2691 1257 2728 linea
1268 2703 1344 2728 non
1357 2691 1452 2729 estin
1473 2693 1614 2732 Pi'Ctura
1625 2696 1725 2735 idem

128 2744 232 2792 quod
252 2746 290 2781 in
309 2744 527 2781 Geometria
542 2773 550 2788 ,
572 2744 643 2780 sinc
663 2743 851 2780 latitudine
871 2744 1094 2794 longitudo,
1120 2744 1178 2782 sed
1198 2745 1247 2782 est
1267 2748 1432 2797 penicilli
1454 2749 1605 2800 dufflus3
1630 2753 1730 2790 unde

127 2798 386 2835 lmevnentmn.
409 2799 546 2838 Lineas
559 2800 631 2838 sive
643 2801 864 2837 lineamenta
872 2800 993 2837 vultus
1004 2801 1042 2837 δε
1053 2804 1223 2851 corporis
1238 2804 1372 2840 trac‘tus
1383 2806 1624 2854 appellamus,
1637 2820 1676 2845 ut
1688 2811 1727 2846 δε
1767 2835 1770 2837 Α

132 2856 169 2893 in
182 2856 336 2894 Pistum.
351 2856 528 2894 Horatius
541 2882 548 2896 ,
562 2855 676 2907 Qtlla
686 2852 756 2892 dies
768 2852 863 2893 abeat
874 2856 960 2908 quin
971 2853 1065 2893 linea
1075 2854 1179 2895 dnc‘t'a
1188 2854 1351 2911 fitpetfit,
1361 2861 1468 2910 quod
1480 2864 1726 2912 proverbium

1049 2924 1061 2948 z
1094 2925 1114 2947 2
1676 2931 1719 2955 cx
