2023 3162
444 122 513 149 ni:
561 108 1073 149 ARCHITECTVRA
1129 106 1243 148 L1B.
1275 110 1378 150 VII.
1642 126 1710 162 133

122 177 411 227 cumdiligenter
421 175 500 214 sunt
510 175 647 213 induiti
658 204 667 220 ‚
686 174 774 210 ideo
785 185 865 211 non
877 176 1071 212 remittunt
1082 204 1091 219 ,
1117 173 1177 212 sed
1198 174 1283 213 sunt
1299 185 1484 228 perpetuo
1494 189 1717 228 permanen-

119 247 172 274 tes
184 265 194 280 ,
205 234 311 286 quod
322 234 404 271 calx
414 262 423 277 ‚
434 235 471 271 in
483 232 699 269 fornacibus
709 231 871 267 excocto
888 233 1033 280 liquore
1047 257 1055 271 ,
1072 233 1109 268 δε
1120 229 1213 269 facta
1225 234 1433 271 raritatibus
1450 235 1604 272 evanida
1622 239 1714 284 jeju-

117 294 233 329 nitate
245 320 256 337 ‚
277 290 410 328 coacta
422 289 573 338 corripit
583 290 618 325 in
632 286 666 323 se
684 299 764 335 quae
774 298 829 323 res
839 286 937 324 forte
949 299 1031 324 eam
1045 288 1307 338 contigerunt:
1330 291 1646 340 mixtionibusque
1668 305 1713 332 ex

118 349 195 386 aliis
214 345 454 398 potestatibus
473 345 617 382 collatis
634 342 830 380 seminibus
849 341 907 380 seu
928 345 1131 396 principiis,
1144 355 1216 381 una
1235 343 1486 384 solidescendo
1506 347 1544 384 in
1561 348 1713 397 quibus-

118 416 269 453 cunque
279 402 456 440 membris
467 400 515 438 est
525 399 685 437 formata
697 428 706 444 ‚
726 411 816 436 cum
835 397 876 435 fit
894 400 1013 445 arida,
1033 399 1230 450 redigitur,
1249 404 1303 438 uti
1320 401 1370 440 sui
1381 404 1524 452 generis
1543 406 1711 454 proprias

117 460 287 498 videatur
304 458 439 495 habere
452 457 663 506 qualitates.
693 457 823 504 ltaque
838 455 990 492 restoria
1003 484 1013 501 ‚
1031 468 1111 506 quse
1129 457 1227 494 redte
1238 456 1320 495 sunt
1331 457 1443 498 faeta,
1465 470 1587 508 neque
1606 470 1713 498 γεω.

117 516 267 554 statibus
278 514 371 551 fiunt
383 513 529 549 horrida
543 541 551 555 ‚
568 523 690 561 neque
701 523 787 548 cum
801 522 1040 560 extergentur
1050 541 1059 557 ‚
1071 514 1267 550 remittunt
1279 514 1428 552 colores
1440 544 1450 560 ‚
1468 514 1534 552 nisi
1544 515 1567 552 si
1578 528 1710 565 patum

118 573 320 621 diligenter,
336 571 419 606 &in
430 569 534 605 arido
547 567 682 604 fuerint
692 567 844 604 inducti.
876 567 979 603 Cum
999 580 1091 617 ergo
1110 569 1159 606 ita
1177 570 1213 605 in
1234 571 1431 618 parietibus
1451 571 1605 609 tectoria
1619 572 1712 611 facta

119 628 271 665 fuerint,
304 626 316 672 (
331 627 382 662 uti
394 622 679 674 suprascriptum
693 622 763 672 est)
777 625 813 660 ὃς
824 621 1054 667 firmitatem,
1065 626 1101 661 <Se
1114 623 1346 674 splendorem
1359 656 1368 671 ‚
1384 629 1420 664 ὅ(
1433 627 1478 664 ad
1495 627 1713 667 vetustatem

117 692 395 734 permanentem
415 681 594 718 virtutem
614 688 790 729 poterunt
810 678 957 715 habere.
991 679 1096 716 Cum
1110 691 1200 717 vero
1222 693 1338 718 unum
1357 684 1506 720 corium
1519 695 1635 721 arente
1648 710 1656 723 ‚
1672 684 1711 722 &

116 751 235 777 uuum
247 738 380 775 minuti
390 736 586 772 marmoris
597 736 665 772 erit
675 733 881 778 industum,
892 735 1052 771 tenuitas
1062 736 1136 778 ejus
1149 737 1269 772 minus
1279 737 1438 774 valendo
1448 738 1603 777 faciliter
1613 752 1712 777 rum-

116 797 214 847 pitur
226 824 236 839 ,
254 805 323 830 nec
340 792 569 843 splendorem
583 790 828 841 politionibus
844 819 853 834 ‚
873 791 1331 840 propterimbecillitatem
1342 792 1609 835 crassitudinis,
1627 807 1712 847 pro-

117 853 240 903 prium
249 848 442 887 obtinebit.
479 847 820 899 Quemadmodum
835 848 934 883 enim
944 847 1133 897 speculum
1151 858 1369 896 argenteum
1383 851 1485 887 tenui
1497 850 1637 888 lamella
1649 852 1712 890 du-

119 909 220 945 stum
233 936 242 951 ‚
265 900 426 942 incertos
437 905 472 940 ὅ(
484 903 557 940 fine
566 904 704 940 viribus
716 902 826 939 habet
835 901 1059 940 remissiores
1072 901 1281 952 splendores
1295 918 1302 941 :
1317 905 1422 953 quod
1432 915 1556 942 autem
1569 904 1588 943 ὲ
1600 907 1713 946 solida

116 972 362 1012 temperatura
373 960 481 997 fuerit
493 958 631 996 fadrum
645 985 652 997 ‚
677 960 858 1010 recipiens
870 960 907 995 in
926 958 960 996 se
972 958 1087 996 firmis
1099 958 1238 996 viribus
1260 961 1488 1011 politionem
1501 991 1510 1006 ,
1531 961 1714 1012 fulgentes

116 1021 155 1056 in
168 1018 323 1070 aspectu,
336 1014 524 1065 certasque
535 1013 852 1056 considerantibus
864 1016 1044 1064 imagines
1054 1014 1192 1053 reddit:
1206 1016 1268 1052 Sic
1278 1017 1445 1055 testona,
1462 1030 1541 1066 quae
1555 1029 1598 1054 ex
1611 1020 1714 1056 tenui

117 1074 195 1111 sunt
204 1074 307 1111 duna
319 1074 482 1115 materia,
495 1084 576 1108 non
590 1071 712 1109 modo
723 1070 816 1108 fiunt
827 1071 972 1115 rimosa,
983 1070 1043 1109 sed
1055 1072 1169 1108 etiam
1182 1072 1351 1110 celeriter
1362 1072 1595 1111 evanescunt.
1618 1077 1712 1129 Q‘e

116 1142 240 1168 autem
253 1128 405 1166 fundata
424 1130 644 1165 arenationis
662 1129 699 1164 ὃ(
722 1128 917 1164 marmoris
936 1128 1121 1165 soliditate
1140 1125 1222 1165 sunt
1234 1128 1468 1167 crassitudine
1488 1127 1601 1180 spissa,
1622 1142 1712 1168 cum

115 1186 447 1236 suntpolitionibus
460 1185 596 1221 crebris
608 1183 770 1221 subacta,
791 1195 871 1220 non
885 1183 1004 1220 modo
1015 1183 1109 1221 fiunt
1128 1185 1300 1224 nitentia,
1321 1183 1380 1222 sed
1399 1187 1511 1222 etiam
1530 1186 1710 1236 imagines

117 1240 290 1293 express'as
304 1240 560 1291 aspicientibus
573 1252 615 1277 ex
628 1251 675 1276 eo
687 1250 802 1289 opere
812 1240 1018 1277 remittunt.
1037 1242 1105 1286 [x]
1121 1239 1345 1279 Graecorum
1356 1253 1449 1280 vero
1461 1241 1620 1279 reflores
1632 1254 1714 1279 non

109 1297 238 1347 *solum
249 1297 302 1334 his
313 1297 514 1334 rationibus
527 1296 671 1334 utendo
683 1295 823 1332 faciunt
835 1307 948 1345 opera
962 1295 1144 1341 firma‚sed
1156 1298 1270 1334 etiam
1285 1293 1336 1348 [y]
1349 1298 1532 1335 mortario
1544 1298 1712 1336 colloca-

115 1363 173 1393 to,
190 1355 290 1390 calce
303 1353 338 1389 &
349 1365 454 1389 arena
464 1352 514 1389 ibi
525 1352 694 1395 confusa,
714 1351 861 1389 decuria
873 1351 1076 1390 hominum
1086 1352 1236 1390 induC‘ca
1246 1353 1377 1403 ligneis
1393 1353 1557 1391 veetibus
1570 1353 1711 1404 pinsant

114 1410 363 1447 materiam&
375 1409 423 1446 ita
434 1408 479 1445 ad
492 1418 679 1445 certarnen
692 1407 835 1445 subatra
846 1419 936 1445 tunc
946 1408 1395 1458 utuntut.1taq;veteribus
1408 1409 1605 1462 parictibus
1615 1421 1712 1446 non-

115 1466 208 1503 nulli
221 1467 286 1510 [a]
300 1463 434 1501 crustas
452 1465 665 1501 excidentes
675 1476 743 1514 pro
756 1463 879 1501 abacis
900 1475 1075 1502 utuntur:
1096 1465 1243 1517 ipsaque
1266 1465 1423 1503 tectoria
1445 1467 1650 1504 abacorum
1671 1467 1711 1503 &

116 1523 201 1567 [aa]
214 1521 449 1571 speculorum
459 1520 694 1558 divisionibus
707 1522 804 1557 circa
816 1519 848 1557 se
871 1522 1125 1572 prominentes
1146 1520 1282 1559 habent
1295 1521 1556 1571 expressiones.
1571 1521 1635 1558 Sin
1647 1532 1712 1558 au-

115 1588 191 1614 tem
204 1578 238 1613 in
260 1573 338 1621 [bb]
352 1577 503 1613 cratitiis
513 1577 668 1615 testoria
689 1586 794 1613 erunt
806 1576 985 1614 facienda.
999 1577 1133 1626 quibus
1143 1576 1284 1614 necesse
1304 1577 1354 1614 est
1373 1579 1483 1616 etiam
1501 1579 1538 1613 in
1557 1577 1710 1614 :ii-recra-

112 1634 172 1670 riis
184 1659 192 1674 ,
206 1635 243 1671 δε
256 1632 512 1670 transversariis
529 1636 640 1671 rimas
652 1631 748 1673 fieri,
770 1631 879 1679 (ideo
891 1632 999 1684 quod
1010 1635 1092 1671 luto
1105 1645 1192 1670 cum
1204 1633 1394 1680 liniuntur,
1406 1633 1604 1671 necessario
1623 1633 1714 1670 reci-

1027 1691 1067 1726 R
1101 1699 1116 1729 3
1604 1690 1711 1739 piunr

110 1792 141 1825 κ]
173 1790 320 1818 Philander.
343 1793 394 1819 Pro
406 1793 435 1819 iis
447 1793 490 1831 qui
500 1794 610 1831 parietes
621 1792 760 1826 inducunt,
770 1793 837 1820 dixit
849 1794 965 1821 tefiores
977 1813 983 1823 ‚
1004 1792 1044 1822 uti
1053 1789 1120 1820 infra
1137 1801 1194 1830 cap.
1206 1801 1244 1819 ix.
1263 1795 1288 1820 &
1300 1793 1384 1819 Varro
1393 1790 1426 1818 de
1438 1800 1465 1818 re
1476 1789 1584 1818 Rusti'ca
1602 1786 1649 1816 lib.
1659 1796 1711 1815 111.

155 1841 215 1868 cap.
226 1841 259 1858 ii.
285 1835 372 1869 Qam
383 1843 462 1871 neque
472 1837 548 1870 puter
562 1854 568 1864 ‚
587 1843 665 1872 neque
678 1835 755 1860 tec‘ior
765 1833 833 1860 vidit
844 1843 978 1872 umquam.

112 1873 139 1907 y]
179 1872 264 1899 idern.
286 1874 449 1900 Mortarium
460 1875 527 1900 dixit
540 1884 587 1911 pro
599 1874 672 1905 loct),
699 1873 743 1901 ubi
752 1874 887 1901 adnitente
897 1875 1021 1901 certatim
1033 1873 1174 1901 hominum
1187 1871 1359 1900 multitudine
1369 1871 1478 1899 materia
1488 1870 1629 1908 pinsitur&
1640 1868 1711 1896 subi-

153 1913 234 1952 gitur.
255 1913 293 1940 uti
314 1922 375 1940 ante
387 1923 435 1951 pro
446 1915 651 1952 conceptaculo,
667 1914 717 1942 live
728 1913 862 1942 lacusculo
873 1917 896 1942 &
907 1914 983 1942 alveo
995 1935 1002 1944 .
1021 1924 1082 1942 cum
1093 1915 1129 1941 ait
1144 1913 1306 1950 :fi’dpurum
1319 1912 1422 1948 ferrum
1438 1911 1580 1939 &mortario
1595 1909 1713 1938 libretur.

154 1953 261 1981 Etiamsi
273 1953 309 1981 ibi
327 1964 375 1991 pro
394 1952 498 1983 subisti
510 1963 619 1982 materia
637 1955 719 1982 videri
741 1951 820 1990 poffit
834 1955 945 1983 dictum.
967 1956 1032 1982 Hoc
1044 1963 1134 1982 autem
1146 1954 1181 1981 fic
1203 1948 1325 1991 expreliit
1345 1952 1411 1979 Plin.
1422 1951 1468 1980 lib.
1480 1962 1574 1980 xxxvi.
1594 1960 1651 1990 cap.
1662 1960 1705 1984 23.

154 1998 185 2021 In
197 1997 290 2022 Gracia
299 1997 406 2022 teabriu
415 1998 494 2022 etiam
502 1995 658 2022 harenatum
667 1995 735 2033 qvod
743 1995 871 2022 indm‘iure'
876 1995 939 2031 fiant
950 2015 957 2026 ,
976 1998 1046 2032 prim
1057 1998 1083 2022 in
1091 1995 1214 2022 mortario
1224 1994 1309 2030 ligne&
1319 1992 1434 2020 vestibus
1449 1992 1579 2030 ficbigunt.

113 2035 145 2069 z]
175 2033 258 2062 Idem.
281 2037 306 2062 Si
318 2045 365 2073 pro
377 2038 586 2064 Geometrarum
596 2057 602 2067 ,
623 2035 921 2073 Arithmeticomrnque
930 2035 1053 2064 mensulis
1065 2035 1161 2063 abacos
1173 2034 1324 2074 intelligere
1332 2034 1418 2071 placet
1429 2054 1435 2063 ,
1454 2032 1539 2061 sensus
1550 2033 1599 2061 erit
1611 2031 1707 2060 horum

155 2075 313 2102 verborum:
325 2077 517 2105 Testotiorum
528 2085 600 2104 tanta
611 2074 661 2104 fuit
669 2077 736 2114 apud
746 2085 848 2104 veteres
859 2073 1002 2105 crassitudo
1010 2097 1016 2107 .
1028 2085 1057 2104 ut
1068 2076 1169 2104 exectis
1180 2078 1334 2103 Geometrae
1344 2078 1369 2102 δε
1381 2075 1496 2113 Logistae
1506 2075 1533 2101 in
1542 2073 1710 2111 supputatio-

155 2114 231 2143 nibus
242 2114 289 2143 suis
301 2126 348 2154 pro
360 2115 480 2144 mensulis
489 2121 512 2145 δε
524 2117 618 2145 tabulis
630 2115 827 2145 deformatoriis
837 2126 983 2145 uterentur.
1005 2119 1090 2144 Porro
1099 2125 1190 2145 autem
1200 2116 1263 2143 illud
1274 2115 1472 2142 admonendum
1481 2122 1548 2152 puto
1560 2135 1566 2145 ‚
1586 2112 1643 2140 usos
1653 2108 1706 2139 effe

155 2156 278 2194 antiquos
290 2157 321 2184 ad
340 2158 469 2194 parietum
479 2159 592 2186 testoria
602 2178 608 2189 ‚
629 2167 723 2196 praeter
742 2158 872 2185 albariam
891 2168 956 2194 opus
973 2166 1052 2196 atque
1072 2165 1262 2185 marmoratum
1275 2177 1281 2187 ,
1301 2154 1377 2183 Γείὶίς
1397 2155 1422 2181 in
1435 2154 1573 2191 quadrata,
1595 2152 1706 2184 tabulas,

155 2195 306 2235 sexangula.
317 2199 454 2235 triquetra.
464 2198 650 2229 marmoribus,
660 2197 984 2236 alabastrite‚porphyrite,
995 2198 1096 2237 ophite,
1107 2197 1237 2236 jaspide&
1247 2196 1272 2223 id
1281 2205 1365 2234 genus
1378 2194 1516 2232 lapidibus,
1533 2202 1612 2232 atque
1625 2194 1705 2221 vitro.

156 2237 318 2265 Haeadastae
333 2238 505 2266 crustationes
518 2238 733 2271 nominabantur,
753 2238 804 2266 illae
820 2248 884 2266 vero
894 2238 1016 2267 indqu’.
1039 2241 1095 2266 Nec
1115 2246 1220 2264 tantum
1232 2238 1284 2263 toti
1304 2235 1415 2273 parietes
1433 2244 1488 2262 uno
1497 2234 1587 2273 aliquo
1606 2243 1706 2273 genere

156 2279 295 2305 marmoris
307 2278 501 2316 operiebantur,
513 2289 604 2306 verum
614 2283 638 2307 δε
651 2278 775 2306 interraso
786 2288 919 2307 marmore
928 2300 935 2310 ‚
953 2277 1184 2315 vermiculatisque
1195 2277 1226 2304 ad
1236 2273 1338 2315 effigies
1347 2285 1434 2303 rerum
1444 2279 1468 2304 &
1480 2275 1634 2303 animalium
1645 2284 1708 2302 cru-

156 2319 209 2345 stis.
230 2319 358 2358 Lapidem
370 2329 475 2356 quoque
485 2320 626 2358 pinxerunt
640 2331 646 2351 ς
663 2319 735 2357 quod
748 2318 851 2346 Claudii
863 2319 1009 2357 principatu
1022 2320 1178 2346 inventurn:
1197 2318 1312 2346 Neronis
1324 2326 1387 2344 vero
1398 2337 1404 2348 ,
1428 2316 1543 2344 maculas
1554 2337 1561 2349 ,
1581 2325 1640 2354 qux
1651 2325 1707 2342 non

155 2355 239 2387 effe-nt
251 2381 257 2391 ‚
279 2361 305 2397 iii
317 2361 406 2388 crustis
418 2360 556 2388 inserendo
567 2361 698 2388 unitatem
708 2359 815 2390 variare,
828 2369 856 2387 ut
868 2359 936 2387 Pliu.
946 2357 1026 2387 refert
1038 2359 1084 2386 lib.
1095 2369 1176 2386 xxxv.
1187 2367 1244 2396 cap.
1257 2368 1276 2384 1.
1301 2359 1395 2395 Neque
1405 2355 1488 2384 defuit
1499 2357 1524 2384 in
1537 2356 1706 2384 incrustatio-

156 2400 233 2428 nibus
242 2399 431 2438 scalpturarum
440 2411 523 2440 genus
534 2421 540 2432 .
556 2401 581 2429 id
593 2401 637 2430 est,
651 2400 750 2439 scalpro
765 2400 891 2428 malleolo
901 2401 992 2428 adacta
1001 2400 1033 2427 ad
1053 2397 1173 2438 effigiem
1186 2408 1273 2431 rerum
1285 2401 1308 2425 3:
1320 2398 1473 2426 animalium
1485 2397 1612 2426 excisum.
1635 2398 1707 2424 Nam

155 2444 180 2468 &-
195 2441 377 2478 pavimentum
388 2439 657 2480 scalpturatumfuiss'e
666 2442 798 2470 Romaein
811 2440 865 2468 aede
875 2441 946 2468 Iovis
955 2441 1103 2479 Capitolini
1114 2439 1184 2468 idem
1196 2440 1262 2467 Plin.
1271 2439 1317 2466 lib.
1329 2448 1424 2466 xxxvi.
1438 2449 1496 2476 cap.
1510 2447 1551 2473 25.
1564 2444 1707 2465 memorat.

155 2482 329 2510 lautitiarum
346 2492 409 2510 vero
418 2483 473 2510 aliae
484 2482 541 2510 sunt
551 2492 621 2521 purte
632 2504 638 2513 ,
655 2482 711 2510 alite
724 2482 800 2520 piflae
811 2502 818 2513 ,
838 2490 882 2509 aut
894 2481 1000 2512 caelatae‚
1011 2481 1036 2509 id
1048 2482 1083 2509 est
1094 2481 1236 2520 insigniter,
1249 2480 1300 2508 five
1309 2479 1412 2518 asperat.
1431 2482 1490 2508 Nos
1500 2500 1507 2511 ‚
1522 2478 1567 2506 nili
1577 2477 1707 2514 decipior,

156 2522 364 2562 anaglyphicum
374 2533 439 2561 opus
447 2523 534 2551 dicere
543 2519 678 2562 possumus
689 2544 695 2555 ‚
717 2532 779 2550 cum
790 2522 891 2550 extabit
901 2544 907 2554 ,
927 2523 992 2551 ficut
1003 2521 1205 2562 diaglyphicum
1214 2543 1221 2553 ,
1245 2521 1350 2559 quando
1360 2519 1487 2547 introrsus
1504 2518 1550 2547 fiet
1561 2514 1707 2556 impreffm.

158 2566 230 2602 Qae
241 2573 398 2603 pinguntur,
409 2572 453 2592 aut
466 2565 492 2592 in
505 2564 574 2592 (icco
583 2563 667 2595 fiunt,
687 2564 768 2591 autin
784 2563 854 2591 udo:
874 2563 930 2592 udis
941 2563 1044 2591 nativus
1056 2563 1133 2591 color
1143 2563 1271 2592 convenit
1283 2583 1289 2592 .
1306 2562 1380 2589 ficcis
1394 2559 1523 2588 fasiicius.
1546 2561 1655 2587 Novum
1667 2558 1709 2584 in-

154 2613 267 2632 ventum
278 2606 311 2632 est
325 2606 448 2643 pretori&
458 2605 553 2633 crustas
567 2605 673 2632 veruice
684 2604 833 2632 illuminare
845 2625 851 2635 ‚
867 2604 900 2632 de
909 2614 965 2643 quo
975 2604 1021 2632 lib.
1033 2614 1085 2631 vii.
1109 2602 1314 2631 Admiscuerunt
1335 2599 1567 2629 incrustationibus
1579 2597 1705 2630 conchas,

154 2642 322 2683 potissimum
333 2643 451 2673 fontium
468 2643 624 2674 fornicibus.
648 2645 733 2683 Qod
745 2655 828 2684 genus
839 2645 943 2673 videtur
952 2646 979 2672 in
992 2645 1053 2672 villa
1069 2644 1209 2672 Ciceronis
1218 2643 1249 2670 ad
1261 2643 1379 2670 Formias
1402 2641 1553 2679 Campaniae
1570 2639 1712 2684 oppidum,-

155 2685 315 2724 x'nterspariis
327 2686 448 2725 purpuris
459 2708 465 2718 ‚
484 2687 655 2725 peloridibus,
665 2685 818 2724 caeterisque
829 2686 938 2715 conchis
950 2699 956 2718 3
968 2689 992 2714 δε
1003 2688 1101 2714 Roma:
1109 2685 1211 2723 aliquot
1220 2684 1296 2711 locis.
1322 2684 1350 2711 Id
1359 2683 1430 2721 quod
1441 2681 1602 2710 recentiores
1612 2682 1712 2708 imitati

156 2724 215 2754 sunt
228 2725 441 2755 noninfeliciter.
461 2730 501 2756 De
511 2728 608 2755 Abacis
619 2726 726 2754 consule
740 2727 867 2754 Lexicon.

120 2766 166 2800 aa]
188 2767 269 2795 Idem.
288 2770 386 2807 Neque
396 2769 468 2796 enim
479 2769 530 2796 ulla
541 2768 644 2807 specula
654 2767 765 2795 reddunt
777 2768 905 2796 certiores
915 2768 1045 2807 imagines
1057 2789 1063 2799 ‚
1086 2776 1165 2805 quam
1176 2764 1324 2800 hujusmodi
1334 2764 1453 2803 expolita
1463 2763 1577 2793 tectoria
1589 2783 1596 2795 ,
1616 2770 1660 2790 aut
1670 2761 1711 2788 le-

161 2807 256 2846 vigata:
268 2818 423 2837 marmoreae
435 2810 535 2837 crusta:-
559 2809 601 2837 Ad
612 2818 692 2847 quam
704 2818 759 2836 rem
769 2808 884 2836 vidimus
894 2809 1012 2837 Veneriis
1023 2812 1047 2836 δε
1059 2811 1156 2837 Romae
1167 2806 1277 2835 sinirillo
1287 2809 1312 2834 δε
1324 2805 1436 2845 tripolea
1446 2805 1485 2833 uti
1495 2826 1502 2838 ,
1525 2805 1591 2833 ficut
1602 2813 1650 2831 nos
1659 2803 1710 2830 do-

163 2856 251 2877 cemus
263 2849 308 2878 lib.
318 2850 350 2878 de
363 2851 499 2889 polituris.

124 2884 168 2921 bb]
196 2888 278 2918 Idem.
299 2892 409 2919 Craticii
421 2892 532 2931 parietes
544 2890 611 2919 fiunt
622 2900 653 2917 ex
663 2890 769 2919 direc‘iis
780 2893 804 2918 &
817 2890 965 2918 transversis
979 2890 1058 2930 lignis
1067 2912 1073 2922 ‚
1090 2898 1134 2918 aut
1146 2888 1236 2917 cannis
1246 2887 1334 2926 potius
1346 2887 1454 2915 intextis
1465 2887 1492 2914 in
1501 2887 1581 2915 cratis
1589 2884 1711 2916 modum,

165 2936 194 2955 ut
205 2928 248 2957 lib.
260 2940 295 2958 11.
307 2942 364 2970 cap.
376 2937 400 2960 8.
423 2936 445 2960 A
457 2933 601 2971 Papiniano
612 2931 656 2959 lib.
669 2940 741 2959 xvii.
752 2931 875 2959 Pandest.
884 2941 932 2969 pro
943 2931 1029 2963 socio,
1041 2942 1073 2959 ex
1086 2930 1159 2958 Mela
1169 2929 1269 2957 dicitur
1280 2929 1362 2967 paries
1373 2928 1563 2960 concraticius‚
1575 2926 1600 2954 id
1610 2927 1644 2953 est
1657 2935 1715 2968 cra-

165 2967 243 2997 ticius
254 2971 320 2999 inter
335 2973 401 3001 duos
420 2974 573 3002 communis
587 2994 592 3004 ,
610 2973 662 3000 live
674 2973 718 3010 qui
731 2973 799 3000 inter
818 2972 885 3000 duos
905 2971 1023 3001 confines
1043 2973 1148 3001 struitur
1161 2974 1185 3000 δέ
1198 2970 1267 3009 quali
1285 2970 1467 3010 intergeritur.
1489 2969 1564 2999 Vnde
1574 2969 1719 3005 intergeri-

163 3018 228 3037 num
238 3012 368 3050 appellant
380 3013 446 3043 Plin.
459 3015 504 3043 lib.
514 3025 595 3044 xxxv.
608 3023 665 3053 cap.
676 3023 720 3042 xv.
733 3016 757 3042 &
770 3015 829 3042 Sex.
845 3013 997 3052 Pompeius.
1606 3047 1643 3081 a]
1653 3043 1728 3074 Idem
