2023 3162
270 95 347 137 156
768 84 1087 122 ScAMtLLJ
1136 81 1400 121 IMPARES

266 156 427 206 diceres)
440 155 571 200 erexit,
583 152 695 203 idque
706 151 796 190 teste
808 150 962 189 Andrea
974 150 1141 188 Palladio
1155 175 1162 189 ,
1179 162 1227 188 ne
1240 150 1440 188 statuarum
1451 150 1535 188 imae
1546 160 1682 201 partes,
1696 165 1776 204 quae
1790 155 1875 208 ipsis

269 214 383 253 essent
394 211 593 264 impositae,
604 220 835 247 coronarum
848 208 1064 259 proiecturis
1075 233 1084 245 ,
1107 217 1156 243 oc
1163 207 1232 244 ulis
1246 206 1465 256 furarentur:
1502 208 1598 244 Non
1609 210 1675 246 etit
1687 222 1813 250 autem
1826 216 1873 252 ab

269 270 611 309 institutoalienum
623 267 704 313 ejus
714 265 767 302 rei
777 265 1007 314 diagramma
1018 275 1062 301 ex
1073 262 1232 314 ipsomet
1244 263 1408 300 Palladio
1422 261 1662 312 desumptum
1674 267 1726 303 ob
1736 271 1871 308 oculos

268 339 426 380 ponere.
457 320 575 375 Qod
582 331 701 358 tamen
713 318 767 358 hic
777 322 971 358 omittimus
985 347 993 361 ,
1015 320 1100 373 qula
1117 317 1212 372 apud
1218 316 1331 371 ipficm
1342 316 1538 355 Palladium
1550 317 1672 357 videre
1680 319 1769 360 licet.

327 383 426 421 Illud
442 383 556 419 etiam
574 376 884 417 adscamillorum
899 375 1239 416 considerationem
1252 375 1437 426 imprimis
1457 375 1631 426 pertinet,
1653 379 1757 424 quod
1767 380 1795 417 is
1807 383 1873 431 qui

1129 432 1339 476 Pantheon,
1354 431 1585 481 templorum
1597 434 1772 471 omnium
1787 439 1871 486 pul-

1123 487 1354 525 cherrimum
1372 489 1410 524 ὃ(
1427 484 1728 533 vetustiffimum‚
1756 489 1871 530 afim-

1121 543 1306 582 damentis
1320 544 1434 580 erexit
1444 571 1454 586 ‚
1473 542 1699 589 adieetiones
1712 545 1873 591 hujusce-

1123 599 1232 637 modi
1253 599 1520 650 praetereundas
1533 611 1614 636 non
1632 604 1794 650 putavit:
1809 606 1871 642 tri-

1124 657 1192 693 bus
1207 657 1307 694 enim
1328 656 1483 694 coronis
1495 664 1622 693 totum
1633 656 1778 695 aedificii
1795 672 1873 697 am-

714 712 741 758 ⁸⁶
1122 711 1245 749 bitum
1259 712 1659 761 circumcingentibus,
1674 725 1722 750 ne
1734 715 1873 762 <oculo

735 760 760 800 ἰ
1122 778 1272 806 tantum
1293 767 1313 804 ὲ
1334 768 1466 818 templi
1476 766 1726 806 fundamentis
1747 782 1874 808 remo-

757 805 790 866 ’κ
1124 835 1190 870 to,
1213 826 1478 874 quantatotius
1501 822 1874 864 aedificiieffetaltitu-

788 869 820 929 ’χ
1125 881 1177 918 do
1200 881 1213 927 )
1243 892 1373 918 earum
1392 879 1611 930 projecturae
1633 881 1872 932 adpaC'tarum

819 933 840 967 ⁸·
1125 937 1390 973 columnarum
1401 933 1771 977 basesabsorberent,
1797 938 1872 976 sca-

280 991 666 1025 W*-
719 985 760 1037 Χ
838 974 867 1027 ⁸⁸.
1124 992 1251 1028 millos
1271 1001 1364 1030 tres,
1394 991 1527 1040 quibus
1546 990 1645 1029 bases
1664 994 1744 1042 ipsae
1764 993 1873 1032 fulci-

281 1033 327 1040 ”“““““
340 1033 571 1089 -Ξῃῃ-
610 1080 621 1086 ἢ
760 1042 779 1067 Ν
866 1032 902 1103 ⁸³3
1123 1057 1250 1084 rentur
1262 1072 1270 1086 ‚
1285 1046 1431 1091 adjecit,
1443 1058 1609 1094 quorum
1621 1048 1753 1086 officio
1766 1049 1812 1086 ab
1823 1062 1872 1088 eo

1123 1114 1239 1151 quem
1257 1102 1415 1139 diximus
1435 1101 1529 1139 loco
1549 1102 1702 1153 integrae
1723 1107 1872 1144 colum-

1123 1170 1256 1196 narum
1266 1157 1365 1196 bases
1375 1156 1734 1208 spestarenturzTres
1745 1163 1870 1210 igitur,

897 1241 912 1259 x
948 1208 971 1252 ’κ
1124 1224 1168 1252 ut
1179 1213 1566 1258 diximuS,Scamillos
1577 1215 1873 1254 circumcurren-

971 1258 980 1270 “
1123 1279 1180 1307 tes
1200 1268 1397 1320 disposuit,
1419 1267 1560 1318 hosque
1580 1268 1762 1320 impares:
1791 1273 1872 1311 infi-

1123 1337 1233 1363 mum
1262 1326 1361 1362 enim
1378 1325 1444 1374 qui
1468 1324 1508 1362 A
1530 1326 1633 1361 litera
1652 1326 1692 1362 in
1711 1325 1874 1375 subjecta

810 1382 891 1429 x,-
998 1371 1051 1425 χχ,
1124 1381 1255 1432 templi
1276 1379 1544 1431 orthographia
1562 1390 1718 1419 notatur
1732 1384 1774 1422 ὃς
1791 1386 1873 1422 reli-

893 1428 1035 1487 ““““““
1123 1439 1206 1487 quis
1216 1437 1456 1475 humiliorem
1469 1461 1476 1475 ‚
1491 1435 1698 1474 secundum
1709 1438 1738 1475 B
1747 1441 1872 1489 primo

1038 1490 1103 1538 κζκχ
1122 1494 1277 1544 quidem
1297 1493 1495 1531 elatiorem
1514 1522 1526 1538 ‚
1551 1494 1703 1531 tertium
1722 1506 1815 1533 vero
1834 1497 1871 1535 C

1121 1551 1273 1600 reliquis
1283 1550 1397 1599 longe
1408 1547 1663 1586 sublimiorem
1674 1578 1686 1594 ,
1705 1562 1872 1600 quorum

1121 1615 1203 1645 tota
1214 1608 1412 1645 ratio‚tum
1425 1604 1472 1642 ab
1483 1604 1592 1642 radiis
1604 1607 1740 1656 opticis
1751 1606 1789 1644 δε
1803 1619 1873 1646 co-

1120 1674 1300 1701 ronarum
1321 1661 1539 1713 projeci-uris
1551 1686 1560 1701 ‚
1582 1670 1663 1698 tum
1673 1661 1775 1700 abiis
1785 1676 1871 1713 quae

1120 1719 1168 1757 de
1178 1719 1431 1756 scamillorum
1453 1716 1726 1764 adjectionibus
1746 1719 1872 1760 Vitru-

928 1779 1077 1831 ,ζ-
1120 1776 1200 1814 vius
1213 1775 1366 1813 docuit,
1381 1772 1572 1812 manifeste
1583 1772 1782 1823 dependet.

277 1853 360 1857 ᾖ
450 1837 460 1848 ““
623 1854 668 1858 -
928 1842 964 1861 ·--
1175 1831 1330 1870 Addam
1349 1830 1387 1868 δε
1405 1828 1508 1868 aliud
1518 1827 1749 1869 vetustissimi
1767 1838 1866 1868 tem-

264 1881 335 1932 pli,
352 1884 458 1940 quod
468 1883 590 1924 adhuc
608 1886 744 1925 Tiburi
760 1887 909 1935 visitur,
929 1887 1155 1941 exemplum.
1186 1888 1282 1927 Duo
1293 1886 1354 1925 hic
1369 1895 1502 1938 praeter
1521 1894 1674 1928 caetera,
1696 1885 1801 1933 quod
1820 1884 1868 1923 ad

1465 1952 1548 1978 rem
1579 1938 1747 1977 nostram
1779 1943 1865 1979 atti-
1918 1951 1922 1954 ·

1465 2004 1530 2032 net
1548 2020 1556 2033 ,
1590 2003 1726 2032 notatu
1753 1995 1866 2045 digna

1467 2048 1765 2100 conspiciuntur:
1780 2054 1867 2091 Sca-

1465 2106 1593 2143 millus
1609 2104 1631 2140 s
1627 2106 1866 2155 uggestumve

1466 2159 1517 2197 A.
1533 2160 1574 2196 B.
1598 2162 1705 2209 quod
1727 2165 1866 2213 opticae

1464 2216 1570 2254 lineae
1582 2216 1628 2253 C.
1641 2216 1688 2255 A.
1702 2218 1864 2265 camin&

1463 2272 1682 2321 projectutae
1694 2274 1734 2310 Β.
1748 2275 1798 2315 C,
1816 2275 1864 2313 ab

1465 2328 1541 2377 ipsa
1560 2329 1719 2376 planicie
1745 2330 1787 2366 B.
1810 2331 1858 2368 C.

1466 2382 1658 2434 consurgit
1676 2413 1683 2421 .
1723 2387 1862 2436 pertin-

1465 2440 1518 2488 git
1537 2448 1665 2477 autem
1687 2441 1734 2479 C.
1747 2440 1794 2479 A.
1805 2454 1862 2480 ra-

1218 2491 1292 2549 ⁵³⁸„
1465 2494 1546 2531 dius
1567 2494 1682 2545 usque
1700 2497 1747 2534 ad
1771 2509 1861 2535 eum

295 2527 385 2564 H·
1296 2552 1358 2598 ’χ
1462 2550 1596 2588 locum
1615 2551 1679 2589 ubi
1697 2553 1792 2591 illius
1812 2551 1856 2589 fi-

263 2602 314 2652 ᾖ·
1361 2599 1410 2637 *v
1463 2605 1566 2644 stitur
1592 2609 1730 2646 oculus
1747 2637 1758 2652 ‚
1790 2610 1857 2656 qui

1462 2671 1545 2699 tota
1573 2665 1702 2713 templi
1728 2663 1853 2700 latitu-

1464 2717 1552 2755 dine
1563 2718 1609 2755 ab
1626 2717 1698 2768 ipsa
1720 2721 1854 2770 templi

1463 2772 1536 2811 basi
1547 2774 1696 2810 recedit.
1727 2773 1855 2814 Praete-

1462 2827 1621 2866 reaillud
1638 2839 1792 2878 quoque
1807 2833 1854 2871 acl

1458 2881 1554 2920 hanc
1581 2893 1661 2920 rem
1679 2887 1852 2934 pertinet,

1461 2937 1558 2976 unde
1567 2949 1641 2987 qua
1649 2941 1793 2981 ratione
1802 2944 1854 2982 sa-

1700 3007 1850 3037 crarum
