2023 3162
319 90 394 125 104
730 72 786 112 M.
836 71 1155 113 V1Tnuvi1
1208 70 1558 110 PoLLloNrs

310 142 444 185 mundi
455 140 498 181 ad
510 151 612 181 terrte
631 138 1045 192 spatiuminclinationc
1067 135 1228 187 signiferi
1238 137 1393 182 circuli,
1407 135 1553 174 &Solis
1576 137 1692 184 cursu,
1718 138 1923 190 disparibus

312 200 549 251 qualitatibus
563 199 776 236 naturaliter
788 195 837 234 est
850 196 1048 233 collocata,
1067 194 1113 231 ad
1126 192 1293 230 eundem
1304 192 1463 229 modum
1475 194 1584 230 etiam
1597 194 1642 231 ad
1654 197 1851 244 regionum
1864 208 1924 233 ra-

314 260 440 295 tiones
453 285 462 301 ,
477 256 642 304 coelique
659 255 848 292 varietates
860 280 870 296 ,
889 250 1059 288 videntur
1077 248 1322 286 :edificiorum
1342 249 1478 286 debere
1501 247 1607 297 dirigi
1624 251 1918 290 collocationes.

314 315 393 351 Sub
408 313 656 362 septentrione
668 308 820 346 aedificia
830 306 1051 345 testudinata
1062 330 1068 343 ‚
1083 307 1120 342 ὃς
1131 306 1295 342 maxime
1307 304 1498 349 conclusa,
1519 305 1555 341 ὅ(
1570 316 1649 341 non
1661 310 1822 355 patentia
1835 335 1843 348 ,
1860 308 1922 346 sed

318 367 495 407 conversa
507 367 550 404 ad
563 365 697 403 calidas
709 374 839 414 partes,
849 371 1026 413 oportere
1036 359 1114 397 fieri
1123 361 1307 399 videntur.
1326 361 1475 398 Contra
1486 370 1611 398 autem
1625 359 1690 398 sub
1701 362 1842 412 impetu
1852 365 1923 401 So-

316 425 361 462 lis
375 455 385 469 ,
404 423 614 462 meridianis
626 419 859 469 regionibus,
873 418 978 467 quod
988 427 1210 467 premuntur
1223 415 1243 452 ὁ.
1256 417 1381 454 calore
1393 446 1403 461 ,
1427 417 1657 466 patentiora,
1671 418 1923 469 conversaque

317 481 364 518 ad
376 479 662 530 septentrionem
675 478 712 513 &
724 473 983 525 aquilonem,s
977 482 1042 510 unt
1053 471 1291 510 faciundazita
1301 472 1406 521 quod
1417 474 1515 510 ultro
1523 482 1651 509 natura
1660 472 1847 512 laedit,arre
1856 478 1923 514 erit

318 532 611 573 emendandum.
635 533 729 568 Item
749 532 896 580 reliquis
916 528 1130 579 regionibus
1147 528 1193 565 ad
1203 528 1365 565 eundem
1377 528 1537 566 modum
1549 530 1771 579 temperari,
1795 542 1923 578 quem-

316 591 527 633 admodum
541 589 687 625 coelum
704 586 753 624 est
765 586 810 623 ad
830 587 1116 624 inclinationem
1129 583 1258 622 mundi
1280 584 1530 622 collocatum.
1561 584 1651 622 Haec
1662 595 1789 622 autem
1802 597 1846 622 ex
1859 597 1923 623 na-

318 657 399 684 tura
411 657 533 682 rerum
545 643 625 681 sunt
636 642 964 681 animadvertenda
976 643 1013 679 &
1028 639 1295 678 consideranda
1307 669 1317 685 ,
1342 650 1454 690 atque
1467 641 1579 677 etiam
1593 652 1636 677 ex
1649 640 1826 678 membris
1840 653 1924 679 cor-

316 701 542 752 poribusque
562 701 730 750 gentium
750 697 986 736 observanda.
1019 697 1197 746 Namque
1219 695 1305 740 Sol,
1323 697 1455 745 quibus
1467 697 1562 733 locis
1582 696 1823 734 mediocriter
1839 709 1926 747 pro-

317 757 440 795 fundit
451 768 622 808 vapores,
634 757 670 792 in
688 755 741 792 his
754 754 945 791 conservat
959 764 1122 804 corpora
1132 762 1334 802 temperata
1347 767 1357 795 ·‚
1379 764 1541 802 quaeque
1552 755 1722 802 proxime
1735 753 1925 791 currendo

171 828 222 853 Ar.
232 834 292 852 exu-
318 814 496 862 deflagrat
506 843 516 857 ,
539 813 645 862 eripit
667 810 881 860 exsugendo
903 818 1190 859 temperaturam
1212 807 1395 845 humoris.
1429 809 1574 846 Contra
1592 821 1685 846 vero
1704 808 1925 858 refrigeratis

172 866 256 894 “W-
318 869 558 919 regionibus,
587 869 691 917 quod
702 866 831 904 absunt
842 865 863 902 a
874 866 1028 903 meridie
1038 865 1175 914 longe.
1198 876 1277 900 non
1289 863 1498 902 exhauritur
1521 864 1541 901 a
1562 864 1748 902 caloribus
1769 865 1922 905 humor,

317 926 377 963 scd
387 938 428 962 ex
451 926 558 962 coelo
570 922 733 961 roscidus
744 923 809 959 aer
820 923 859 959 in
870 932 1032 971 corpora
1040 920 1199 956 fundens
1213 919 1412 957 humorem
1426 949 1435 964 ,
1448 919 1564 958 efficit
1575 923 1777 972 ampliores
1788 933 1925 971 corpo-

317 992 455 1020 raturas
468 1010 477 1024 ,
489 980 668 1029 vocisque
680 977 818 1015 sonitus
830 979 1034 1027 graviores.
1070 978 1123 1014 Ex
1133 987 1180 1012 eo
1194 987 1348 1025 quoque
1360 974 1422 1014 sub
1436 975 1749 1027 septentrionibus
1760 979 1924 1014 nutriun-

318 1048 378 1076 tur
402 1033 452 1088 [ὁ]
477 1046 607 1086 gentes
628 1035 853 1072 immanibus
873 1031 1115 1084 corporibus,
1142 1033 1309 1069 candidis
1330 1032 1525 1069 coloribus
1537 1062 1547 1078 ‚
1573 1033 1717 1071 diresto
1736 1034 1874 1084 capillo
1885 1035 1925 1070 ὅς

317 1094 416 1137 rust),
434 1093 556 1130 oculis
570 1091 691 1130 etesiis,
703 1091 879 1141 sanguine
892 1090 1014 1126 multo
1027 1104 1033 1126 :
1046 1090 1226 1138 quoniam
1237 1088 1282 1125 ab
1294 1088 1464 1125 humoris
1476 1089 1669 1138 plenitate,
1688 1091 1857 1138 coelique
1868 1102 1926 1127 re-

319 1149 631 1198 frigerationibus.
648 1147 669 1184 s
664 1157 728 1185 unt
739 1146 979 1184 conformati.
1000 1146 1079 1196 Qi
1091 1155 1216 1182 autem
1226 1144 1305 1182 sunt
1314 1145 1473 1195 proximi
1485 1146 1529 1181 ad
1540 1157 1645 1183 axem
1659 1146 1927 1191 meridianum,

319 1203 550 1253 subjefflque
561 1205 658 1241 Solis
670 1203 805 1246 cursui,
817 1201 1049 1240 brevioribus
1070 1201 1291 1252 corporibus
1305 1230 1315 1245 ,
1336 1201 1466 1237 colore
1478 1200 1584 1237 fusco
1597 1231 1606 1246 ‚
1632 1200 1751 1251 crispo
1773 1202 1926 1251 capillo,

318 1261 438 1298 oculis
450 1262 574 1309 nigris,
588 1258 752 1296 cruribus
763 1258 944 1301 invalidis,
958 1257 1132 1306 sanguine
1145 1257 1403 1307 exiguo,Solis
1416 1259 1560 1307 impetu
1573 1256 1823 1307 perficiuntur.
1854 1258 1926 1294 Ita-

319 1328 395 1366 que
407 1316 519 1352 etiam
529 1325 682 1365 propter
693 1314 875 1363 sanguinis
886 1314 1130 1363 exiguitatem
1142 1314 1347 1350 timidiores
1357 1312 1437 1350 sunt
1448 1313 1546 1350 ferro
1559 1312 1731 1358 resistere,
1745 1311 1805 1351 sed
1815 1312 1926 1350 ardo-

318 1384 375 1408 res
387 1383 429 1408 ac
444 1370 562 1408 febres
582 1369 761 1408 sufferunt
770 1369 843 1407 sine
860 1371 998 1407 timore
1010 1398 1020 1414 ‚
1039 1369 1143 1418 quod
1154 1371 1289 1407 nutrita
1311 1367 1391 1407 sunt
1409 1381 1543 1407 eorum
1565 1369 1733 1406 membra
1753 1380 1842 1406 cum
1854 1368 1926 1406 fer-

320 1433 425 1465 vorcss
459 1428 587 1476 ltaque
599 1439 761 1477 corpora
773 1439 854 1476 quae
865 1426 1062 1463 nascuntur
1072 1424 1134 1463 sub
1146 1425 1412 1476 septentrione,
1425 1426 1444 1462 a
1456 1425 1547 1462 febri
1557 1424 1748 1462 timidiora
1760 1427 1797 1462 <Sc
1807 1425 1924 1462 imbe-

320 1484 414 1520 cilla:
430 1481 614 1531 sanguinis
627 1494 756 1520 autem
767 1483 1006 1526 abundantia,
1018 1479 1119 1519 ferro
1128 1480 1294 1518 resistunt
1305 1480 1377 1518 fine
1388 1487 1536 1518 timore.
1571 1482 1663 1518 Non
1675 1483 1797 1518 minus
1808 1479 1925 1517 sonus

320 1541 428 1578 vocis
440 1539 480 1575 in
492 1540 686 1588 generibus
696 1540 863 1588 gentium
875 1536 1031 1588 dispares
1045 1540 1082 1575 ὅ(
1095 1539 1211 1576 varias
1225 1536 1337 1574 habet
1349 1538 1542 1587 qualitates
1555 1566 1565 1582 ,
1585 1537 1672 1574 ideo
1685 1536 1789 1586 quod
1798 1537 1927 1573 termi-

322 1597 426 1633 natio
438 1596 592 1631 orientis
613 1594 650 1631 &
670 1594 880 1631 occidentis
893 1596 991 1631 circa
1002 1603 1104 1631 terrae
1115 1593 1355 1631 librationem
1367 1623 1377 1638 ,
1400 1605 1475 1642 qua
1485 1592 1658 1630 dividitur
1667 1605 1749 1643 pars
1760 1592 1927 1642 superior

177 1660 228 1686 Ar.
242 1664 294 1684 rer-
324 1651 359 1687 δε
372 1650 524 1688 inferior
535 1650 665 1687 mundi
679 1679 688 1694 ‚
709 1650 844 1687 habere
854 1649 1000 1687 videtur
1010 1650 1180 1687 libratam
1199 1651 1355 1687 naturali
1367 1650 1487 1686 modo
1500 1649 1780 1689 circuitionem,
1810 1659 1926 1697 quam

179 1700 297 1726 mmm'
323 1707 439 1743 ctiam
453 1705 706 1743 Mathematici
716 1706 917 1743 horizonta
927 1706 1073 1743 dicunt.
1091 1707 1206 1755 Igitur
1217 1707 1399 1754 quoniam
1422 1705 1458 1741 id
1479 1705 1680 1750 habemus,
1690 1714 1836 1743 certum
1849 1703 1926 1738 ani-

178 1749 244 1768 nem.
324 1774 393 1800 mo
407 1758 455 1812 [c]
470 1760 683 1798 sustinentes
695 1787 704 1801 ‚
728 1761 749 1798 ὲ
759 1763 877 1801 labro,
891 1761 999 1810 quod
1013 1761 1109 1798 estin
1120 1762 1276 1811 regione
1287 1761 1583 1811 septentrionali,
1605 1762 1701 1798 linea
1716 1759 1866 1804 trajeeta
1877 1757 1925 1795 acl

325 1817 363 1854 id
385 1816 491 1865 quod
510 1816 559 1853 est
578 1817 682 1866 super
710 1817 956 1854 meridianum
975 1830 1081 1854 axem
1094 1847 1103 1860 ,
1121 1818 1166 1854 ab
1186 1818 1438 1865 eoque'altera
1458 1816 1611 1864 obliqua
1629 1818 1666 1852 in
1690 1814 1924 1852 latitudinem

325 1873 370 1910 ad
382 1874 570 1909 summum
584 1871 772 1908 cardinem
785 1901 794 1915 ,
818 1873 882 1920 qui
894 1872 942 1908 est
954 1872 1034 1923 post
1056 1873 1172 1909 stellas
1183 1871 1475 1921 septentrionum
1488 1900 1497 1915 ,
1515 1871 1588 1907 fine
1601 1870 1833 1908 dubitatione
1844 1871 1925 1906 ani-

322 1928 603 1965 madvertemus
614 1939 658 1965 ex
671 1938 719 1963 eo
732 1926 798 1963 effe
810 1927 958 1964 schema
969 1929 1107 1976 trigoni
1119 1927 1262 1964 mundo
1277 1955 1286 1971 ,
1305 1929 1359 1963 uti
1371 1928 1502 1976 organi
1514 1952 1522 1965 ‚
1545 1937 1658 1975 quam
1670 1924 1724 1974 [d]
1737 1922 1924 1974 σαμέόκῖω

324 1984 446 2021 Graeci
458 1983 598 2020 dicunt.
631 1983 764 2032 Itaque
775 1982 879 2031 quod
898 1981 946 2018 est
958 1982 1110 2032 spatium
1128 1984 1346 2033 proximum
1367 1983 1448 2019 imo
1469 1982 1607 2019 cardini
1628 1982 1673 2019 ab
1683 1983 1757 2019 axis
1778 1983 1872 2019 linea
1884 1983 1923 2019 in

324 2038 536 2077 meridianis
549 2037 697 2076 finibus,
712 2037 773 2075 sub
785 2050 834 2074 eo
844 2038 938 2075 loco
950 2049 1031 2086 quae
1042 2037 1120 2076 sunt
1130 2039 1316 2081 natione5‚
1330 2047 1482 2088 propter
1490 2037 1706 2075 brevitatem
1719 2038 1926 2075 altitudinis

324 2096 373 2132 ad
384 2093 567 2131 mundum
579 2119 587 2132 ,
609 2092 770 2130 sonitum
780 2094 886 2132 vocis
896 2093 1038 2130 faciunt
1047 2103 1200 2130 tenuem
1215 2095 1251 2131 δε
1262 2091 1514 2130 acutissimum
1527 2122 1537 2138 ,
1549 2095 1602 2131 uti
1612 2095 1649 2131 in
1659 2105 1803 2144 organo
1815 2093 1925 2132 chor-

326 2150 391 2189 da,
416 2161 495 2198 quoe
511 2148 560 2186 est
570 2150 740 2198 proxima
751 2150 902 2198 angulo.
931 2148 1152 2186 Secundum
1164 2160 1247 2186 eam
1270 2159 1399 2186 autem
1411 2151 1562 2198 reliquae
1584 2150 1630 2187 ad
1640 2150 1803 2187 mediam
1823 2150 1926 2187 Grae-

325 2208 424 2243 ciani
437 2203 658 2243 remissiores
677 2203 891 2242 efficiuntin
902 2204 1120 2242 nationibus
1140 2205 1325 2242 sonorum
1337 2204 1556 2242 scansiones.
1585 2207 1684 2243 Item
1704 2207 1724 2244 a
1744 2205 1873 2244 medio
1883 2207 1924 2242 in

324 2262 499 2298 ordinem
523 2259 722 2297 crescendo
734 2260 780 2297 ad
800 2271 990 2298 extremos
1011 2259 1286 2310 septentriones,
1305 2259 1369 2297 sub
1387 2261 1581 2299 altitudine
1594 2262 1700 2306 coeli,
1721 2263 1923 2299 nationum

328 2317 471 2368 spiritus
490 2315 668 2352 sonitibus
687 2316 916 2365 gravioribus
938 2316 983 2353 ab
1005 2326 1136 2354 natura
1155 2328 1280 2353 rerum
1293 2317 1559 2366 exprimuntur.
1573 2318 1623 2354 Ita
1636 2318 1779 2355 videtur
1790 2316 1924 2354 mundi

325 2373 533 2421 conceptio
546 2380 795 2422 rota,propter
806 2371 1447 2411 inclinationem,consonantissime
1460 2374 1621 2424 perSolis
1632 2382 1922 2424 temperaturam

325 2428 370 2465 ad
385 2427 617 2465 harmoniam
630 2426 697 2463 effe
709 2427 932 2478 composita.
954 2429 1067 2478 Igitur
1079 2441 1164 2477 qnae
1175 2429 1347 2465 nationes
1357 2428 1378 2463 s
1371 2438 1436 2464 unt
1446 2430 1541 2464 inter
1549 2430 1623 2466 axis
1635 2429 1829 2466 meridiani
1841 2439 1924 2466 car-

325 2485 455 2521 dinem
468 2509 476 2523 ,
503 2485 539 2520 &
552 2482 842 2533 septentrionalis
855 2483 983 2521 medio
994 2483 1118 2535 positae
1128 2508 1138 2522 ‚
1159 2486 1212 2522 uti
1222 2486 1258 2520 in
1270 2484 1536 2533 diagrammate
1549 2484 1694 2522 musico
1706 2510 1714 2524 ,
1738 2485 1923 2522 medianae

324 2541 432 2578 vocis
444 2538 582 2577 habent
601 2537 766 2576 sonitum
776 2540 814 2576 in
834 2538 1025 2577 sermone:
1045 2552 1203 2590 quaeque
1223 2539 1548 2592 progredientibus
1565 2541 1611 2578 ad
1629 2540 1922 2594 septentrionem

1838 2595 1921 2633 sunt

319 2662 374 2666 ,-
1392 2662 1914 2672 Μ

320 2685 351 2720 b]
382 2688 464 2715 Idem.
489 2690 550 2717 Hoc
560 2690 641 2717 etiam
653 2699 738 2717 narrat
758 2690 873 2718 Galenus
894 2690 940 2718 lib.
953 2701 987 2719 ιι.
1000 2692 1032 2719 de
1043 2693 1279 2730 temperamentis:
1299 2690 1374 2725 cujus
1386 2689 1523 2718 sententiae
1539 2689 1677 2718 subscribit
1703 2689 1814 2716 Tacitus
1832 2686 1877 2714 lib.
1890 2685 1925 2714 de

364 2730 521 2756 Germanis:
543 2740 635 2757 eorum
655 2741 746 2758 comas
758 2731 847 2759 dicens
866 2728 917 2759 effe
936 2732 1026 2760 rutilas
1047 2736 1070 2761 &
1087 2742 1198 2771 procera
1215 2741 1336 2770 corpora.
1361 2731 1427 2758 Vide
1446 2731 1513 2758 Plio.
1525 2730 1572 2759 lib.
1584 2740 1620 2758 ιι.
1639 2740 1695 2767 cap.
1708 2737 1836 2757 rxxvui.
1851 2729 1926 2755 Nam

362 2768 443 2795 flavos
455 2767 506 2797 effe
517 2771 627 2797 memini
637 2771 724 2810 legere
736 2772 802 2810 apud
816 2772 969 2799 Iuvenalem
988 2775 1041 2801 Sat.
1055 2783 1105 2801 111.
1128 2775 1265 2801 Lucanum
1275 2771 1321 2799 lib.
1334 2781 1355 2799 1.
1376 2775 1401 2799 δε
1413 2780 1449 2798 ιι.
1472 2772 1632 2799 Strabonem
1651 2770 1697 2797 lib.
1708 2779 1762 2797 vn.
1785 2768 1927 2796 Herodia-

361 2818 426 2835 num
439 2809 484 2836 lib.
498 2821 536 2837 1v.
559 2811 592 2838 el
602 2812 735 2839 iuclianum
744 2812 841 2840 alicubi
850 2817 873 2840 ὃς
887 2812 1062 2841 Conrhadum
1074 2813 1182 2842 Celtem
1192 2814 1219 2841 in
1229 2813 1338 2851 ElegiiS.
1353 2812 1469 2840 Galenus
1481 2813 1590 2851 quidem
1603 2819 1674 2839 certe
1688 2811 1714 2837 in
1726 2808 1926 2838 commentario

365 2849 391 2875 in
404 2848 449 2875 lib.
460 2851 491 2877 de
502 2850 594 2878 salubri
604 2852 692 2883 diaera,
704 2852 910 2891 profiteturnon
923 2851 974 2881 csse
987 2854 1068 2883 flavos
1078 2855 1120 2882 sed
1130 2852 1224 2883 ruffos.

322 2890 348 2923 c]
379 2889 462 2915 Idem.
488 2891 516 2918 Id
526 2893 561 2918 est
573 2901 663 2919 annno
672 2902 751 2931 atque
761 2895 930 2934 cogitatione
941 2893 1074 2934 fingentes
1083 2917 1091 2928 ‚
1113 2894 1325 2934 &imaginantes
1336 2913 1343 2925 ‚
1357 2901 1386 2921 ut
1396 2893 1492 2933 vulgus
1503 2893 1630 2933 loquitur.

321 2929 350 2964 d]
382 2929 529 2973 Pliilander.
550 2933 678 2960 sambuca
691 2934 820 2962 muficum
831 2935 866 2962 est
877 2936 1009 2976 organum
1020 2937 1181 2976 triquetrum
1193 2956 1200 2970 ,
1212 2933 1355 2974 imparibus
1366 2934 1536 2975 longitudine
1547 2939 1571 2963 ὅ(
1584 2929 1753 2963 crassitudine
1764 2929 1861 2961 fidibus
1872 2950 1879 2963 ‚
1889 2937 1920 2958 ut

362 2970 442 2998 tradit
454 2971 704 3011 Horatiiinterptes
717 2974 878 3015 Porphyrio.

1789 3015 1815 3050 e]
1836 3012 1921 3048 Idem,
