2023 3162
708 61 890 100 PARS
956 63 1211 102 PRIMA.
1699 82 1739 112 13

153 130 364 173 interiores,
387 127 706 178 iuquitVitruvius
718 129 780 167 lib.
795 140 868 172 5.c.
886 142 915 167 1.
937 129 1078 169 Mirum
1091 140 1331 182 praeceptum,
1350 143 1433 171 mea
1444 134 1636 185 opinione,
1650 138 1685 175 ὅ(
1698 139 1747 176 ita

154 189 307 230 mirum,
317 194 358 220 ut
370 183 514 238 fortasse
525 185 642 234 magis
653 189 864 226 conveniat,
878 185 1080 225 secundum
1089 186 1197 238 ipsius
1206 189 1400 239 principia,
1411 189 1532 227 facete
1545 204 1602 229 eas
1614 203 1744 241 quarta

152 253 257 294 parte
277 241 458 286 majores.
476 240 636 277 nam'lib.
652 251 686 280 3.
707 253 787 293 cap.
802 257 837 280 2.
858 243 921 280 ubi
943 243 1111 292 magister
1129 245 1202 293 agit
1220 244 1266 280 dc
1283 246 1526 284 contrastutis
1549 250 1745 285 columna„

152 311 254 344 rum,
264 298 445 335 habemns
457 298 624 346 opticam
635 299 820 346 regulam,
835 310 914 348 quo
926 299 1074 336 altiores
1087 299 1167 338 sunt
1177 329 1187 345 ,
1200 312 1248 337 eo
1259 302 1448 339 minorem
1460 299 1528 340 esse
1540 303 1675 341 debere
1686 317 1743 342 ea-

150 367 235 393 rum
262 352 538 391 contrasturam
558 352 807 402 superiorem,
829 357 916 404 quia
927 356 1063 392 oculus
1085 355 1157 406 ipse
1168 358 1379 394 naturaliter
1391 359 1577 397 contrahit
1587 360 1740 407 objecta.

151 411 269 460 magis
278 421 340 447 aut
351 410 564 459 minus,pro
575 410 756 447 intervalli
767 412 934 458 ratione3
957 423 1039 459 quae
1053 411 1300 450 consideratio
1320 415 1486 463 neglecta
1503 416 1617 452 videri
1628 417 1745 466 pofl'et

150 469 189 504 in
209 467 385 504 cautione
404 475 519 513 quam
532 464 654 501 modo
675 465 858 504 dedimus.
888 468 1036 505 Verum
1054 468 1250 505 Vitruvius
1275 468 1456 520 (optimus
1473 468 1524 508 sui
1542 473 1739 524 interpres)

153 523 254 560 dieto
263 523 355 559 loco
365 520 427 556 lib.
442 521 577 568 quinti,
590 519 684 557 bene
695 521 851 561 absolvit
866 520 967 560 suam
979 532 1144 559 mentem
1155 523 1209 560 his
1222 525 1361 562 verbis:
1377 525 1545 563 Columnae
1552 525 1739 580 fizpem‘ores

148 585 379 631 quartaparte
388 577 536 612 minores
547 588 652 627 quam
661 575 853 629 inferiores,
851 575 938 629 fimt
948 576 1194 625 constituendae,
1200 589 1381 631 propterea
1392 581 1481 634 quod
1496 573 1741 635 onem-ferendo

151 648 223 686 quie
234 631 321 684 simt
330 628 495 679 inferiora
504 630 738 683 cffi’firmiora
747 631 890 670 debent.-
909 633 1103 683 praeferens
1122 645 1161 672 ut
1171 634 1309 686 sapiens
1329 639 1573 676 mechanicus
1593 650 1741 678 natura-

154 692 228 727 lem
239 690 421 726 rationem
431 687 720 733 Mathematicae,
733 691 769 727 δε
779 689 949 727 subtilem
962 700 1192 739 conceptum
1212 691 1407 728 abstractis.
1437 694 1483 730 Et
1493 705 1617 732 tamen
1630 695 1690 731 lib.
1702 712 1739 743 4.

152 757 233 796 cap.
248 759 286 790 4.
305 742 425 780 rursus
438 743 582 780 videtur
603 741 770 782 affectare
779 745 1015 783 subtilitatem
1029 771 1036 786 ‚
1051 746 1266 783 concedens
1278 773 1286 787 ‚
1305 749 1501 786 columnas
1514 779 1522 793 ,
1534 763 1611 798 quo
1624 754 1740 801 magis

152 801 231 838 sunt
243 800 369 836 striatae
381 827 391 843 ,
413 810 461 835 eo
471 799 684 848 graciliores
696 799 763 838 esse
773 801 875 852 poss'e
888 816 895 839 :
915 801 1006 854 quod
1013 799 1126 838 oculus·
1138 831 1148 846 ,
1159 803 1281 851 inquit
1293 828 1301 842 ,
1319 802 1422 855 plura
1433 803 1742 857 &crcbmmfigsm

151 853 320 909 tangendo
332 879 340 894 ‚
361 854 494 901 majore
510 852 607 906 vtfiu
623 856 823 894 circuitione
835 866 1066 910 pervagatur.
1097 868 1225 895 totum
1245 859 1435 906 objectum
1448 872 1600 911 apparet
1612 850 1742 908 ma‘jsus,

152 923 265 961 atque
278 912 328 948 ita
345 920 530 959 quantum
549 910 620 948 istae
630 913 805 951 cavitates
824 912 1034 951 subducunt
1046 941 1056 958 ,
1075 923 1220 951 tantum
1233 914 1417 966 suppletur
1435 917 1454 953 a
1472 917 1615 954 fallacia
1632 919 1737 956 visus.

151 969 295 1005 Verum
308 962 369 1002 hic
389 978 543 1016 quoque
554 967 727 1004 existimo
746 968 964 1019 magistrum
982 970 1098 1018 magis
1110 969 1270 1008 debuisse
1281 971 1510 1010 considerate
1530 975 1739 1010 naturalem

149 1023 491 1061 inconvenientiam
510 1037 518 1060 :
551 1034 641 1060 nam
659 1024 747 1060 licet
771 1026 957 1062 columnae
975 1037 1039 1074 per
1056 1025 1222 1064 striarum
1241 1027 1394 1065 dunum
1421 1030 1613 1066 videantur
1632 1031 1741 1067 nobis

150 1076 340 1116 crassiores
359 1077 459 1116 faetae
479 1107 489 1123 ‚
508 1088 635 1116 tamen
656 1091 782 1118 revera
801 1081 885 1118 sunt
904 1082 944 1117 in
963 1081 995 1117 se
1013 1081 1301 1128 imbecilliores,
1322 1086 1359 1120 &
1379 1095 1577 1134 propterea
1594 1084 1741 1122 forrass'e

150 1134 380 1185 oportuerit,
401 1134 427 1171 si
445 1146 524 1171 rem
544 1134 638 1172 bene
650 1136 855 1187 perpendas
868 1166 877 1181 ,
898 1149 977 1174 non
999 1136 1067 1173 effe
1086 1138 1299 1186 graciliores
1313 1168 1322 1182 ,
1341 1140 1401 1177 sed
1418 1142 1735 1191 corpulentiores;

149 1189 216 1228 nisi
244 1192 455 1241 apparentia
483 1192 742 1242 praeponderet
760 1195 923 1230 veritati.
958 1191 1018 1229 sed
1040 1203 1174 1231 contra
1203 1194 1423 1244 Magistrum
1450 1208 1531 1234 non
1557 1196 1606 1233 cst
1628 1197 1745 1247 dispu-

151 1245 321 1284 tandum.

207 1303 335 1339 Tertia
348 1303 474 1340 cautio
485 1301 549 1347 est,
563 1303 670 1351 quod
685 1303 902 1353 projesturae
914 1330 922 1344 ‚
945 1314 986 1343 ut
995 1316 1178 1343 vocantur
1189 1335 1198 1350 ,
1218 1305 1285 1344 ssnt
1294 1308 1397 1345 valde
1411 1306 1613 1346 moderata?
1626 1337 1636 1353 ,
1653 1321 1742 1359 prce-

150 1356 272 1396 sertim
287 1358 498 1396 Coronices
516 1358 738 1396 inferiorum
756 1359 943 1397 ordinum.
964 1372 1049 1398 nam
1068 1361 1160 1398 dum
1180 1363 1333 1410 quidam
1353 1373 1504 1414 putant,
1521 1362 1554 1400 se
1573 1365 1642 1401 illis
1655 1364 1742 1403 date

150 1413 351 1466 pulchrum
361 1413 398 1451 δε
408 1415 569 1464 regalem
581 1414 768 1466 aspertum
780 1428 844 1466 per
855 1416 1155 1466 amplitudinem,
1169 1431 1447 1469 nonnunquam
1465 1420 1676 1470 impediunt
1686 1422 1743 1458 in-

151 1470 264 1507 terius
285 1472 431 1510 lumen,
455 1469 516 1514 (de
536 1483 615 1520 quo
636 1472 737 1523 plura
748 1472 869 1509 dicam
888 1471 1077 1520 suoloco)
1103 1484 1214 1523 atque
1233 1476 1348 1514 etiam
1368 1475 1567 1513 detrahunt
1584 1475 1745 1526 aspestui

149 1525 281 1563 frontis
300 1528 511 1574 exterioris3
544 1537 583 1564 ut
603 1537 751 1579 apparet
766 1530 805 1565 iti
823 1540 897 1565 una
915 1529 1174 1580 principalium
1193 1530 1453 1570 structurarum
1474 1532 1664 1576 Veneriis,
1689 1532 1745 1569 ni-

151 1584 290 1619 mirum
303 1583 443 1620 Palatio
464 1583 624 1620 Grimam·
642 1584 688 1620 ad
700 1582 875 1622 Grandem
887 1583 1060 1630 canalem,
1076 1586 1183 1635 quod
1198 1588 1403 1637 magnifico
1415 1586 1491 1623 hoc
1510 1598 1634 1624 errore
1651 1598 1744 1624 nona

152 1637 242 1674 nihil
252 1637 508 1675 dedecoratur.
539 1640 630 1676 Non
647 1651 744 1690 opus
764 1640 813 1676 est
833 1652 937 1677 nunc
957 1643 1061 1691 plura
1081 1642 1203 1678 dicere
1222 1642 1268 1679 de
1291 1643 1499 1686 columnis,
1526 1643 1564 1679 ὃς
1583 1642 1742 1690 ipsarum

151 1693 331 1736 adiune‘tis
346 1720 354 1734 ‚
375 1694 421 1731 dc
441 1693 577 1743 quibus
596 1706 672 1732 tam
684 1697 827 1745 prolixe
839 1695 1044 1733 Architecti
1064 1698 1102 1732 in
1122 1696 1190 1733 suis
1209 1696 1368 1746 scriptis,
1392 1696 1490 1745 quasi
1511 1695 1575 1746 ipsi
1593 1698 1740 1734 termini

151 1748 412 1798 Epistyliorum
423 1775 431 1788 ‚
448 1749 730 1799 zophororum‚
755 1752 984 1788 coronicum
995 1753 1031 1789 ὃς
1045 1750 1218 1789 similium
1228 1751 1434 1789 sufficerent
1451 1751 1497 1788 ad
1507 1751 1741 1801 graduandos

152 1803 352 1854 Magistros
365 1804 469 1849 hujus
480 1805 592 1842 Artis.
625 1806 696 1841 Sed
706 1807 817 1843 liceat
827 1807 942 1845 milti,
962 1817 1160 1856 antequam
1179 1819 1332 1857 pergam
1344 1807 1388 1845 ad
1407 1807 1504 1844 aliud
1524 1807 1740 1854 subjeetum,

151 1861 306 1898 obviam
324 1862 377 1897 ire
397 1859 567 1908 familiari
583 1861 808 1907 objectioni.
848 1861 1011 1899 Dicetur
1028 1861 1147 1906 forte,
1166 1874 1325 1900 ornnem
1348 1864 1445 1900 hanc
1465 1863 1669 1901 doetrinam
1695 1865 1741 1901 de

151 1917 316 1966 quinque
334 1916 548 1961 ordinibus,
571 1917 687 1966 magis
709 1917 912 1954 convenire
931 1917 1140 1968 lapicidinis
1152 1917 1265 1963 Afiae,
1287 1931 1367 1967 quae
1381 1919 1561 1957 dederunt
1577 1932 1661 1962 127.
1682 1932 1744 1957 co-

152 1972 300 2009 lumnas
313 2001 323 2017 ,
335 1979 398 2010 60.
418 1972 531 2023 pedes
544 1974 634 2010 altas
646 2002 656 2018 ,
669 1974 812 2023 templo
823 1971 1031 2023 EphesinO;
1057 1984 1120 2010 aut
1131 1974 1332 2014 Numidiae,
1347 1976 1409 2012 nbi
1421 1987 1609 2013 marmora
1630 1975 1743 2012 abun-

152 2027 255 2071 daur,
271 2039 385 2078 quam
401 2028 571 2078 Anglicis
584 2029 742 2078 ingeniis
756 2041 859 2078 ‚quae
869 2029 1156 2078 ignobilioribus
1175 2032 1338 2068 materiis
1358 2041 1545 2081 coguntur
1565 2029 1633 2066 effe
1653 2042 1746 2067 con-

152 2093 262 2121 tenta.
298 2083 362 2121 Ad
374 2084 480 2132 quod
493 2084 701 2136 respondeo
712 2113 721 2128 ,
741 2083 819 2121 hoc
828 2096 908 2122 non
920 2085 1053 2122 debere
1064 2085 1212 2125 nostros
1224 2086 1426 2124 deterrere:
1447 2098 1534 2122 nam
1546 2086 1635 2135 saepe
1649 2098 1743 2123 con-

152 2140 357 2190 templatus
375 2138 395 2174 s
389 2151 452 2175 um
465 2140 634 2177 Venetiis
646 2152 733 2177 cum
744 2139 887 2178 summa
896 2141 1091 2192 voluptate
1105 2142 1246 2178 Atrium
1258 2147 1410 2178 Graecum
1425 2143 1437 2188 ζ
1453 2141 1741 2190 Antiporticum

151 2194 376 2245 interpretari
396 2193 584 2242 possumus
594 2208 702 2233 more
713 2196 865 2243 Graeco)
885 2195 1057 2234 strustum
1075 2197 1121 2233 ab
1134 2194 1274 2232 Andrffl
1286 2194 1439 2232 Palladio
1456 2196 1477 2232 s
1473 2210 1492 2232 u
1497 2209 1559 2246 pra
1572 2197 1662 2233 οίὶο
1675 2209 1742 2233 co-

152 2251 300 2288 lumnas
312 2249 452 2286 ordinis
465 2251 664 2301 compositi
676 2267 683 2292 3
705 2251 810 2288 Bases
821 2251 902 2289 sunt
913 2249 933 2287 ὲ
946 2251 1033 2289 saxo
1043 2251 1117 2288 sine
1135 2251 1336 2299 stylobatis,
1356 2250 1452 2302 scapi
1471 2263 1533 2290 aut
1544 2265 1707 2302 corpora
1719 2250 1740 2288 ὲ

152 2308 266 2345 meris
278 2304 542 2349 lateribus,tres
552 2306 663 2356 pedes
680 2304 780 2343 crassi
795 2308 832 2342 &
842 2307 947 2343 semis
957 2309 994 2344 in
1006 2307 1188 2344 diametro
1200 2306 1422 2352 inferiori,&
1436 2320 1499 2359 per
1508 2307 1741 2357 consequens

152 2375 207 2400 xx
220 2375 253 2399 x.
274 2360 384 2411 pedes
397 2361 477 2400 alti,
500 2360 624 2411 utipse
641 2360 825 2411 descripsit
843 2361 905 2398 lib.
917 2362 1097 2400 secundo.
1119 2359 1328 2411 Nunquam
1339 2363 1412 2400 vidi
1429 2375 1506 2401 tam
1525 2363 1741 2413 magnificas

153 2419 355 2456 columnas
366 2413 386 2452 ὲ
406 2415 491 2454 saxo
502 2427 566 2454 aut
577 2429 767 2454 marmore
779 2432 787 2454 ι
800 2429 887 2454 nam
899 2417 1028 2454 lateres
1040 2420 1202 2469 primum
1214 2418 1368 2457 formati
1386 2420 1593 2459 circulares,
1608 2419 1643 2455 δε
1656 2419 1741 2457 dein

155 2484 353 2523 antequam
376 2483 588 2518 urerentur,
607 2473 684 2511 caesi
696 2475 733 2509 in
753 2483 914 2522 quatuor
932 2484 1050 2524 partes
1069 2485 1132 2513 aut
1148 2476 1291 2525 plures3
1311 2486 1470 2524 quarum
1489 2476 1602 2512 latera
1614 2475 1740 2526 postea

153 2540 232 2567 tam
242 2528 573 2578 arstejunguntur,
596 2530 841 2567 &cuneitam
860 2530 986 2567 exaece
996 2533 1272 2568 concurruntin
1282 2543 1402 2568 unum
1417 2541 1604 2569 centrum,
1626 2540 1666 2567 ut
1678 2543 1741 2568 co-

153 2586 292 2623 lumnae
313 2595 357 2620 ex
377 2596 455 2621 uno
473 2584 557 2621 saxo
573 2584 674 2622 faerae
693 2585 905 2622 videantur.
937 2589 1066 2640 Qam
1086 2586 1237 2623 brevem
1257 2586 1543 2636 descriptionem
1561 2588 1742 2636 praeterire

152 2641 260 2679 nolui
272 2669 282 2684 ,
304 2650 343 2677 ut
362 2650 535 2691 appareat
544 2651 614 2679 nos
632 2642 759 2692 potius
778 2640 922 2678 destitui
942 2642 1038 2679 Arte
1048 2653 1162 2691 quam
1174 2644 1327 2679 materia
1340 2672 1350 2688 ,
1367 2652 1407 2679 nt
1418 2641 1599 2679 desideriis
1610 2642 1742 2680 nostris

154 2697 427 2735 satisfaciamus.

200 2753 288 2790 Post
299 2752 499 2789 columnas
509 2750 712 2800 sequuntur
721 2753 759 2789 in
770 2763 855 2789 mea
866 2752 1121 2790 distributione
1133 2751 1242 2790 Antae
1255 2752 1388 2801 (vulgo
1392 2750 1741 2804 pilfflers.)quarun1

157 2809 328 2845 meminit
350 2809 496 2845 Vitruv.
516 2807 577 2844 lib.
590 2818 626 2852 5.
648 2819 726 2857 cap.
746 2819 777 2845 1.
791 2810 829 2845 ὃς
847 2820 943 2859 pene
961 2807 1059 2845 haud
1070 2807 1168 2852 alibi,
1182 2808 1244 2846 sub
1262 2810 1420 2844 nomine
1439 2808 1666 2858 parastadum
1679 2838 1689 2853 ,
1701 2820 1741 2846 ut

160 2860 343 2900 Philander
352 2864 548 2914 opinatur;
562 2863 667 2914 quod
678 2863 834 2902 Gramm
841 2866 977 2902 aticum
988 2874 1251 2911 argumentum
1264 2864 1367 2910 <licet
1382 2863 1479 2901 forte
1490 2876 1568 2901 non
1578 2864 1656 2901 satis
1667 2867 1742 2901 cla-

161 2921 258 2969 rum)
276 2920 368 2957 nolo
387 2920 553 2972 prolixus
571 2921 790 2958 examinare.
823 2924 917 2977 Qiae
937 2932 993 2958 res
1013 2918 1242 2968 designetur,
1263 2920 1412 2971 planum
1433 2919 1483 2958 est
1501 2931 1545 2957 ex
1562 2921 1743 2957 idiomate

997 2979 1019 3011 τ
1039 2975 1062 3013 b
1093 2986 1108 3016 3
1615 2975 1744 3013 nostro
