2023 3162
453 95 521 121 nr
567 80 1083 122 Aneu'xrechRA
1139 77 1347 121 L113.V.
1659 96 1712 133 97

104 152 178 193 bris
198 149 398 190 obscurent
410 150 548 191 lucem.
579 151 734 205 Scholas
752 160 878 188 autem
899 150 1094 189 labrorum
1111 152 1162 189 ita
1179 150 1259 189 fieri
1280 158 1434 201 oportet
1450 147 1622 204 spatiosas
1635 180 1645 200 ‚
1666 162 1709 193 'ut

105 221 194 248 cum
204 210 346 259 priores
356 209 626 259 occupaverint
637 208 735 251 loca,
749 207 1098 258 circumspectantes
1117 209 1248 257 reliqui
1256 207 1356 245 reste
1366 207 1455 246 stare
1467 208 1614 258 possint.
1630 212 1709 258 [m]

102 266 219 304 Alvei
230 274 357 302 autem
369 264 528 302 latitudo
538 266 633 301 inter
645 264 823 314 parietem
835 264 873 300 ὅ(
884 264 1056 313 pluteum
1074 275 1121 300 ne
1138 265 1263 301 minus
1274 262 1316 300 fit
1328 263 1441 313 pedes
1450 264 1570 311 scnOS‚
1579 277 1620 303 ur
1630 279 1708 316 gra-

103 322 171 359 dus
183 319 338 358 inferior
349 319 435 357 inde
445 320 584 357 auferat
595 321 633 357 C<
644 320 815 370 pulvinus
826 318 923 356 duos
934 320 1060 370 pedes.
1069 322 1133 367 [n]
1147 320 1713 371 Laconicum,sudationesque‚

102 378 184 415 sunt
195 375 459 426 conjungenda:
469 374 652 426 tepidario
665 389 674 418 ·‚
698 387 824 423 eaeque
835 387 951 424 quam
962 376 1045 414 latae
1057 375 1194 414 fuerint
1208 405 1219 421 ‚
1237 385 1380 414 tantam
1400 376 1636 414 altitudinem
1646 378 1711 417 ha-

103 433 214 470 beant
225 432 269 470 ad
279 433 396 468 imam
410 441 647 470 curvaturam
659 429 916 480 hemisphaerii:
930 433 985 478 [0]
998 431 1245 482 mediumque
1255 433 1384 472 lumen
1395 433 1434 469 in
1448 430 1707 484 hemisphaerio

102 490 345 537 relinquatur,
368 498 411 524 ex
422 499 546 536 eoque
559 487 735 538 clypeum
749 497 898 524 aeneum
917 488 1060 525 catenis
1072 489 1251 539 pendeat:
1270 500 1336 541 per
1348 489 1454 532 cujus
1467 489 1710 527 reductiones

106 542 395 582 &demissiones
413 542 624 593 perficietur
642 541 839 580 sudationis
860 552 1113 593 temperatura
1129 556 1136 579 :
1157 543 1351 596 ipsumque
1368 543 1415 581 ad
1426 545 1609 583 circinum
1630 544 1710 583 fieri

105 610 281 650 oportere
291 597 444 642 videtur,
457 609 497 636 ut
506 599 696 647 ‚equaliter
708 596 728 635 ὲ
741 597 871 636 medio
883 598 1043 637 flamma:
1054 598 1272 650 vaporisque
1281 601 1336 643 vis
1347 610 1412 651 per
1426 602 1488 655 [p]
1503 611 1709 641 curvaturae

106 655 387 694 rotundationes
397 664 628 706 pervagetur.

762 709 797 746 C
827 721 850 745 Α
885 722 920 747 P.
977 711 1014 748 X
1027 710 1051 747 Ι.

394 796 477 851 De
492 796 834 867 Palaestrarnm
849 789 1155 871 aedificatione
1168 794 1232 857 ὅ
1242 795 1432 872 Xystis.

202 917 294 959 Unc
306 914 396 954 mihi
406 917 553 955 videtur
568 916 727 965 (tametsi
738 929 817 955 non
829 916 897 954 sint
907 917 1043 956 Italicae
1057 913 1351 968 consuetudinis)
1366 913 1612 969 palaestrarum
1624 917 1710 957 redi-

199 975 393 1013 ficationes
407 974 551 1012 tradere
562 973 804 1025 explicate‚&
818 974 1148 1024 quemadmodum
1159 975 1258 1026 apud
1268 974 1425 1013 Graecos
1437 974 1711 1012 constituantur
1729 1005 1733 1008 .

1596 1040 1711 1067 mona

508 1119 541 1145 C.
567 1119 712 1146 AVILIVS
736 1119 898 1146 LICINIVS
931 1119 1093 1147 TROSIVS
1117 1120 1311 1149 CVRATOR.

649 1170 842 1199 SCHOLAM
863 1170 912 1199 DE
937 1173 1009 1199 SVO
1031 1172 1155 1200 FECIT.

181 1224 321 1253 BEBRIX
343 1225 429 1252 AVG.
451 1224 482 1251 L.
505 1224 715 1252 DRVSIANVS
740 1226 773 1251 A.
796 1224 922 1252 FABIVS
944 1225 1145 1253 XANTHVS.
1168 1226 1257 1254 CVR.
1276 1226 1417 1254 SCRIBIS
1441 1223 1631 1253 LIBRARIIS

531 1278 580 1305 ET
603 1276 855 1305 PRAECONIBVS
878 1277 948 1304 AED.
974 1278 1061 1306 CVR.
1085 1277 1279 1305 SCHOLAM

205 1333 251 1360 AB
274 1331 488 1360 INCHOATO
512 1331 769 1361 REFECERVNT
791 1330 1052 1359 MARMORIBVS
1082 1331 1354 1359 ORNAVERVNT
1377 1328 1608 1359 VICTORIAM

360 1385 567 1413 AVGVSTAM
589 1385 639 1412 ET
662 1385 771 1412 SEDES
794 1383 925 1412 AENEAS
952 1383 1004 1410 ET
1029 1384 1188 1412 CETERA
1210 1383 1463 1413 ORNAMENTA

628 1438 678 1465 DF.
699 1438 766 1464 SVA
791 1437 955 1465 PECVNIA
978 1436 1193 1466 FECERVNT.

146 1487 233 1520 Fuisse
242 1490 314 1519 enim
328 1494 352 1519 3<
363 1490 471 1519 Scholas
482 1491 508 1518 in
519 1489 667 1529 porticibus
680 1511 686 1523 ‚
703 1491 748 1529 qui
758 1489 825 1517 Plin.
838 1487 936 1530 legerit
947 1497 1004 1526 cap.
1020 1499 1044 1516 v.
1057 1487 1103 1516 lib.
1112 1498 1208 1518 xxxvi.
1221 1487 1332 1517 minime
1343 1489 1467 1529 ignorate
1476 1488 1570 1528 potest.

105 1534 146 1568 m]
169 1533 251 1560 Idem.
273 1533 393 1561 Nomine
402 1532 469 1560 alvei
480 1532 581 1560 labrum
592 1531 721 1571 intelligit
733 1552 739 1562 ,
751 1539 779 1558 ut
791 1539 863 1562 ante,
875 1539 970 1568 praeter
980 1528 1106 1558 Scholam
1117 1529 1182 1558 labri
1194 1533 1219 1558 ὗε
1229 1529 1316 1558 alvei:
1336 1530 1422 1568 vultq;
1432 1528 1479 1557 sub
1490 1530 1535 1558 dio
1545 1524 1597 1557 effe
1606 1549 1613 1559 ‚
1625 1527 1712 1557 latum

147 1573 225 1612 pedes
235 1573 286 1601 sex.
304 1575 340 1601 Vt
349 1583 441 1611 parum
452 1572 642 1611 prospexerint,
655 1573 701 1610 qui
712 1581 761 1610 pro
779 1571 888 1599 alveolis
901 1570 942 1599 seu
953 1570 1026 1598 tubis
1037 1571 1064 1597 in
1076 1570 1220 1609 parietibus
1231 1570 1347 1598 laconici
1358 1570 1457 1599 relictis
1467 1570 1632 1608 interpretati
1642 1568 1713 1597 sunt.

147 1617 190 1642 Dc
205 1613 304 1642 balneis
316 1615 387 1641 enim
398 1614 481 1641 adhuc
494 1613 631 1650 loquitur:
651 1613 682 1641 de
693 1612 818 1640 laconico
829 1622 893 1642 vero
902 1611 1000 1651 postea.
1019 1610 1070 1639 Sed
1080 1611 1166 1641 minus
1177 1610 1386 1640 succensendum
1396 1610 1591 1639 Architesturae
1602 1610 1713 1651 ignaris,

149 1665 199 1682 nec
210 1653 268 1682 satis
277 1675 283 1685 ‚
300 1663 329 1682 ut
349 1663 432 1693 puto,
449 1653 555 1682 versatis
567 1675 573 1687 ‚
586 1664 612 1682 in
624 1653 677 1682 hoc
687 1662 790 1682 autore.

105 1697 137 1731 n]
159 1696 244 1723 Idem.
273 1696 348 1734 Apud
359 1694 531 1723 Dionemlib.
546 1705 601 1723 1.111
623 1695 738 1735 legimus
746 1695 850 1724 dictum
860 1691 911 1722 effe
922 1694 1160 1727 Laconicum,hoc
1172 1694 1218 1727 est,
1238 1691 1404 1728 νημαι-ὦμον
1416 1690 1562 1727 nanasardi,
1579 1691 1652 1731 quod
1665 1688 1716 1719 La?-

147 1736 309 1764 cedaemonn
321 1737 346 1763 in
357 1735 486 1771 ejusmodi
498 1735 634 1763 sudatoriis
642 1744 838 1763 exercerentur.
860 1736 904 1763 Eis
914 1745 978 1763 vero
994 1735 1116 1763 sudorem
1134 1745 1167 1763 ex
1185 1732 1274 1763 calore
1293 1735 1364 1762 ficco
1383 1734 1443 1762 elici
1453 1735 1548 1762 aufto:
1566 1734 1602 1760 est
1622 1731 1716 1760 Celsus

146 1776 192 1803 lib.
204 1787 229 1803 ς..
241 1787 298 1813 cap.
311 1783 352 1803 16.
364 1776 439 1804 Vnde
448 1776 511 1804 illud
524 1776 684 1804 Columella:
696 1777 722 1803 in
733 1775 887 1813 prooemio:
910 1776 1096 1813 Qcotidianam
1106 1775 1262 1803 cruditatem
1271 1775 1389 1802 laconicis
1397 1776 1559 1812 excoquimus
1568 1793 1574 1802 ‚
1586 1769 1619 1803 65
1629 1773 1716 1799 exm‘io

141 1816 243 1852 sudore,
253 1816 324 1853 sitim
335 1826 476 1854 querimus.
499 1818 580 1844 Erant
591 1826 681 1844 autem
694 1816 776 1844 veluti
787 1815 920 1844 turriculae
930 1825 1070 1844 cameratae
1082 1817 1108 1844 iu
1120 1815 1345 1854 hemisphaerium.
1363 1824 1423 1853 quae
1434 1814 1526 1841 eadem
1545 1813 1605 1840 loca
1613 1811 1718 1852 signifi-

148 1865 201 1886 cat,
211 1866 271 1884 cum
282 1857 329 1887 ait.
343 1857 502 1884 sudationes.
523 1859 620 1885 Seneca
631 1858 657 1884 in
668 1857 748 1895 Epist.
760 1857 898 1884 Sudatoria
908 1866 996 1887 vocat,
1007 1861 1031 1884 ὃ(
1043 1855 1056 1885 ὲ
1068 1856 1236 1885 rotunditate
1251 1855 1459 1894 Sphaeristerium
1470 1853 1611 1882 Suetonius
1621 1853 1647 1880 in
1659 1855 1717 1881 Ve-

147 1897 273 1935 spariano,
284 1900 308 1925 8<
328 1897 395 1924 Plin.
407 1898 433 1924 in
445 1898 524 1934 Epist.
536 1898 568 1924 ad
589 1898 695 1925 Gallum
705 1898 737 1925 de
749 1897 809 1925 villa
819 1896 860 1924 sua
871 1898 1041 1925 Laurentina.
1054 1899 1191 1925 Caeterum
1204 1898 1329 1935 proximo
1346 1905 1403 1934 cap.
1415 1903 1609 1923 concamerata:
1626 1891 1718 1929 cujus-

149 1939 209 1966 dam
218 1937 361 1966 sudationis
375 1939 500 1966 meminit
511 1958 517 1967 .
539 1947 597 1976 quae
608 1937 703 1965 habeat
714 1939 740 1964 in
753 1936 864 1965 versuris
876 1937 1037 1965 laconicum.
1050 1940 1116 1965 Cor.
1127 1936 1218 1965 Celsus
1227 1936 1275 1964 lib.
1288 1946 1311 1970 3.
1320 1946 1377 1974 cap.
1390 1946 1435 1967 27·
1447 1936 1513 1964 dicit
1524 1932 1588 1962 assas
1598 1934 1717 1962 sudatio-

149 1989 196 2006 nes
208 1999 214 2010 ,
230 1978 262 2006 ad
272 1975 452 2006 differentiam
464 1988 568 2010 earum.
590 1988 648 2016 quae
660 1977 728 2006 fiunt
740 1977 848 2005 balneis.
873 1978 959 2016 Qod
970 1978 1070 2017 duplici
1081 1977 1164 2006 modo
1175 1977 1232 2006 fieri
1242 1977 1356 2005 vidimus
1369 1977 1394 2004 in
1407 1975 1503 2004 finibus
1517 1978 1714 2007 Arvernorum,

151 2019 177 2046 in
190 2018 254 2047 urbe
264 2020 306 2047 cui
317 2019 406 2047 calidis
425 2020 498 2058 aquis
508 2019 542 2046 est
553 2029 660 2046 nomen.
686 2021 716 2046 In
728 2029 757 2046 ea
768 2019 844 2046 variis
857 2016 870 2046 ὲ
881 2019 948 2046 locis
969 2019 1085 2057 erumpit
1108 2019 1225 2046 maxima
1237 2018 1275 2046 vis
1293 2027 1367 2055 aquae
1388 2013 1559 2045 calidiffimae.
1579 2016 1716 2054 Praecipua

150 2059 285 2098 scaturigo
295 2060 382 2088 statim
392 2070 471 2099 quam
481 2059 508 2087 in
520 2058 624 2087 labrum
633 2059 750 2091 decidit,
769 2069 814 2097 per
822 2058 928 2098 specum
937 2059 964 2086 in
983 2059 1122 2097 publicum
1133 2058 1248 2087 subdiale
1259 2058 1394 2087 lavacrum
1409 2058 1553 2086 derivatur.
1576 2056 1647 2084 Alias
1659 2057 1718 2094 pri-

151 2109 220 2128 vata:
231 2100 277 2127 sibi
288 2100 393 2133 domus,
403 2109 433 2128 ut
445 2101 530 2128 monti
542 2102 656 2128 maxime
667 2100 761 2128 vicinae
773 2099 830 2128 sunt
841 2121 848 2133 ,
868 2109 913 2128 aut
923 2099 1067 2128 diversoria
1080 2108 1247 2137 comparant.
1261 2101 1364 2137 Itaque.
1376 2100 1447 2137 prius
1457 2099 1482 2125 in
1495 2097 1606 2125 caldaria
1618 2116 1624 2128 ‚
1634 2096 1659 2123 id
1669 2096 1714 2128 est,

151 2139 293 2168 suditorias
302 2141 485 2179 cellas,aperto
496 2141 617 2179 perlatus
625 2141 739 2169 alterum
747 2140 830 2168 canali
841 2141 1010 2179 perfluentes,
1020 2151 1050 2169 ea
1061 2135 1219 2168 calidissimo
1230 2150 1328 2178 vapore
1340 2139 1488 2176 complent.
1506 2138 1572 2170 Inde
1583 2137 1609 2164 in
1622 2136 1717 2163 balnea.

151 2181 277 2208 influunt.
299 2181 425 2209 Liberum
435 2181 485 2208 tibi
497 2182 532 2209 est
544 2190 605 2209 utro
615 2182 696 2209 modo
708 2182 771 2209 velis
783 2181 884 2209 sudare:
909 2180 952 2209 sed
963 2181 1031 2209 haud
1041 2181 1095 2209 seio
1106 2201 1112 2212 ‚
1133 2191 1164 2208 an
1177 2180 1223 2207 m'fi
1235 2189 1336 2218 magno
1352 2189 1415 2207 cum
1428 2177 1548 2216 periculo
1560 2178 1584 2204 in
1597 2176 1718 2205 caldariis

152 2221 285 2260 persistere
296 2217 386 2260 possm,
397 2230 537 2260 tantopere
548 2220 706 2260 praefocatus
715 2222 751 2249 est
760 2223 834 2250 aestus
845 2242 852 2251 .
864 2224 888 2249 δι’
900 2220 957 2249 solo
967 2222 1074 2253 ostiolo,
1085 2231 1140 2259 quo
1158 2220 1326 2251 clauduntur,
1346 2218 1495 2246 emeabilis.
1517 2219 1611 2256 Neque
1624 2226 1718 2245 tamen

153 2271 220 2290 unus
231 2262 267 2289 est
278 2272 367 2289 earum
377 2272 503 2300 aquarum
515 2261 582 2290 usus.
601 2265 683 2290 Cives
693 2262 810 2289 nuxima
818 2261 980 2300 scaturigine
997 2262 1143 2300 coquendis
1153 2269 1263 2288 utuntur
1273 2260 1342 2290 ovis,
1361 2259 1437 2296 pullis
1446 2258 1639 2296 explumandis,
1652 2267 1720 2296 por-

152 2303 226 2330 cellis
239 2300 406 2330 nefrendibus
416 2306 440 2330 St
451 2302 538 2329 ovillis
549 2302 679 2340 capitibus
690 2301 830 2340 pedibusve
840 2302 1035 2340 deglabrandis‚
1048 2301 1171 2329 carnibus
1183 2301 1264 2327 etiam
1276 2300 1403 2327 elixandis
1413 2303 1437 2327 ἃ
1446 2299 1562 2335 jusculi55
1575 2298 1640 2326 adeo
1650 2298 1718 2326 nihil

152 2343 278 2371 inamaeni
293 2342 391 2381 saporis
409 2341 517 2370 habent.
546 2343 667 2370 Fullones
681 2352 746 2370 vero
757 2343 863 2380 partim,
880 2352 911 2369 ex
920 2341 1019 2369 balneis
1041 2351 1103 2369 cum
1113 2340 1287 2369 subterraneis
1298 2340 1395 2368 cloacis
1417 2349 1491 2367 extra
1503 2339 1598 2367 urbem
1607 2337 1720 2366 effluxe-

153 2394 216 2411 runt
228 2405 234 2416 ,
251 2384 415 2412 semitubulis
426 2384 521 2422 ligneis
530 2383 664 2413 collectas.
684 2382 830 2414 densandis,
841 2380 1060 2420 firmandisque&
1069 2381 1248 2421 abstergendis
1259 2381 1351 2419 pannis
1359 2380 1485 2419 tantisper
1496 2377 1641 2412 sufficiunt,
1652 2380 1718 2408 dum

151 2423 289 2453 fullonicis
300 2425 398 2452 malleis
409 2423 518 2459 subiecti
527 2423 584 2451 sunt
599 2445 605 2454 .
619 2425 715 2461 partim
726 2433 757 2451 ex
768 2422 823 2462 ipso
835 2431 928 2450 monte
944 2431 1087 2461 conceptas
1097 2443 1104 2456 ‚
1119 2422 1257 2450 haustoriis
1268 2421 1395 2459 modiolis
1407 2423 1516 2461 pinnata
1524 2430 1581 2449 tota
1591 2419 1719 2458 proximo

153 2463 254 2505 frigido
263 2466 322 2493 rivo
334 2474 409 2492 mota
420 2464 535 2494 versatis,
547 2464 656 2492 eandem
668 2465 693 2491 in
703 2473 760 2491 rem
773 2472 937 2503 congerunt.

110 2509 139 2543 ο]
162 2507 246 2534 Idem.
270 2505 497 2544 Hemisphaerium
508 2506 523 2533 ii
534 2506 664 2533 testudine
675 2502 764 2532 differt
777 2525 783 2536 ,
806 2504 880 2542 quod
889 2503 945 2532 haec
956 2515 988 2533 ex
999 2503 1103 2533 duobus
1112 2503 1225 2533 arcubus
1235 2504 1262 2531 in
1273 2513 1381 2532 crucem
1394 2503 1453 2532 sein
1462 2510 1557 2531 centro
1569 2498 1719 2530 secantibus
1757 2526 1759 2529 ,

153 2547 273 2575 constare
285 2547 406 2579 viderur,
427 2546 492 2574 illud
507 2555 596 2574 autem
610 2546 683 2584 plant·
700 2545 855 2582 sphaericum
869 2554 948 2584 atque
963 2545 1144 2574 orbiculatum
1154 2546 1199 2573 est.
1223 2545 1283 2572 Itali
1295 2553 1393 2573 vocant
1410 2543 1547 2581 suppetam.
1568 2542 1721 2580 Contingit

151 2597 242 2616 tamen
254 2596 282 2615 ut
295 2587 492 2626 multangulum
503 2586 549 2615 fiat
561 2608 567 2619 ‚
585 2586 733 2621 cujusmodi
743 2585 841 2623 duplex
852 2585 993 2614 Florentia:
1007 2587 1097 2614 visitur
1108 2608 1115 2619 ‚
1127 2585 1154 2614 id
1164 2586 1200 2614 est
1212 2606 1218 2615 .
1228 2586 1265 2613 ita
1276 2586 1404 2614 structum
1415 2593 1444 2612 ut
1464 2583 1618 2611 intermeari
1627 2582 1720 2621 poss‘itt

151 2639 218 2667 opus
228 2628 255 2656 in
264 2636 326 2656 toto
334 2637 463 2657 terrarum
474 2627 540 2656 orbe
557 2628 676 2657 unicum.
697 2629 727 2654 In
738 2627 792 2663 ejus
802 2627 902 2656 vertice
920 2627 1052 2656 collocata
1070 2627 1176 2667 Sphaera
1185 2636 1258 2655 aenea
1268 2627 1338 2666 capit
1354 2626 1476 2654 homines
1495 2625 1640 2653 minimum
1649 2624 1721 2653 duo-

156 2669 257 2698 decim.
1385 2682 1387 2685 f

113 2711 143 2749 p]
163 2710 247 2738 Idem.
270 2709 426 2749 Qomodo
435 2709 459 2738 id
471 2719 642 2748 procuratum
653 2709 693 2741 sit,
707 2708 811 2737 mentio
822 2709 949 2748 praeteriit
958 2710 1065 2739 Vitruv.
1077 2720 1125 2738 nos
1136 2720 1200 2738 vero
1211 2720 1243 2738 ex
1254 2718 1375 2738 veterum
1386 2707 1550 2746 thermarum
1562 2716 1724 2735 monumen-

157 2751 190 2779 tis
199 2750 432 2789 deprehendimus.
451 2750 626 2779 Sublaconici
647 2752 803 2787 pavimento
820 2751 1019 2778 concameratio
1030 2759 1086 2779 erat
1100 2772 1107 2782 2
1127 2751 1170 2778 ubi
1183 2749 1390 2778 succendebatur
1406 2748 1475 2787 ignis
1487 2769 1494 2780 ,
1512 2746 1722 2786 quaquaversum

156 2800 222 2820 vero
230 2793 256 2819 in
268 2791 412 2830 parietibus
421 2791 452 2819 ad
462 2792 544 2819 imam
554 2791 729 2829 hemisphaerii
740 2799 909 2819 curvaturam
921 2791 1049 2820 struffiles
1063 2790 1188 2820 fietilesve
1197 2790 1366 2821 canalesffive
1375 2789 1501 2820 tubuli.ut
1510 2787 1722 2816 vocatl‘roculus·

159 2832 414 2861 Pandest.11'b.v111.
436 2832 468 2860 de
478 2834 573 2860 Servit.
589 2831 680 2859 urbm.
693 2831 772 2869 praed.
791 2841 911 2870 perquos
923 2832 1034 2860 flammae
1046 2831 1200 2870 vaporisque
1217 2832 1256 2859 vis
1267 2829 1444 2859 deferebatur.
1460 2828 1511 2856 Vbi
1522 2838 1610 2857 autern
1628 2838 1725 2856 curva-

159 2879 246 2900 turam
254 2875 435 2912 contingerat,
447 2874 565 2901 rotundo
573 2882 642 2900 aereo
651 2872 789 2910 operculo,
802 2872 874 2910 quod
886 2872 1011 2910 clypeum
1022 2872 1146 2911 appellat,
1167 2874 1239 2907 (eam
1248 2873 1319 2899 enim
1331 2871 1418 2909 clypei
1429 2866 1503 2898 fuisse
1512 2869 1635 2910 figuram,
1648 2869 1724 2896 Poli-

160 2909 230 2943 biu‘2
249 2913 294 2941 ubi
304 2914 336 2942 de
348 2916 465 2942 Roman.
484 2914 725 2941 Castrametatione
743 2914 799 2952 agit
812 2933 818 2943 ,
836 2912 1012 2946 demonstrat)
1030 2912 1174 2951 impedita,
1192 2912 1238 2940 sub
1256 2911 1417 2951 suspensione
1440 2910 1645 2950 pervagabatur.
1663 2908 1723 2947 Qi

161 2949 295 2986 sudabant,
307 2954 395 2993 clypei
406 2953 553 2983 sublatione
561 2951 781 2992 depressioneque
802 2953 884 2980 calori
893 2953 1111 2983 moderabantur.
1131 2954 1259 2982 Laconici
1269 2952 1384 2996 figuram
1397 2951 1456 2982 vide
1467 2952 1494 2980 in
1507 2952 1609 2982 Lexico
1620 2961 1651 2979 ex
1662 2950 1726 2977 reli-

161 2991 230 3031 quiis
240 2991 403 3026 thermarum
415 2996 607 3031 Caracallaep&
617 2995 694 3024 aliam
706 2994 775 3034 apud
784 2994 941 3023 Barbarum.
1640 3027 1712 3066 ph·

1139 3035 1168 3066 N
1621 3040 1639 3061 ss
1704 3038 1727 3057 ⁸⁴
