2023 3162
240 72 313 104 186
606 59 1471 102 NLViTRuvnPoLLionis

241 129 307 184 [m]
322 130 382 168 die
395 140 485 168 xxvi
498 140 511 165 1
525 140 537 166 1
549 158 556 166 .
569 131 607 167 ὃ(
618 129 776 180 amplius
789 129 936 165 circiter
948 127 1054 167 hora,
1067 127 1160 165 coeli
1172 128 1433 165 circuitionem
1453 139 1520 179 per
1529 140 1691 173 currens,
1705 137 1749 169 cx
1761 123 1839 182 quo

235 188 398 238 coeperit
410 186 513 236 signo
525 187 588 224 ire,
601 186 647 222 ad
656 186 692 222 id
703 184 846 233 signum
857 182 1241 233 revertendo,perficit
1251 185 1420 221 lunarem
1431 184 1608 224 mensem.
1630 189 1699 226 Sol
1708 200 1837 227 autem

239 244 332 295 signi
342 243 509 294 spatium,
518 241 622 291 quod
632 241 681 277 est
690 239 918 278 duodecima
927 252 1006 290 pars
1018 240 1165 284 mundi,
1176 239 1301 277 mense
1312 250 1477 277 vertente
1487 242 1621 280 vadens
1632 244 1754 282 transit
1766 261 1772 282 :
1785 247 1838 283 ita

236 300 442 339 duodecim
454 296 640 337 mensibus
650 295 852 334 duodecim
862 295 1052 345 lignorum
1062 296 1257 332 intervalla
1268 296 1517 346 pervagando,
1536 310 1624 336 cum
1637 301 1729 338 redit
1744 302 1789 338 ad
1799 301 1836 337 id

238 356 383 406 lignum
397 355 495 393 unde
506 353 678 402 coeperit,
692 348 752 404 [n]
766 351 910 403 perficit
921 351 1074 402 spatium
1084 352 1262 389 vertentis
1274 353 1371 389 anni.
1386 353 1438 389 Ex
1450 364 1510 394 co,
1522 365 1635 403 quem
1647 358 1834 394 circulum

235 413 345 451 Luna
364 410 542 449 terdecies
563 410 602 445 in
613 408 818 446 duodecim
830 408 1017 446 mensibus
1029 409 1211 458 percurrit
1223 435 1233 452 ‚
1253 419 1340 445 curn
1358 408 1423 445 Sol
1443 409 1572 446 iisdem
1587 411 1771 449 mensibus
1785 414 1837 450 se-

234 470 311 506 mel
321 467 549 518 permetitur.
580 465 759 502 Mercurii
768 476 893 503 autern
906 464 943 501 &
957 465 1114 501 Veneris
1125 463 1232 501 stellae
1244 493 1254 508 ‚
1275 465 1418 502 circum
1430 466 1529 502 Solis
1541 466 1663 503 radios
1680 492 1687 505 .
1707 468 1835 507 Solem

235 523 351 574 ipsum
368 553 378 568 ‚
399 523 453 560 uti
463 531 647 566 centrum,
659 521 849 559 itineribus
861 530 1087 558 coronantes
1100 546 1108 560 ‚
1121 519 1296 570 regressus
1307 521 1511 559 retrorsum
1522 524 1559 559 δε
1571 522 1835 562 retardationes

234 579 389 617 faciunt.
421 578 542 615 Etiam
553 576 786 617 stationibus,
810 587 963 628 propter
973 588 1055 615 eam
1076 577 1363 614 circinationem
1375 606 1385 622 ,
1406 588 1601 616 morantur
1611 579 1648 615 in
1659 577 1780 629 spatiis
1791 580 1835 617 fi-

233 646 413 684 gnorum.
443 634 482 671 Id
494 643 620 672 autem
633 635 682 671 ita
693 632 761 671 esse
774 636 936 671 maxime
949 632 1190 683 cognoscitur
1201 645 1246 670 ex
1267 633 1423 670 Veneris
1434 633 1547 679 stella,
1563 636 1667 684 quod
1679 647 1732 674 ea.
1749 647 1836 674 cum

234 691 366 728 Solem
379 688 563 740 sequatur,
574 690 656 740 post
667 689 845 728 occasum
857 692 935 737 ejus
946 700 1124 740 apparens
1135 691 1171 725 in
1185 689 1292 728 caelo‚
1305 688 1574 740 clarissimeque
1585 693 1713 728 lucens
1725 717 1733 731 ‚
1759 692 1837 729 Ve-

232 747 393 798 sperugo
403 748 607 785 vocitatur:
630 747 707 784 aliis
718 756 846 784 autern
863 746 1098 798 temporibus
1110 757 1199 782 eum
1211 754 1469 792 antecurrens,
1490 750 1527 785 ὅ(
1539 749 1663 784 oriens
1683 758 1769 785 ante
1781 748 1838 785 lu-

233 815 334 848 cem,
350 802 499 841 Lucifer
512 803 729 853 appellatur.
760 803 812 840 Ex
826 814 951 852 eoque
963 812 1237 851 nonnunquam
1251 801 1373 851 plures
1385 801 1508 840 diesin
1521 816 1598 841 uno
1610 803 1714 853 signo
1727 816 1838 842 com-

231 869 443 898 morantur,
458 860 543 896 alias
556 859 710 896 celerius
721 859 978 908 ingrediuntur
987 859 1023 894 in
1037 859 1195 894 alterum
1208 856 1366 906 signum.
1382 859 1516 908 Itaque
1528 860 1633 909 quod
1643 872 1722 897 non
1733 873 1837 910 aequc

231 923 412 966 peragunt
424 926 625 952 numerum
636 915 782 951 dierum
792 916 828 950 in
839 914 986 963 singulis
998 912 1122 963 signis,
1133 924 1315 962 quantum
1329 913 1406 952 sunt
1418 926 1572 953 moratae
1583 919 1695 967 prius,
1710 916 1836 955 transi-

237 971 368 1008 liendo
381 970 620 1008 celerioribus
630 970 829 1008 itineribus,
841 969 1037 1020 perficiunt
1046 969 1177 1016 justum
1192 969 1279 1006 curs
1273 972 1402 1007 um.lta
1414 969 1584 1017 efficitur,
1595 974 1645 1010 uti
1656 973 1760 1022 quod
1771 973 1836 1010 dc-

224 1036 427 1077 ‘morentur
437 1030 475 1063 in
486 1027 678 1064 nonnullis
691 1025 1063 1074 fignis,niliilominus
1076 1038 1162 1063 cum
1175 1027 1332 1076 eripiunt
1341 1026 1374 1063 sc
1387 1025 1407 1062 Ξι
1417 1027 1633 1065 necestitate
1644 1041 1837 1067 morae‚ce-

228 1082 351 1120 leriter
361 1081 634 1132 cousequantur
644 1082 774 1129 justam
787 1083 1137 1119 circuitionem.1ter
1145 1091 1269 1118 autem
1278 1084 1318 1119 in
1329 1082 1473 1120 mundo
1489 1083 1534 1133 [0]
1544 1085 1723 1122 Mercurii
1733 1085 1836 1124 stella

226 1140 276 1175 ita
298 1139 496 1189 pervolitat
508 1167 516 1182 ,
536 1139 590 1175 uti
599 1137 863 1175 trecentesimo
882 1140 920 1176 δε
940 1136 1167 1187 sexagesimo
1188 1137 1244 1174 die
1262 1150 1327 1189 per
1343 1137 1535 1188 signorum
1555 1140 1665 1191 spatia
1685 1154 1834 1179 currens

226 1196 419 1244 perveniat
429 1194 474 1231 ad
484 1194 520 1231 id
531 1193 674 1244 signum
688 1224 697 1239 ,
717 1206 761 1231 cx
774 1206 855 1243 quo
872 1194 995 1245 priore
1016 1194 1260 1231 circulatione
1272 1196 1392 1245 coepit
1412 1194 1535 1232 facere
1546 1197 1710 1234 cursum:
1733 1199 1770 1235 ὃ(
1784 1200 1836 1235 ita

227 1260 462 1302 peraequatur
472 1251 548 1296 ejus
559 1252 628 1288 iter
638 1280 649 1296 ‚
673 1260 713 1288 ut
723 1251 868 1288 circiter
879 1251 1044 1288 tricenos
1056 1249 1182 1287 diesin
1193 1248 1339 1300 singulis
1351 1249 1459 1300 signis·
1472 1251 1607 1290 habeat
1618 1255 1763 1290 numeri
1778 1266 1835 1290 ra-

1667 1320 1832 1348 tionem.

268 1418 398 1458 aruspices
412 1440 418 1451 ,
439 1419 478 1448 uti
489 1418 523 1446 ab
535 1418 642 1458 Higino
654 1415 758 1445 inlibro
767 1415 799 1443 de
810 1423 939 1456 agrorum
950 1414 1186 1443 constitutionibus
1197 1413 1326 1442 traditum
1338 1414 1373 1442 est
1385 1434 1392 1446 ‚
1413 1413 1534 1440 dextram
1546 1421 1649 1450 partem
1660 1412 1732 1440 orbis
1743 1421 1830 1442 terra-

267 1470 327 1489 rum
337 1460 535 1499 appellaverunt
554 1468 612 1487 eam
625 1477 632 1489 ,
653 1468 711 1496 quae
723 1457 903 1496 Septentrioni
915 1454 1031 1491 subjacet
1041 1476 1048 1486 ,
1065 1456 1192 1484 finistram
1201 1465 1280 1485 vero.
1300 1465 1358 1494 quae
1368 1454 1400 1482 ad
1411 1453 1592 1482 Meridianum
1604 1464 1680 1482 terra:
1692 1452 1825 1483 occasum.

267 1505 390 1541 Augures
402 1502 427 1528 in
439 1501 553 1529 Meridie
563 1494 738 1530 constituisse,
750 1508 781 1525 ex
793 1497 861 1524 Livii
871 1495 941 1524 libro
952 1496 1039 1535 primo
1050 1496 1083 1524 ab
1094 1497 1160 1525 urbe
1175 1496 1286 1525 condita
1305 1496 1399 1535 liquet.

225 1543 266 1578 m]
291 1543 373 1570 Idem.
397 1542 496 1569 Plinius
507 1541 552 1568 lib.
568 1551 603 1569 11.
613 1550 669 1578 cap.
680 1549 718 1566 ix.
736 1537 793 1566 fieri
803 1538 839 1565 ait
853 1537 952 1566 vicenis
961 1537 1054 1566 diebus
1064 1537 1226 1576 septenisque
1236 1558 1242 1567 ,
1263 1541 1288 1565 ὃ(
1300 1538 1379 1564 tertia
1389 1536 1442 1564 diei
1453 1544 1536 1574 parte.
1558 1536 1708 1565 Martianus
1721 1537 1832 1574 Capella

267 1582 314 1611 lib.
324 1593 350 1610 vi
359 1593 392 1610 ιι.
413 1582 510 1622 viginti
521 1581 622 1619 septem
633 1579 726 1608 diebus
737 1582 761 1607 ὃ(
772 1574 852 1606 beffe.
871 1575 1042 1607 Cassiodorus
1052 1578 1123 1607 libro
1142 1580 1281 1613 variarum
1292 1587 1332 1605 xt.
1352 1578 1466 1617 triginta
1475 1577 1577 1605 diebus.
1603 1578 1652 1606 Sed
1664 1578 1767 1617 przestat
1777 1580 1833 1614 ejus

265 1625 298 1652 de
310 1624 475 1662 planetarum
488 1622 564 1651 cursu
576 1621 657 1650 verba
664 1618 769 1648 referre.
779 1621 904 1647 Saturnus
918 1620 982 1655 (ait)
995 1620 1070 1648 annis
1081 1620 1194 1660 triginta
1204 1619 1349 1647 constituta
1359 1618 1405 1646 sibi
1417 1618 1473 1646 caeli
1485 1617 1566 1656 spatia
1577 1619 1832 1658 pervagatur.Stella

267 1666 340 1693 Iovis
356 1665 500 1693 duodecim
511 1663 585 1691 annis
601 1661 761 1690 attributam
772 1660 819 1688 fibi
830 1660 970 1700 regionem
987 1660 1105 1689 illustrat.
1130 1661 1226 1688 Martis
1234 1659 1311 1699 sydus
1331 1661 1410 1700 ignea
1419 1659 1556 1687 celeritate
1567 1668 1718 1698 raptatum,
1736 1660 1830 1688 decem

266 1708 292 1733 ὅ(
304 1706 369 1733 οᾶο
381 1705 513 1733 mensibus
523 1705 648 1742 deputata
657 1702 704 1730 fibi
713 1702 844 1730 discurrit.
866 1701 910 1729 Sol
921 1701 981 1729 anni
993 1700 1080 1740 spacio
1088 1701 1200 1729 zodiaci
1210 1700 1303 1729 circuli
1313 1700 1387 1740 ligna
1396 1701 1577 1739 praetervolat.
1601 1702 1707 1729 Astrum
1720 1700 1829 1728 Venetis

264 1746 396 1773 mentibus
408 1746 561 1784 quindecim
572 1744 655 1782 spatia
663 1739 786 1771 concessa
796 1741 968 1770 transcendit.
987 1743 1140 1770 Mercurius
1151 1742 1294 1770 velocitate
1303 1740 1452 1770 succinctus
1462 1762 1470 1773 ‚
1487 1742 1619 1769 tredecim
1628 1740 1757 1769 mentibus
1768 1750 1831 1779 pro-

264 1784 349 1824 posita
361 1787 407 1813 fibi
420 1787 555 1814 intervalla
567 1784 744 1824 praetervehit.
757 1786 831 1812 Luna
842 1783 967 1822 peculiari
979 1783 1057 1811 nobis
1067 1783 1205 1811 vicinitate
1217 1782 1386 1821 proximiori,
1397 1782 1510 1821 triginta
1518 1781 1611 1810 diebus
1626 1781 1741 1820 peragit,
1753 1781 1828 1819 quod

267 1827 328 1854 anni
338 1825 422 1865 spatio
429 1827 473 1854 Sol
482 1836 574 1854 aureus
584 1825 781 1854 cstcumvefffls
790 1824 951 1863 impleverit.
976 1823 1063 1862 Vsque
1072 1823 1121 1852 huc
1132 1820 1314 1852 Cassiodorus.
1328 1824 1384 1861 Qi
1395 1823 1541 1850 ratiocinio
1549 1823 1633 1862 magis
1643 1821 1733 1849 subtili
1745 1831 1827 1849 utun-

267 1875 320 1898 tur,
333 1877 364 1895 ex
377 1867 541 1897 Ptolemaeo,
565 1864 721 1903 Alfonfique
730 1865 826 1893 tabulis
837 1885 843 1896 ‚
863 1867 977 1892 Saturno
994 1864 1117 1892 tribuunt
1126 1865 1180 1892 dies
1196 1865 1284 1891 decies
1294 1863 1366 1891 mille
1385 1861 1569 1900 septingentos
1587 1862 1763 1901 quadraginta
1773 1862 1827 1896 sex,

267 1907 294 1935 id
304 1908 351 1939 est,
361 1917 444 1935 annos
456 1907 553 1945 viginti
564 1916 662 1933 novem
674 1926 681 1937 ,
701 1906 756 1932 dies
767 1913 879 1933 centum
891 1905 1083 1943 quinquaginta
1100 1913 1215 1943 quatuor
1226 1925 1233 1935 ,
1253 1907 1277 1932 ὃς
1290 1904 1366 1931 horas
1376 1900 1430 1930 fere
1442 1903 1568 1940 quinque.
1593 1903 1651 1929 Iovi
1662 1902 1715 1930 dies
1733 1912 1828 1942 quater

272 1948 346 1976 mille
366 1956 501 1976 trecentos
511 1947 624 1985 triginta
635 1949 659 1973 δε
671 1954 755 1972 unum
765 1964 772 1974 ,
789 1945 815 1971 id
825 1945 861 1972 cst
870 1965 876 1975 .
894 1954 978 1972 annos
989 1945 1115 1972 undecim
1128 1965 1135 1976 ,
1145 1945 1199 1972 dies
1211 1952 1364 1971 tercentum
1375 1943 1538 1971 &tredecim
1547 1964 1553 1973 .
1573 1946 1597 1971 &
1610 1942 1686 1970 horas
1698 1941 1751 1971 fere
1761 1954 1828 1983 qua-

267 1989 430 2016 tuordecim.
452 1987 536 2015 Marti
545 1987 599 2014 dies
610 1985 751 2013 sexcentos
762 1985 905 2024 ofitoginta
914 1983 1014 2021 septem
1027 2005 1034 2016 ,
1045 1988 1069 2012 ὅ(
1078 1984 1171 2011 horam
1183 1994 1263 2012 unam
1275 2004 1281 2014 ‚
1295 1983 1320 2011 id
1331 1983 1375 2014 est.
1388 1993 1496 2015 annum,
1508 1984 1562 2011 dies
1574 1993 1711 2012 trecentos
1722 2005 1729 2017 ,
1748 1988 1772 2013 ἃ
1786 1985 1826 2012 vi-

267 2030 339 2069 ginti
350 2038 433 2057 unum
445 2049 451 2061 ‚
472 2027 549 2055 horas
559 2027 655 2055 decem
667 2029 691 2053 8(
702 2034 800 2053 novem
811 2045 817 2056 ‚
838 2028 862 2052 δε
871 2024 974 2051 minuta
984 2021 1039 2052 fere
1049 2025 1152 2052 decem.
1173 2024 1290 2052 Solidies
1303 2033 1439 2051 trecentos
1449 2023 1585 2064 sexaginta
1596 2026 1712 2064 quinque
1722 2046 1728 2057 ‚
1749 2025 1827 2053 horas

267 2071 386 2108 quinque
396 2089 404 2102 ,
424 2073 448 2097 &
459 2069 561 2096 minuta
571 2065 625 2095 fere
636 2066 811 2106 quadraginta
822 2074 929 2093 novem.
952 2065 1051 2093 Veneri
1061 2065 1176 2093 totidem
1187 2086 1193 2097 ,
1214 2065 1353 2092 Mercurio
1363 2065 1492 2092 totidem:
1516 2067 1598 2093 Lnnae
1609 2066 1664 2093 dies
1675 2066 1773 2105 viginti
1784 2066 1826 2094 se·

270 2119 345 2149 ptem
355 2131 362 2143 ‚
380 2109 456 2137 horas
464 2108 565 2147 septem
575 2130 582 2141 ,
602 2111 626 2136 8(
639 2107 743 2134 minuta
752 2104 806 2134 fere
817 2105 1000 2145 quadraginta.
1022 2108 1117 2144 Neque
1127 2114 1217 2133 tamen
1227 2105 1430 2133 existimandum
1440 2106 1474 2132 est
1485 2125 1490 2137 ‚
1509 2106 1642 2143 planetam
1652 2106 1728 2134 sicuti
1740 2106 1829 2134 homi-

269 2161 332 2179 nem
341 2159 386 2178 aut
397 2148 539 2178 formicam
551 2159 596 2188 per
605 2147 629 2176 sc
641 2147 761 2180 moveri,
779 2149 816 2174 ita
825 2147 897 2174 enim
907 2146 978 2185 quafi
987 2146 1041 2174 avis
1051 2150 1140 2175 aerem
1151 2167 1158 2178 ‚
1174 2156 1218 2174 aut
1230 2145 1305 2184 piscis
1314 2155 1408 2183 aquam
1421 2147 1596 2184 penetrandO.
1608 2156 1745 2186 rumperet
1756 2148 1829 2186 quod

270 2191 304 2219 ab
313 2190 509 2230 incorruptibili
522 2190 550 2217 fit
563 2198 676 2228 corpore
686 2188 811 2220 alienum,
823 2186 865 2215 sed
873 2195 998 2215 movetur
1009 2186 1042 2214 ab
1049 2187 1113 2215 orbe
1121 2187 1239 2226 quodam
1248 2187 1372 2216 diffinito
1384 2207 1390 2219 ,
1408 2190 1431 2214 δε
1442 2187 1474 2214 ad
1486 2186 1512 2215 id
1524 2188 1654 2215 destinato
1666 2209 1672 2221 ,
1691 2189 1717 2216 iri
1727 2189 1829 2217 Orien-

270 2240 336 2260 tem.
360 2232 489 2270 Alioquin
500 2231 601 2270 impetu
612 2230 689 2268 primi
698 2237 790 2256 motus
800 2237 928 2256 movetur
937 2227 968 2256 ad
979 2227 1171 2256 Occidentem.

229 2279 259 2314 n]
292 2276 375 2305 Idem.
394 2277 461 2305 Solis
474 2298 480 2309 ,
500 2276 565 2304 ficut
577 2275 737 2313 reliquarum
748 2274 929 2312 planetarum,
949 2282 1051 2301 meatus
1062 2274 1098 2301 est
1116 2272 1227 2312 duplex,
1243 2273 1330 2300 altero
1340 2272 1444 2311 quoties
1456 2272 1489 2301 ab
1507 2282 1568 2301 ortu
1579 2273 1605 2301 in
1624 2273 1747 2302 occasum
1760 2283 1824 2303 cum

267 2319 370 2346 mundo
381 2318 572 2355 corripiuntur,
590 2316 676 2344 altero
696 2315 740 2354 ipfi
752 2317 827 2343 suum
841 2314 972 2343 circulum
982 2323 1076 2343 contra
1090 2314 1221 2342 mundum
1232 2313 1382 2352 perficiunt.
1404 2314 1448 2341 Sol
1466 2315 1554 2352 itaque
1577 2324 1591 2341 c
1601 2324 1714 2342 cccxv.
1732 2316 1828 2344 diebus

268 2363 294 2387 ὅ(
306 2359 453 2398 quadrante
463 2356 517 2385 fere
530 2378 536 2387 ,
548 2357 573 2384 Id
584 2358 619 2384 est
630 2366 719 2384 annuo
729 2356 822 2395 spatio,
833 2355 938 2384 cursum
947 2354 1020 2383 suum
1032 2356 1145 2395 peragit.
1167 2357 1208 2382 Ita
1218 2352 1272 2382 fere
1291 2355 1405 2382 statuunt
1417 2364 1524 2382 omnes.
1547 2357 1624 2382 quta
1635 2365 1700 2382 vero
1722 2355 1825 2385 Alfonli

267 2399 498 2439 supputationem,
522 2407 580 2436 quae
599 2398 704 2425 caeteris
715 2397 834 2435 praestate
851 2395 988 2427 censetur.
1007 2406 1082 2424 verus
1093 2396 1154 2424 anni
1174 2396 1300 2423 circuitus
1311 2395 1346 2422 cst
1365 2395 1468 2423 dierum
1483 2404 1668 2423 trecentorum
1686 2395 1825 2436 sexaginta

266 2442 383 2480 quinque
395 2461 402 2472 ‚
422 2438 548 2466 horarum
560 2438 678 2475 quinque
690 2458 696 2469 ‚
710 2441 733 2465 ὅ(
745 2437 920 2477 quadraginta
929 2447 1027 2464 novem
1037 2436 1254 2477 sexagefimaruin
1264 2436 1370 2463 alterius
1381 2435 1466 2467 horae,
1485 2440 1509 2463 &
1522 2445 1646 2474 praetetea
1657 2438 1771 2475 partium
1783 2437 1823 2466 se-

266 2481 361 2510 cunda·
371 2480 537 2520 sexagesimae
546 2477 669 2505 sedecim.
692 2478 733 2505 Sic
744 2478 790 2505 fiet
801 2477 894 2506 mensis
910 2477 1012 2506 dicrum
1023 2478 1135 2516 triginta
1146 2498 1152 2509 ,
1169 2476 1293 2504 horarum
1303 2476 1397 2504 decem
1410 2497 1416 2507 ‚
1438 2477 1612 2505 minutiarum
1629 2480 1774 2516 primarum
1785 2479 1826 2506 vi-

267 2523 337 2558 ginti
349 2530 465 2553 novem,
478 2519 651 2548 secundarum
663 2517 714 2551 sex,
724 2519 864 2546 tertiarum
874 2519 982 2558 viginti.
1006 2518 1122 2546 Galenus
1132 2527 1220 2545 autern
1231 2519 1313 2545 tertio
1324 2519 1521 2545 commentario
1533 2519 1558 2544 in
1571 2519 1742 2558 prognostica
1752 2519 1823 2557 Hip—

266 2558 384 2602 pocratis
394 2562 528 2599 explicans
540 2559 620 2588 verba
629 2559 681 2589 illa,
691 2561 785 2596 Neque
796 2569 878 2587 annus
889 2580 896 2591 ‚
915 2569 1000 2598 neque
1011 2558 1111 2587 menses
1121 2559 1232 2598 integris
1244 2559 1376 2585 numerari
1386 2558 1479 2586 diebus
1488 2555 1611 2596 poffunt,
1632 2561 1713 2587 tradit
1725 2569 1825 2587 unum-

264 2613 398 2642 quemque
408 2600 524 2630 mensem
535 2601 668 2628 minorem
675 2595 726 2626 effe
737 2600 849 2638 triginta
861 2599 953 2627 diebus
966 2620 972 2632 ,
995 2600 1123 2635 majorem
1140 2609 1205 2627 vero
1215 2608 1314 2626 novem
1325 2602 1348 2626 &
1361 2599 1473 2638 viginti.
1493 2600 1717 2637 nominatumque
1728 2597 1778 2627 effe
1790 2599 1823 2627 ab

264 2645 380 2682 antiquis
393 2642 509 2671 mensem
519 2650 625 2680 tempus
637 2641 705 2667 inter
714 2640 776 2668 duas
786 2642 865 2667 Luna:
878 2640 1009 2668 coitiones
1018 2640 1195 2668 intercedens:
1207 2638 1247 2667 sed
1259 2643 1282 2666 8:
1293 2638 1345 2677 ipse
1356 2639 1537 2677 Hippocrates
1546 2639 1614 2667 libro
1623 2641 1654 2667 dc
1666 2640 1823 2678 septimessri

265 2694 351 2721 partu,
362 2684 428 2712 duos
443 2681 542 2711 menses
553 2683 590 2709 ait
600 2691 697 2709 novem
709 2684 733 2709 ὃς
745 2681 940 2719 quinquaginta
948 2679 1001 2708 fere
1008 2680 1101 2709 diebus
1111 2680 1323 2711 absolvi;deccm
1335 2679 1510 2718 vero‚septem
1521 2681 1625 2708 dierum
1638 2682 1823 2720 quadragenis.

264 2725 353 2752 Solem
365 2724 490 2763 Orpheus
502 2725 528 2751 in
539 2722 655 2761 hymnis,
669 2722 720 2750 live
731 2723 928 2750 Onomacritus
939 2743 945 2754 ,
955 2730 984 2749 ut
995 2722 1125 2749 existimat
1139 2721 1273 2749 Pausanias
1285 2741 1292 2751 ,
1315 2719 1401 2756 ’ςέο-με
1410 2720 1485 2756 ’όμμρι
1497 2741 1503 2752 ,
1525 2721 1549 2747 id
1561 2722 1596 2748 est
1609 2722 1699 2748 mundi
1711 2721 1823 2750 oculum

263 2774 352 2792 vocat.
365 2765 519 2792 Ambrofius
528 2772 621 2803 praeter
632 2764 666 2795 id,
676 2763 872 2799 jucunditatem
880 2762 932 2790 diei
943 2766 967 2791 &
977 2763 1034 2790 caeli
1043 2762 1269 2801 pulchritudinem
1280 2760 1326 2789 lib.
1341 2771 1380 2787 iv.
1389 2760 1567 2789 hexaemeron
1580 2761 1702 2799 appellat.
1712 2762 1825 2790 Home.

261 2815 305 2833 rus
316 2815 377 2833 eum
389 2806 484 2834 cunsta
495 2805 593 2833 intueti
603 2807 626 2832 &
639 2804 727 2832 audire
736 2801 852 2831 affirmat
864 2824 871 2835 ‚
880 2802 978 2834 η’έλιΘ-
988 2801 1050 2833 9²24
1063 2800 1241 2841 wu‘vr’ipogqfq
1251 2801 1365 2841 (inquit)
1378 2802 1397 2829 Ε
1407 2800 1485 2829 πτίιτ’
1495 2800 1614 2836 ὲπ-ιικέές.
1634 2805 1657 2830 &
1671 2803 1739 2840 apud
1752 2807 1822 2831 Am-

261 2847 381 2874 mianum
394 2846 462 2873 libro
474 2846 606 2885 vigesimo
616 2846 703 2882 primo
714 2845 832 2872 invenias
843 2844 935 2872 mundi
947 2853 1066 2872 mentem
1075 2843 1137 2871 dici.

217 2888 243 2923 o]
282 2887 367 2914 Idem.
390 2887 546 2913 Proximum
558 2886 656 2913 Veneri
666 2885 795 2913 Mercurii
805 2884 892 2924 sydu3‚
904 2886 1013 2913 austore
1025 2884 1092 2912 Plin.
1103 2884 1151 2912 lib.
1162 2893 1196 2911 Π.
1206 2894 1263 2922 cap.
1275 2887 1298 2910 8.
1311 2880 1326 2910 ὲ
1336 2882 1491 2921 quibusdam
1502 2883 1664 2921 appellatum
1676 2885 1819 2922 Apollinis.

258 2925 384 2955 inferiore
394 2927 496 2954 circulo
507 2924 590 2954 fertur
599 2936 699 2954 novem
709 2925 802 2954 diebus
811 2926 905 2953 ociore
920 2925 1034 2960 ambitu,
1046 2925 1130 2954 modo
1140 2933 1200 2953 ante
1211 2925 1279 2954 Solis
1289 2932 1426 2957 exortum,
1438 2924 1522 2951 modo
1532 2925 1590 2963 post
1600 2924 1724 2953 occasum
1734 2925 1818 2964 splen-

256 2968 320 2997 dens
331 2988 339 3000 ,
359 2976 506 3006 numquam
517 2966 550 2996 ab
561 2976 594 2996 eo
605 2967 701 3006 viginti
710 2965 831 3006 partibus
842 2968 981 2995 remotim.

1689 3009 1719 3045 p]
1730 3007 1816 3035 Idem.
