2023 3162
307 122 357 154 70
672 101 1504 141 M.V1Tnuv11t‘ort10ms

306 172 389 211 Etsi
401 171 494 210 aedes
504 171 771 209 eritlatitudine
784 171 905 216 major
917 179 1028 216 quain
1039 167 1151 217 pedes
1174 179 1195 202 x
1208 179 1230 203 Χ
1243 195 1253 212 ,
1280 167 1358 205 duae
1368 167 1555 204 columnae
1576 169 1669 206 inter
1687 168 1777 208 duas
1799 180 1902 209 antas

306 231 604 279 interponantur,
616 240 697 276 quae
712 226 922 273 disjungant
932 232 1166 272 pteromatos
1179 224 1216 258 ὃ(
1228 225 1358 272 pronai
1372 224 1540 273 spatium.
1555 225 1649 261 Item
1660 226 1902 264 intercolum-

305 286 367 321 nia
379 285 444 322 tria
457 313 467 329 ‚
488 295 569 332 quae
591 292 700 319 erunt
718 281 812 317 inter
837 288 938 315 antas
951 279 987 314 &
1001 278 1196 315 columnas
1210 281 1270 324 [a]
1286 304 1293 317 ‚
1317 280 1448 328 pluteis
1469 281 1688 315 marmoreis
1702 280 1772 318 sive
1793 295 1837 319 ex
1851 285 1902 319 in-

305 340 440 377 testino
453 350 567 388 opere
587 333 1001 377 faffisintercludantur‚
1012 335 1061 371 ita
1072 334 1125 370 uti
1135 333 1234 370 fores
1246 333 1491 384 liabeant‚per
1509 346 1597 382 quas
1617 336 1742 372 itinera
1755 347 1902 387 pronao

305 395 406 432 fiant.
437 396 527 432 Item
545 393 570 430 si
580 393 697 437 major
714 392 780 426 erit
791 388 951 425 latitudo
965 401 1077 437 quam
1089 389 1201 439 pedes
1214 401 1236 425 x
1246 401 1269 426 L
1282 419 1291 433 ,
1314 391 1501 427 columnae
1513 400 1643 427 contra
1654 392 1822 439 regiones
1836 405 1904 430 co.

303 452 616 496 lumnarumquae
627 448 725 482 inter
734 455 837 482 antas
847 443 1117 489 sunt‚introrsus
1129 446 1378 485 collocentur,
1387 445 1423 481 δε
1433 457 1485 482 eae
1497 446 1730 483 altitudinem
1744 445 1902 486 habeant

306 519 425 555 mque,
437 516 548 553 quam
560 515 643 551 quae
654 501 778 538 suntin
790 499 926 538 fronte.
959 499 1223 538 Crassitudines
1234 511 1361 538 antem
1374 512 1501 538 earum
1516 510 1759 539 extenuentur
1779 501 1832 540 his
1850 516 1904 542 ra-

306 562 488 602 tionibus,
509 560 561 595 uti
582 557 750 594 tiociiava
762 567 862 607 parte
881 566 1095 604 erunt‚quae
1115 555 1195 593 sunt
1215 559 1253 593 iu
1265 556 1410 595 fronte,
1432 556 1485 594 hae
1505 556 1593 594 fiant
1610 569 1754 595 novem
1773 568 1902 608 partes.

306 616 370 653 Sin
389 624 512 652 autem
526 624 626 650 nona
640 640 648 653 ‚
668 624 728 650 aut
749 613 911 654 decima3
933 623 1002 662 pro
1022 622 1098 649 rata
1118 623 1221 663 parte
1239 612 1337 649 fiant.
1369 613 1410 649 In
1431 612 1610 650 concluso
1632 615 1731 650 enim
1751 614 1838 650 aere
1851 642 1861 659 ‚
1878 613 1905 652 si

305 683 388 720 quae
407 680 613 707 extenuatae
625 679 745 712 erunt,
757 679 837 706 non
848 668 1115 705 discernentur:
1139 667 1191 704 sin
1204 678 1327 705 autem
1337 667 1562 706 videbuntur
1573 669 1800 718 graciliores,
1815 682 1906 708 cum

305 724 547 764 exterioribus
565 724 701 762 fuerint
714 724 802 761 stria:
823 736 845 760 Χ
857 736 877 760 Χ
888 736 943 762 lv,
960 724 997 759 in
1016 722 1070 760 his
1082 722 1257 760 facienda:
1270 734 1377 760 erunt
1397 736 1418 759 Χ
1430 736 1451 760 Χ
1463 735 1486 760 v
1502 736 1515 760 1
1530 737 1543 760 1
1557 736 1570 760 1
1595 735 1656 761 aut
1677 737 1698 760 x
1709 737 1729 760 Χ
1742 736 1762 760 x
1779 737 1792 760 1
1808 736 1838 761 1.
1854 727 1905 764 Ita

302 781 409 830 quod
431 780 634 818 detrahitur
654 781 698 817 de
721 791 884 830 corpore
902 779 997 829 scapi
1016 803 1024 817 ‚
1052 778 1220 816 striarum
1246 791 1408 816 numero
1428 779 1573 828 adjeEto
1591 779 1831 829 adaugebitur
1850 792 1905 820 ta-

301 839 421 882 tione,
434 849 513 886 quo
526 837 646 874 minus
657 836 850 880 videbitur,
872 837 909 873 ὅ(
921 837 971 871 ita
982 835 1231 883 exaequabitur
1244 833 1371 885 dispari
1382 837 1528 873 ratione
1540 836 1802 873 columnarum
1814 836 1905 873 cras-

303 893 437 931 fitudo.
471 892 561 929 Hoc
578 903 705 930 autem
722 890 833 928 efficit
856 902 896 928 ea
916 890 1032 934 ratio,
1058 890 1167 939 quod
1179 891 1311 927 oculus
1329 891 1431 940 plura
1453 890 1488 927 ὃ(
1503 890 1690 928 crebriora
1708 889 1809 939 signa
1827 902 1905 930 tan-

303 948 430 999 gendo
443 977 452 993 ‚
478 951 619 995 majore
640 948 732 985 visus
755 947 979 983 circuitione
1000 956 1227 995 pervagatur.
1260 945 1438 994 Namque
1457 945 1482 982 sl
1501 947 1579 985 duae
1598 948 1786 983 columnae
1799 959 1904 997 aeque

161 1012 286 1050 limfis.
304 1004 420 1042 craffae
439 1005 543 1041 lineis
562 1004 909 1041 circummetientur
927 1030 937 1045 ‚
971 998 991 1037 ὲ
1014 999 1147 1050 quibus
1172 1011 1245 1037 una
1264 1012 1344 1037 non
1366 1000 1481 1038 striata
1507 1004 1545 1039 ὅ(
1573 1002 1683 1039 altera
1702 1001 1840 1047 striata,
1863 1006 1903 1041 ὃς

160 1074 189 1096 ν.
202 1069 267 1104 stri-
304 1057 361 1106 [b]
374 1059 473 1097 circa
493 1059 655 1108 strigium
677 1070 769 1095 cava
781 1057 817 1094 ὃ(
829 1057 986 1107 angulos
998 1056 1165 1093 striarum
1175 1057 1269 1093 linea
1280 1068 1439 1106 corpora
1451 1067 1585 1106 tangat,
1600 1056 1744 1094 tametsi
1755 1060 1905 1096 colum-

156 1109 251 1146 fflm’n·
306 1128 358 1153 noe
380 1126 481 1164 aeque
496 1115 614 1151 crass'ae
626 1114 777 1157 fuerint,
789 1114 895 1150 lineae
906 1124 988 1162 quae
1008 1112 1246 1150 circumdatae
1259 1122 1467 1157 erunt‚n0n
1485 1123 1592 1150 crunt
1611 1114 1782 1163 aequales,
1799 1114 1905 1162 quod

159 1174 258 1209 Vstri-
305 1171 472 1208 striarum
484 1170 520 1206 ὃς
539 1169 701 1220 strigium
713 1170 891 1206 circuitus
908 1170 1090 1215 majorem
1106 1166 1240 1205 efficiet
1250 1168 1356 1204 lineae
1373 1168 1663 1217 longitudinem.
1691 1170 1757 1205 Sin
1777 1180 1905 1207 autem

158 1215 249 1250 ΨΜ·
304 1228 382 1265 hoc
394 1228 442 1264 ita
455 1226 650 1269 videbitur,
663 1236 741 1261 non
763 1224 811 1260 est
823 1225 986 1261 alienum
999 1226 1036 1260 in
1055 1223 1213 1273 angustis
1232 1224 1327 1260 locis
1348 1225 1385 1260 ὅ(
1403 1225 1440 1260 in
1457 1223 1637 1261 concluso
1655 1224 1770 1274 spatio
1789 1226 1906 1273 graei-

303 1284 416 1320 liores
436 1282 706 1318 columnarum
728 1280 955 1328 symmetrias
968 1281 1005 1316 in
1025 1291 1139 1330 opere
1159 1272 1399 1319 constituere,
1418 1291 1508 1317 cum
1530 1280 1734 1317 habeamus
1754 1280 1905 1323 adjutri-

304 1350 390 1376 cem
412 1338 579 1374 striarum
604 1346 903 1386 temperaturam.
936 1335 1051 1386 Ipsius
1071 1346 1196 1372 autem
1211 1335 1313 1372 cellae
1334 1336 1518 1385 parietum
1538 1334 1811 1372 craffitudinem
1834 1347 1905 1386 pro

305 1404 383 1431 rata
404 1403 507 1443 parte
519 1392 784 1441 magnitudinis
799 1390 877 1428 ficri
889 1401 1041 1442 oportet
1052 1420 1061 1435 ‚
1080 1391 1174 1427 dum
1195 1400 1287 1427 anta:
1299 1401 1433 1428 eorum
1446 1390 1743 1428 crassitudinibus
1754 1391 1905 1429 colum-

304 1461 437 1486 natum
457 1447 524 1486 sint
533 1448 688 1497 aequales
702 1476 713 1492 ,
733 1446 770 1483 &
783 1446 807 1483 si
818 1448 971 1485 extruCti
991 1446 1102 1483 futuri
1120 1445 1201 1490 sint,
1215 1458 1325 1496 quam
1345 1445 1593 1484 minutissimis
1606 1448 1795 1483 caementis
1808 1447 1905 1484 reete

304 1504 495 1542 struantur.
531 1505 591 1550 [c]
615 1503 678 1539 Sin
696 1512 825 1539 autem
845 1503 1031 1552 quadrato
1052 1502 1140 1539 saxo
1158 1512 1224 1539 aut
1236 1513 1439 1546 marmore,
1459 1504 1620 1539 maxime
1640 1502 1798 1539 modicis
1811 1503 1904 1551 pari-

305 1559 448 1608 busque
464 1560 612 1598 videtut
635 1557 703 1595 effe
726 1558 936 1596 faciendum
958 1573 965 1595 ε
987 1558 1092 1607 quod
1112 1558 1232 1595 media
1249 1567 1470 1607 coagmenta
1488 1557 1599 1594 medii
1621 1556 1758 1609 lapides
1779 1559 1907 1594 conti-

305 1626 438 1652 nentes
458 1614 664 1652 firmiorem
676 1613 814 1651 facient
828 1616 955 1651 omnis
967 1616 1091 1664 operis
1103 1612 1384 1663 perfectionem.
1417 1613 1513 1651 Item
1525 1614 1669 1650 circum
1681 1622 1906 1661 coagmenta

307 1670 345 1707 &
368 1670 504 1707 cubilia
524 1667 591 1715 [d]
615 1670 823 1706 eminentes
841 1669 1115 1721 expreffiones,
1138 1671 1193 1715 [e]
1214 1668 1515 1720 graphicotetam
1527 1668 1687 1708 efficient
1701 1671 1741 1707 in
1759 1669 1904 1719 aspediu

311 1725 614 1764 delectationem.

973 1798 1131 1835 CAP.
1188 1797 1237 1836 V.

552 1880 811 1936 Deaedibus
824 1882 1433 1958 constituendisftcnndnm
1445 1885 1663 1958 regiones.

312 2013 503 2094 AEDes
515 2021 641 2050 autem
652 2009 753 2047 sacrae
766 2011 940 2047 Deorum
952 2009 1288 2055 immortaliuni‚ad
1300 2012 1470 2061 regiones
1482 2024 1571 2061 quas
1582 2011 1739 2063 spestare
1750 2006 1902 2051 debent,

422 2067 471 2104 iic
489 2078 595 2105 erunt
615 2065 891 2104 constituendae,
908 2068 961 2103 uti
978 2065 1004 2102 si
1024 2066 1123 2103 nulla
1143 2066 1238 2102 ratio
1258 2066 1478 2115 impedierit,
1493 2070 1682 2118 liberaque
1701 2065 1810 2102 fuerit
1830 2074 1900 2112 po-

310 2123 416 2161 testas
435 2126 494 2170 [a]
515 2122 598 2160 aedis
612 2151 622 2168 ‚
642 2121 785 2172 signum
798 2121 902 2171 quod
913 2124 979 2166 erit
999 2123 1038 2159 in
1051 2122 1144 2159 cella
1164 2122 1418 2162 collocatum,
1441 2123 1575 2174 spectet
1593 2124 1640 2161 ad
1659 2121 1902 2209 vespertinam

1810 2185 1873 2211 coc
1891 2184 1903 2209 1

168 2282 232 2317 Cap.
245 2289 285 2310 tv.
308 2278 339 2312 a]
362 2277 509 2305 Philander.
530 2277 614 2305 Pltctei
624 2277 675 2305 lioc
687 2278 750 2305 loco
759 2277 881 2305 dicuntur
890 2276 960 2316 septa
970 2287 1125 2306 marmorea.
1136 2287 1180 2305 aut
1189 2288 1220 2305 ex
1230 2278 1354 2305 lateribus
1367 2299 1374 2308 .
1391 2277 1471 2305 aliave
1485 2277 1593 2305 materia
1606 2297 1612 2308 ,
1622 2275 1715 2316 quibus
1725 2274 1903 2302 intercolum-

343 2318 386 2345 nia
395 2317 704 2355 obsepiri‚1'11terc1ud1ve
716 2317 817 2346 solent:
838 2328 902 2356 opus
913 2327 1002 2346 autem
1014 2319 1167 2346 intestinum
1185 2319 1230 2350 est,
1243 2319 1314 2357 quod
1326 2316 1339 2346 ὲ
1351 2318 1427 2357 ligno
1437 2318 1547 2346 constat.

309 2357 338 2394 b]
369 2358 452 2386 ldem.
476 2360 505 2384 ln
514 2357 644 2395 aliquibus
654 2357 726 2385 libris
735 2359 825 2385 inveni
840 2358 978 2395 striglium.
990 2369 1070 2397 quam
1080 2357 1234 2397 scripturam
1255 2360 1417 2387 Hermolaus
1431 2363 1454 2387 S<
1473 2359 1598 2396 Sulpitius
1608 2356 1795 2396 probaverunt.
1822 2355 1902 2383 Hanc

342 2400 467 2430 nostram,
478 2398 503 2425 id
518 2398 553 2426 est
565 2398 686 2430 iucundi,
698 2398 886 2426 rcriucoNam
895 2401 943 2435 ςρὶξ
955 2402 1047 2427 Grccce
1060 2400 1094 2426 est
1104 2399 1273 2430 canaliculus,
1285 2408 1313 2427 ut
1324 2400 1360 2426 ait
1373 2402 1475 2426 Vitruv.
1487 2399 1533 2426 hb.
1544 2409 1568 2426 x.
1579 2408 1634 2436 cap.
1648 2408 1691 2424 xv.
1704 2397 1903 2424 Columnarum

340 2440 489 2468 striaturam
501 2447 580 2466 vocat
599 2438 707 2466 Aristot.
728 2438 817 2466 Etliic.
829 2438 875 2466 lib.
886 2448 912 2466 x.
930 2436 1063 2476 p'oc'ssllew.
1075 2440 1144 2477 quali
1157 2440 1335 2479 virgationem
1349 2438 1431 2466 dicas.
1454 2441 1548 2477 Neque
1560 2439 1662 2466 videtur
1679 2447 1734 2465 rem
1746 2433 1904 2464 intellexisse

343 2488 481 2508 enarrator
492 2479 635 2507 Eustratius
647 2500 654 2510 ,
670 2479 715 2516 qui
725 2480 759 2506 ait
770 2475 821 2506 effe
831 2478 881 2507 τίω)
892 2479 925 2514 νίῖ
944 2483 1024 2515 pamm
1035 2478 1059 2510 ΞΓ
1068 2480 1156 2510 xlm&-
1166 2482 1237 2517 πῆξιν
1248 2501 1254 2511 ,
1276 2479 1380 2518 quando
1390 2478 1487 2506 scilicet
1506 2480 1537 2506 ad
1546 2479 1659 2517 angulos
1682 2479 1769 2505 reef'tos
1782 2478 1903 2504 colloca-

345 2530 397 2548 tur.
420 2519 553 2547 Aristotel.
564 2515 756 2555 enimpassazm‘
772 2520 856 2546 ostrea
866 2520 985 2547 nominat
997 2541 1003 2551 ,
1015 2529 1073 2558 qua:
1085 2522 1172 2547 Latini
1184 2520 1323 2559 pestinata
1335 2538 1342 2549 ‚
1360 2520 1445 2547 striata
1458 2523 1481 2546 Β(
1495 2516 1596 2558 virgati
1613 2528 1716 2546 verrere
1738 2516 1855 2556 possunt.
1878 2519 1902 2544 A

340 2571 396 2599 quo
407 2558 534 2598 ῥαὲἆὶιτὲς
544 2560 620 2588 >elam
631 2560 730 2587 striatas
743 2560 879 2587 columnas
893 2560 1072 2598 appellaveris.
1086 2561 1262 2597 I'tdeplxcmin
1272 2566 1365 2589 Lextco.
1385 2560 1510 2587 Omnino
1522 2568 1609 2587 autem
1624 2559 1770 2599 legendum
1785 2567 1901 2595 utroque

346 2601 409 2628 loco
426 2599 708 2637 striglium;&illolib.
721 2610 746 2628 x.
759 2610 816 2637 cap.
829 2610 872 2626 xv.
884 2602 989 2637 mayel}
1000 2610 1060 2627 nam
1071 2604 1119 2637 ςρίξ
1131 2601 1192 2627 nilnl
1205 2602 1248 2628 cst.

309 2642 335 2675 c]
361 2642 442 2668 idem.
463 2642 601 2679 Qadrata
612 2640 676 2673 saxa,
688 2650 715 2669 ut
729 2641 758 2668 iis
771 2640 945 2671 consulamus,
958 2641 1052 2678 quibus
1064 2643 1132 2668 acies
1142 2642 1172 2668 ad
1185 2641 1385 2682 intelligendum
1395 2641 1430 2668 est
1441 2639 1576 2672 obtusior,
1588 2641 1644 2668 sunt
1657 2641 1755 2678 lapides
1767 2638 1824 2666 caesi
1837 2636 1905 2675 pari·

344 2680 391 2709 bus
403 2682 516 2720 angulis,
528 2682 589 2709 licet
602 2691 656 2709 non
668 2681 771 2720 paribus
784 2680 917 2708 lateribus.
930 2682 997 2709 Haee
1010 2682 1061 2709 ille.
1071 2685 1255 2719 Opponuntur
1264 2691 1353 2710 autem
1364 2681 1396 2708 ab
1407 2681 1519 2719 antiquis
1531 2682 1679 2708 casmentis.
1691 2679 1786 2707 Claud.
1796 2678 1905 2713 Salmas.⁴

345 2722 372 2748 in
381 2722 501 2749 Solinum
514 2732 573 2761 pag.
587 2726 649 2756 378.
672 2723 759 2750 Gracci
772 2730 868 2749 vocant
880 2718 985 2755 σωῖαμρν
996 2724 1065 2753 >stem
1080 2723 1150 2761 quod
1159 2724 1247 2749 Latini
1258 2722 1527 2761 qtaadrasumsarum.
1548 2721 1697 2760 Hesychius
1711 2718 1812 2755 malagna
1824 2738 1831 2749 >
1843 2717 1906 2745 ow!-

346 2761 436 2797 δρομφ,
448 2759 576 2796 ἱστῖἆρομφ,
588 2763 659 2801 quod
672 2773 703 2790 ex
715 2763 789 2790 omni
800 2770 872 2800 parte
883 2761 980 2790 scilicet
991 2763 1146 2801 quadratum
1158 2764 1201 2790 est.
1226 2763 1344 2800 Lapidem
1356 2763 1386 2790 de
1396 2762 1462 2789 talia
1471 2762 1553 2801 vulgo
1562 2771 1699 2789 vocamus.

312 2803 343 2838 d]
366 2803 447 2829 Idem.
469 2804 499 2829 ln
509 2802 674 2840 asperitatem
683 2803 785 2833 excise.
795 2804 987 2841 prominentes,
999 2808 1021 2830 ὃ(
1031 2803 1102 2841 quod
1112 2804 1194 2843 vulgo
1205 2804 1316 2831 dicimus
1326 2803 1456 2831 relevatae.
1477 2803 1564 2841 Qod
1576 2811 1659 2842 genus
1668 2800 1772 2829 videtur
1782 2800 1808 2827 in
1817 2798 1904 2838 super-

345 2839 443 2870 bissimi
455 2843 542 2879 pontis
554 2843 668 2880 reliquiis
679 2865 685 2873 ,
705 2845 750 2882 qui
761 2843 793 2871 ad
804 2844 929 2871 Narniam
939 2845 1074 2872 extructus
1084 2853 1149 2871 erat.

310 2885 337 2919 e]
358 2883 442 2910 Idem.
464 2882 666 2920 Memphon'cas
678 2884 790 2917 dietum,
802 2893 861 2923 pro,
873 2882 1056 2913 vehementius
1068 2884 1256 2917 oble&abuiit;
1280 2884 1364 2924 magis
1374 2881 1520 2924 expressam
1531 2904 1538 2915 ‚
1557 2880 1695 2918 majorisve
1710 2882 1825 2921 energiae
1844 2878 1905 2910 effi-

346 2932 428 2952 cient.

166 2977 229 3013 Cap.
245 2984 269 3004 v.
306 2976 338 3011 a]
359 2973 506 3005 Pliilander.
526 2975 640 3013 Templa
650 2974 685 3004 ita
697 2974 965 3010 suntconstituenda,
977 2985 1006 3006 ut
1019 2985 1113 3006 corum
1123 2973 1226 3006 frontes
1235 2975 1262 3004 in
1276 2974 1446 3004 occidentem
1457 2980 1578 3012 vergant.
1597 2971 1635 3001 ita
1644 2973 1717 3002 enim
1726 2970 1846 3003 futurum
1855 2972 1901 3005 est,

1872 3020 1903 3042 ut
