2023 3162
457 74 1118 123 *DEARcHrTEcTVRA
1177 84 1383 124 L113.IX.
1676 98 1744 134 183

153 156 286 204 ginta.
309 165 388 192 non
405 154 423 190 s
420 154 527 190 olum
539 153 586 189 ad
598 163 727 190 mores
740 151 983 202 corrigendos
996 181 1006 196 ‚
1025 150 1085 189 sed
1095 154 1208 192 etiam
1219 153 1263 192 ad
1274 155 1449 191 omnium
1459 154 1657 194 utilitatem
1669 170 1752 207 per-

151 221 268 261 petuo
279 210 300 247 s
295 221 361 248 unt
372 219 585 260 praeparata.
617 208 861 246 Athletarum
872 218 998 245 autem
1010 208 1226 247 nobilitates
1244 210 1348 248 brevi
1360 210 1478 260 spatio
1491 223 1580 248 cum
1593 211 1659 249 suis
1671 227 1752 252 cor-

150 267 304 317 poribus
316 266 518 303 senescunt.
548 268 675 315 ltaque
687 276 810 313 neque
831 274 910 301 tum
923 267 1086 303 maxime
1096 265 1176 303 sunt
1187 266 1372 307 florentes,
1392 278 1514 316 neque
1525 268 1752 319 posteritate,

150 334 274 371 neque
287 323 457 361 institutis
471 323 518 362 hi,
533 320 859 371 quemadmodum
871 320 1075 371 sapientum
1086 324 1262 372 cogitata,
1277 324 1481 362 hominum
1492 326 1573 362 vitae
1585 325 1752 375 prodesse

151 378 310 428 pofl'unt.
343 382 444 417 Cum
456 391 547 417 vero
560 389 681 427 neque
694 376 876 420 moribus,
888 389 1009 426 neque
1019 377 1186 416 institutis
1197 378 1421 430 scriptorum
1432 381 1681 430 praestantibus
1694 384 1754 419 tri-

152 433 315 473 buantur
327 435 490 472 honores
502 463 512 478 ,
532 433 611 483 ipsae
623 444 749 470 autem
769 433 875 482 perse
888 444 1029 471 mentes
1041 436 1134 471 aeris
1145 436 1278 472 altiora
1298 435 1579 486 prospiciente33
1601 450 1752 475 memo-

150 493 290 529 riarum
311 492 483 541 gradibus
503 490 550 526 ad
569 490 718 527 coelum
740 490 841 526 elatae
852 518 862 534 ‚
889 501 970 526 aevo
991 492 1197 527 immortali
1217 504 1296 528 non
1317 492 1438 530 modo
1460 493 1649 532 sententias
1661 523 1670 538 ‚
1691 493 1751 531 sed

151 550 264 585 etiam
286 547 419 596 figuras
432 557 564 584 eorum
577 545 728 596 posteris
741 555 888 594 cogunt
900 545 969 581 efl'e
981 557 1099 584 notas.
1131 547 1256 596 Itaque
1275 549 1340 597 qui
1359 550 1563 587 litteratum
1577 551 1750 597 jucundi-

151 604 289 641 tatibus
308 603 491 641 instructas
503 602 640 638 habent
661 611 806 639 mentes
817 629 827 645 ‚
843 613 923 637 non
937 601 1083 651 pofl'unt
1094 614 1170 639 non
1184 606 1221 640 in
1233 603 1302 641 suis
1312 605 1525 654 pectoribus
1537 606 1750 644 dedicatum

152 659 306 700 habere,
330 659 432 696 sicuti
446 660 619 695 Deorum
632 687 642 702 ‚
661 657 707 695 sic
718 660 756 695 <Sc
769 658 879 693 Ennii
896 657 1026 695 Poeta:
1045 658 1287 697 simulacrum.
1322 661 1568 700 Acciiautem
1581 664 1752 700 carmini-

152 717 221 753 bus
243 718 306 766 qui
319 713 471 753 studiose
489 714 718 752 delectantur
728 741 736 754 ‚
761 725 841 750 non
855 713 976 750 modo
987 715 1192 752 verborum
1204 718 1357 753 virtutes
1368 745 1378 760 ,
1396 718 1454 754 sed
1466 721 1579 756 etiam
1592 718 1751 768 figuram

151 774 226 819 ejus
247 772 417 809 videntur
438 770 561 808 secum
579 769 712 807 habere
732 769 957 820 praesentem.
992 771 1085 808 Item
1095 774 1230 822 plures,
1244 772 1324 822 post
1342 772 1502 810 nostram
1523 777 1751 813 memoriam

150 827 339 867 nascentes
352 855 359 869 ,
382 840 468 865 cum
484 828 661 864 Lucretio
672 825 895 863 videbuntur
908 856 917 871 ‚
929 826 1035 864 velut
1047 839 1179 865 coram
1191 857 1200 873 ‚
1213 828 1259 864 de
1270 840 1393 865 rerum
1404 839 1531 867 natura
1547 831 1727 882 disputare
1743 846 1752 869 z

151 884 200 921 de
219 896 294 922 arte
307 897 398 922 vei-o
411 883 617 921 Rhetorica
637 894 724 920 cum
737 884 949 920 Cicerone:
973 885 1084 921 multi
1104 883 1341 934 posterorum
1360 896 1449 921 cum
1468 886 1638 923 Varrone
1655 900 1751 925 con-

152 940 270 978 ferent
282 940 491 978 sermonem
504 939 549 977 de
561 940 685 989 lingua
696 940 840 977 Latina.
874 941 966 976 Non
980 941 1056 976 min
1063 952 1105 977 us
1115 942 1227 978 etiam
1239 942 1357 992 plures
1372 940 1425 989 [n]
1442 941 1644 992 philologi,
1661 956 1751 982 cum

152 997 377 1035 Graecorum
389 996 608 1047 sapientibus
621 997 740 1033 multa
750 996 995 1033 deliberantes
1005 1024 1014 1040 ‚
1035 994 1194 1034 secretos
1206 1010 1294 1035 cum
1308 997 1363 1035 his
1379 997 1605 1035 videbuntur
1618 999 1750 1038 habere

152 1052 349 1090 sermones
380 1055 425 1090 Et
436 1053 480 1090 ad
492 1052 670 1089 summam
686 1081 694 1097 ‚
714 1052 934 1101 sapientium
952 1049 1172 1102 scriptorum
1191 1053 1374 1091 sententiae
1385 1055 1610 1104 corporibus
1622 1055 1747 1092 absen-

152 1108 249 1146 tibus
263 1109 437 1147 vetustate
450 1108 641 1152 florentes,
659 1119 747 1144 cum
759 1106 877 1143 insunt
889 1109 985 1144 inter
996 1108 1148 1145 consilia
1160 1112 1195 1148 &
1209 1110 1474 1160 disputationes
1486 1140 1495 1156 ,
1517 1113 1680 1158 majores
1692 1112 1752 1149 ha-

153 1164 261 1203 bent,
286 1176 400 1214 quam
413 1165 638 1215 praesentium
650 1165 747 1208 sunt,
759 1163 1001 1201 auctoritates
1014 1176 1161 1203 omnes.
1193 1167 1323 1215 ltaque
1336 1194 1347 1210 ‚
1369 1166 1507 1205 Caesar,
1529 1167 1583 1204 his
1594 1168 1752 1205 auitori-

152 1221 219 1258 bus
231 1220 342 1258 fretus
355 1248 361 1260 ,
376 1220 532 1259 sensibus
545 1233 681 1258 eorum
695 1221 868 1257 adhibitis
882 1220 918 1257 δε
930 1220 1106 1267 consiliis,
1119 1234 1161 1259 ea
1171 1223 1367 1259 volumina
1379 1221 1590 1273 conscripsi,
1604 1225 1641 1260 ὅ(
1655 1225 1752 1272 prio-

152 1277 252 1314 ribus
273 1276 409 1327 septem
422 1278 467 1315 de
479 1277 639 1315 aedificiis
652 1306 661 1320 ,
683 1276 818 1314 ofitavo
838 1276 884 1312 de
893 1277 1018 1326 aquiS,
1039 1278 1076 1315 in
1100 1277 1178 1316 hoc
1198 1279 1243 1315 de
1264 1279 1508 1327 gnomonicis
1529 1280 1751 1324 rationibus,

152 1333 482 1381 quemadmodum
503 1347 552 1371 eae
572 1334 678 1371 radiis
697 1333 782 1370 solis
792 1335 831 1370 in
845 1334 988 1370 mundo
1000 1332 1080 1372 sunt
1099 1347 1162 1385 per
1174 1336 1345 1372 umbram
1359 1338 1565 1384 gnomonis
1577 1337 1750 1380 inventae,

154 1388 362 1439 quibusque
372 1391 576 1429 rationibus
588 1390 786 1428 dilatentur
799 1415 807 1430 ⁷
832 1400 893 1428 aut
905 1391 1171 1429 contrahantur
1183 1421 1195 1438 ,
1216 1392 1426 1442 explicabo,

790 1502 882 1540 CA
914 1515 944 1539 P.
1014 1501 1089 1541 IV.

205 1590 294 1643 ‘De
304 1592 604 1666 gnomonicis
615 1588 904 1652 rationibus,
919 1611 976 1644 ex
993 1590 1145 1644 radiis
1160 1591 1269 1665 solis
1275 1607 1361 1666 per
1372 1589 1598 1646 umbram
1610 1592 1685 1644 in-

580 1683 750 1735 ventis,
765 1694 820 1733 <5⁴
833 1679 974 1726 mundo
986 1713 997 1730 ‚
1009 1695 1127 1746 atque
1136 1681 1314 1747 planctui.

148 1795 255 1877 EA
277 1800 338 1845 [a]
365 1809 490 1837 autem
501 1800 716 1838 suntdivina
730 1811 856 1839 mente
876 1810 1093 1851 comparata
1107 1829 1116 1844 ,
1136 1801 1352 1851 habentque
1362 1801 1649 1839 admirationem
1671 1811 1749 1837 ma-

215 1867 342 1903 gnam,
356 1855 674 1894 considerantibus
687 1858 810 1907 ‚quod
831 1857 962 1894 umbra
985 1853 1046 1902 [b]
1069 1859 1274 1906 gnomonis
1292 1851 1560 1906 aequinoCtialis
1580 1857 1649 1893 alia
1673 1868 1749 1893 ma-

147 1910 340 1957 gnitudine
360 1911 409 1948 est
431 1912 611 1952 Athenis,
637 1915 703 1951 alia
726 1914 956 1951 Alexandriae
970 1941 979 1956 ,
1001 1914 1070 1948 alia
1090 1913 1229 1951 Romae
1243 1943 1252 1957 ‚
1274 1925 1354 1949 non
1374 1912 1505 1950 eadem
1529 1913 1744 1952 Placentiae,

149 1965 358 2016 caeterisque
369 1966 470 2005 orbis
487 1977 663 2005 teri-arum
680 1970 786 2006 locis.
811 1970 936 2018 Itaque
948 1968 1062 2017 longe
1074 1969 1180 2005 aliter
1201 1969 1332 2006 distant
1351 1969 1616 2020 descriptiones
1636 1967 1751 2006 horo-

149 2020 359 2070 logiorum,
383 2025 560 2061 locorum
582 2026 868 2063 mutationibus.
900 2020 1137 2062 Umbrarum
1148 2027 1249 2063 enim
1261 2026 1580 2075 aequinoctialium
1601 2026 1750 2072 magni—

150 2079 340 2115 tudinibus
361 2079 595 2129 designantur
604 2082 943 2119 analemmatorum
954 2079 1104 2120 format,
1128 2093 1171 2118 ex
1191 2081 1328 2131 quibus
1347 2081 1608 2132 perficiuntur,
1631 2080 1676 2116 ad
1696 2091 1750 2116 ra-

149 2132 294 2170 tionem
307 2136 502 2174 locorum,
527 2138 563 2172 &
576 2137 715 2174 umbrae
727 2149 964 2186 gnomonum
979 2161 986 2175 ,
1009 2135 1187 2174 horarum
1199 2137 1474 2187 descriptiones
1509 2133 1557 2188 [c]
1573 2135 1751 2172 Analem-

149 2198 232 2229 ma.
255 2189 304 2226 est
315 2192 407 2228 ratio
421 2190 626 2240 conquisita
637 2192 720 2229 solis
731 2192 838 2230 cursu
849 2222 858 2238 ‚
874 2194 911 2229 ὃς
931 2191 1071 2229 umbrae
1084 2192 1278 2231 crescentis
1291 2190 1311 2228 a
1323 2190 1457 2230 bruma
1468 2221 1478 2237 ‚
1489 2192 1748 2229 observatione

1583 2256 1746 2286 inventa,

148 2338 178 2371 n]
203 2339 274 2364 Ante
285 2337 424 2377 legebatur
437 2336 641 2376 philologicum.
658 2338 729 2376 quod
741 2338 879 2366 Phssander
887 2338 1014 2365 correxit.

147 2379 178 2412 a]
208 2378 355 2406 Philandcr.
382 2380 452 2415 Qae
470 2377 603 2416 superiora
623 2377 681 2406 sunt
699 2380 748 2406 tria
767 2380 853 2417 capita
863 2399 870 2410 ,
891 2378 1015 2406 videntur
1031 2388 1088 2416 pars
1110 2374 1162 2406 effe
1179 2378 1328 2406 Prooemii:
1348 2377 1400 2407 hoc
1409 2388 1498 2407 autem
1509 2376 1569 2406 libri
1578 2377 1697 2405 initium.
1764 2379 1827 2413 Cap.
1841 2386 1880 2405 iv,

147 2420 176 2453 b]
203 2418 278 2446 Idem
309 2419 413 2457 Spectat
426 2419 490 2446 istud
501 2418 531 2446 ad
543 2418 748 2459 horologiorum
762 2420 905 2451 rationem,
914 2419 945 2447 de
954 2429 1005 2458 qua
1015 2417 1081 2446 infra
1092 2429 1149 2458 cap.
1161 2429 1230 2447 vlu.
1242 2418 1300 2447 satis
1312 2420 1396 2449 multa
1407 2420 1535 2459 praecipit.

147 2462 172 2496 ι]
201 2459 298 2487 Claud.
308 2460 443 2488 Salmasius
453 2461 479 2487 in
491 2460 612 2487 Solinum
621 2470 681 2498 pag.
693 2470 724 2494 73
734 2470 757 2489 9.
782 2462 819 2488 Ex
841 2460 880 2488 his
898 2460 984 2488 verbis
1006 2460 1111 2487 videtur
1129 2460 1247 2500 Scaliger
1263 2457 1406 2496 conjecisse
1416 2469 1537 2488 veterum
1548 2457 1704 2496 Horologia
1716 2456 1748 2485 ad

186 2503 291 2528 Brumae
299 2499 513 2528 observationem
522 2499 651 2539 descripta
663 2498 746 2533 Fuisse.
760 2505 783 2530 &
794 2500 849 2529 liaec
862 2510 956 2529 vocata
969 2501 1124 2541 Horologia
1135 2501 1277 2534 Brumalia,
1289 2511 1346 2541 quae
1357 2503 1426 2529 ratio
1435 2501 1536 2539 semper
1546 2499 1646 2528 servata
1655 2497 1746 2530 fuerit,

184 2540 335 2580 priusquam
347 2542 444 2569 Meton
455 2539 540 2575 9254&
549 2537 699 2569 invenisset.
712 2542 785 2570 Nihil
796 2543 885 2570 vanius
896 2551 940 2570 aut
951 2540 1064 2570 futilius.
1087 2542 1208 2570 Primum
1219 2542 1376 2571 Analemma
1386 2553 1440 2570 non
1451 2543 1484 2569 est
1494 2540 1692 2579 Horologium,
1705 2537 1748 2566 sed

184 2582 212 2610 id
225 2583 295 2620 quod
304 2583 393 2609 dicam
402 2581 479 2620 paulo
490 2583 555 2620 post.
579 2582 683 2610 Deinde
695 2583 904 2611 analemmatuin
913 2584 979 2610 ratio
991 2604 997 2614 ,
1019 2592 1073 2610 non
1092 2582 1123 2610 ad
1141 2582 1242 2611 umbrae
1252 2584 1380 2612 Brumalis
1393 2581 1604 2622 magnitudinem
1615 2577 1751 2607 deforma-

184 2622 264 2651 batur
276 2644 282 2656 ,
302 2623 343 2651 scd
355 2622 546 2661 aequinoftialis
557 2624 702 2663 gnomonis
712 2623 842 2652 umbram.
866 2626 954 2652 Locus
976 2623 1018 2651 ille
1039 2624 1155 2651 Vitruvii
1165 2624 1210 2662 qui
1221 2623 1285 2652 hanc
1295 2624 1452 2652 sententiam
1464 2622 1600 2661 Scaligero
1609 2617 1749 2661 suggessit,

183 2663 266 2702 longe
279 2661 502 2702 corruptissimus,
512 2665 622 2692 minima
634 2666 783 2693 mutatione
794 2665 827 2693 (ic
839 2665 973 2693 emendari
983 2664 1076 2692 debet:
1099 2665 1259 2692 Analemma
1277 2667 1312 2693 esi
1333 2667 1399 2693 ratio
1412 2661 1552 2702 conquistta
1563 2661 1623 2689 Solis
1634 2662 1748 2698 curfia&

185 2704 279 2731 umbrae
290 2705 417 2741 crescentis
427 2704 445 2731 ὰ
456 2708 563 2736 Bruma,
574 2704 749 2741 observatione
759 2709 877 2734 inventa.
895 2707 968 2734 Dicit
978 2706 1109 2733 rationem
1121 2705 1299 2743 conquisitam
1310 2701 1361 2733 esse
1375 2705 1442 2732 Solis
1453 2702 1539 2733 cursu,
1552 2706 1576 2731 8<
1589 2701 1690 2730 umbtae
1700 2702 1750 2729 ob-

185 2745 331 2773 servatione
343 2744 507 2773 crescentisa
521 2749 626 2774 Bruma.
635 2746 736 2774 Vmbra
747 2746 841 2775 crescit
853 2746 867 2774 :i
880 2750 987 2778 Bruma,
1000 2746 1015 2774 a
1026 2747 1144 2774 Solstitio
1153 2745 1289 2773 decrescit.
1312 2742 1467 2773 Breviffima
1478 2745 1566 2782 itaque
1576 2743 1670 2771 umbra
1682 2746 1749 2770 Bru-

187 2795 236 2814 mae
246 2787 333 2818 die,nt
344 2786 453 2814 Solstitii
464 2784 626 2827 longissima.
647 2787 706 2814 Tali
718 2787 904 2816 observatione
916 2788 1016 2815 umbrae
1027 2787 1168 2814 crescentis
1179 2791 1202 2814 a&
1216 2786 1401 2817 decrescentis,
1414 2795 1467 2813 non
1476 2785 1559 2813 solum
1567 2784 1635 2813 Solis
1646 2783 1751 2811 cursum

187 2825 414 2864 deprehenderunt
425 2835 527 2855 veteres
540 2827 746 2860 Mathematici,
758 2828 799 2856 sed
809 2829 891 2856 etiam
901 2829 992 2856 mundi
1003 2828 1229 2867 magnitudinem,
1253 2836 1352 2866 quanta
1364 2827 1470 2854 Mundo
1480 2822 1543 2854 effer
1555 2834 1625 2853 terra
1634 2846 1640 2855 ,
1649 2825 1751 2862 aliaque

188 2866 291 2895 infinita
302 2889 308 2899 ,
328 2868 409 2896 etiarn
431 2868 517 2896 multo
537 2876 597 2896 ante
610 2868 830 2909 Horologiorum
849 2869 1037 2897 inventionem
1047 2873 1070 2896 S:
1084 2867 1208 2895 horarum
1221 2868 1445 2896 observationem.
1469 2867 1607 2906 Qnimo
1615 2875 1647 2893 ex
1659 2866 1752 2893 eadem

189 2907 373 2936 observatione
383 2910 585 2949 gnomonica&
596 2909 749 2938 umbrarum
760 2910 932 2938 incrementis
943 2913 967 2938 St
979 2909 1166 2939 decrementis.
1179 2911 1259 2937 etiam
1269 2908 1426 2948 Horologia
1439 2909 1525 2947 postea
1536 2908 1640 2946 prodita
1649 2905 1717 2938 sunt,
1727 2908 1752 2933 &

189 2947 261 2975 horae
273 2948 402 2977 observari
412 2960 513 2988 caePtae.
538 2951 724 2978 Analemrnata
734 2961 800 2991 ergo
811 2951 892 2991 longe
903 2960 963 2978 ante
975 2950 1139 2989 Horologia,
1153 2953 1176 2978 ὃ(
1187 2950 1220 2977 ab
1232 2950 1397 2991 Horologiis
1409 2948 1519 2977 diversa.
1536 2948 1754 2975 Analemmatum

190 2998 271 3028 porro
278 2986 371 3018 formae
380 2991 481 3019 umbrae
490 2992 682 3030 aequinostialis
695 2992 925 3032 magnitudinibus
935 2990 1150 3031 designabantur,
1160 3001 1215 3020 non
1227 2991 1355 3021 Brumalis
1369 3000 1414 3020 aut
1425 2990 1593 3019 Solstitialis:
1612 2987 1702 3031 netad
1714 2995 1755 3012 ra-

1652 3034 1756 3056 tionem
