2023 3162
500 103 1102 142 DRARCHITECTVRA
1159 99 1406 141 L113.V11.
1663 119 1735 154 141

152 174 367 215 fornacem,
387 180 427 208 ut
446 169 721 209 biremi-escant,
746 172 823 206 &is
839 169 903 218 qui
921 179 965 205 ex
987 167 1041 205 his
1062 169 1107 206 ab
1126 169 1220 217 ignis
1238 180 1378 220 vapore
1396 169 1522 208 fumus
1533 172 1739 220 suscitatur,

152 242 241 267 cum
262 227 390 266 resedit
409 229 446 263 in
464 227 584 265 solum
604 226 723 271 furni,
744 227 924 262 invenitur
941 223 1008 260 effe
1028 235 1219 274 argentum
1231 227 1368 263 vivum.
1398 228 1587 280 Exemptis
1605 230 1736 279 glebis,

151 295 263 335 gutta:
281 297 332 321 ea:
344 313 354 328 ‚
382 295 462 332 quae
481 283 708 325 residebunt,
726 292 877 332 propter
894 280 1089 317 brevitates
1106 292 1184 318 non
1203 282 1350 331 pofl'unt
1370 284 1515 333 colligi:
1537 283 1595 320 sed
1614 287 1652 321 in
1670 298 1735 324 vas

152 352 254 390 aquae
267 350 537 378 converruntur
549 368 558 383 ,
576 340 676 376 &ibi
692 339 785 374 inter
795 336 828 374 se
840 346 1051 384 congruunt
1062 365 1073 381 ‚
1084 339 1121 374 ὃς
1134 348 1207 374 una
1219 337 1509 377 confunduntur.
1530 342 1586 386 [c]
1601 341 1660 378 Eae
1672 353 1735 378 au-

152 408 232 435 tem
254 409 339 434 cum
360 395 427 432 sint
444 404 601 443 quatuor
619 392 858 430 sextariorum
875 391 1049 429 mensurae
1062 421 1072 437 ‚
1093 405 1180 429 cum
1201 395 1478 444 expenduntur,
1498 397 1734 435 inveniuntur

152 452 219 490 ess'e
231 452 360 502 pondo
371 461 537 488 centurn.
570 450 672 486 Cum
683 451 719 485 in
730 450 857 498 aliquo
869 448 948 486 vase
964 448 1013 487 est
1023 447 1217 486 confusum
1228 479 1236 493 ‚
1261 449 1285 486 si
1303 449 1405 501 supra
1424 451 1460 488 id
1471 452 1599 504 lapidis
1613 463 1736 491 cente-

153 511 244 546 narii
265 507 412 558 pondus
430 507 662 555 imponatur,
684 507 831 542 natatin
842 502 990 541 summo
1005 517 1012 540 z
1030 515 1154 558 neque
1173 517 1258 542 eum
1277 508 1465 556 liquorem
1485 509 1604 557 potest
1621 520 1736 546 onere

153 565 216 601 suo
236 574 400 613 premere
411 591 420 606 ‚
433 574 500 598 nec
510 561 644 599 elidere
656 590 665 606 ‚
677 573 745 598 nec
763 558 929 610 dissipare
943 561 1179 597 :centenario
1191 560 1332 599 sublato
1348 592 1357 607 ‚
1370 562 1394 600 fi
1413 563 1463 599 ibi
1477 562 1542 610 [d]
1554 567 1633 601 auri
1643 565 1737 603 scru-

152 621 285 670 pulum
297 621 516 669 imponatur,
529 629 611 654 non
623 617 774 661 natabit,
786 616 845 653 sed
857 617 902 653 ad
914 618 1034 652 imum
1048 627 1110 666 per
1120 615 1153 652 se
1163 615 1397 665 deprimetur.
1420 616 1471 671 [e]
1490 622 1551 665 lta,
1567 633 1646 658 non
1657 633 1734 658 am-

152 676 330 727 plitudine
341 674 515 724 ponderis
527 703 537 718 ‚
548 671 606 709 sed
615 684 747 723 genere
757 672 977 720 singularum
987 683 1108 708 rerum
1120 674 1337 720 gravitatem
1348 673 1428 719 effe,
1440 688 1523 712 non
1543 676 1591 713 est
1601 688 1737 726 negan-

153 733 254 769 dum.
284 731 322 768 Id
341 740 464 766 autem
482 730 608 766 multis
621 728 730 765 rebus
752 726 802 764 est
823 727 868 764 ad
880 726 987 764 usum
999 727 1229 776 expeditum.
1260 730 1394 778 Neque
1415 733 1513 767 enim
1527 729 1595 784 if]
1610 745 1737 781 argcn.

155 798 235 824 tum
249 816 258 831 ,
277 797 397 835 neque
408 796 453 821 aes
466 784 536 821 fine
548 796 596 821 eo
608 783 726 835 potest
742 783 1012 820 recteinaurari.
1043 782 1223 830 Cumque
1240 785 1278 820 in
1297 785 1391 821 veste
1403 787 1586 824 intextum
1608 788 1656 826 est
1675 800 1736 825 au-

154 855 236 880 rum
250 871 258 887 ‚
280 853 395 889 eaque
415 840 517 878 vestis
538 842 697 878 contrita
711 869 719 884 ‚
738 848 892 890 propter
909 838 1131 877 vetustatem
1151 839 1255 875 ulum
1273 851 1353 877 non
1371 840 1503 878 habeat
1516 842 1713 882 honestum
1726 868 1735 882 ‚

154 901 265 949 panni
281 900 318 934 in
330 897 497 934 fictilibus
518 896 607 935 vasis
622 896 897 947 impolitiliipra
916 896 1042 944 ignem
1062 893 1345 939 comburuntur.
1376 898 1410 933 Is
1429 899 1518 934 cinis
1539 902 1738 943 coniicitur

154 958 192 992 in
203 966 335 1003 aquam
346 982 357 998 ,
375 955 411 989 ὃ(
423 952 566 989 additur
575 955 608 989 ei
620 963 816 1002 argentum
826 953 971 998 vivum:
990 950 1026 987 id
1037 961 1164 988 autem
1174 954 1400 1005 omnes'[g]
1416 955 1528 991 micas
1541 956 1615 990 auri
1628 959 1739 992 corri-

156 1012 207 1062 pit
218 1008 296 1046 inse
310 1038 320 1053 ,
342 1008 378 1045 &
398 1011 501 1057 cogit
513 1007 636 1046 secum
650 1010 752 1046 coire
767 1022 773 1044 :
797 1020 891 1057 aqua
908 1005 1030 1045 defusa
1043 1033 1051 1046 ,
1076 1019 1163 1044 cum
1180 1007 1217 1043 id
1234 1009 1272 1044 in
1284 1019 1450 1058 pannum
1461 1010 1666 1047 infunditur
1678 1040 1686 1054 ,
1699 1013 1738 1048 <Sc

154 1067 205 1103 ibi
218 1064 384 1102 manibus
395 1067 576 1113 premitur
588 1095 597 1109 ,
619 1076 818 1114 argentum
838 1075 900 1113 per
909 1065 1018 1113 panni
1030 1065 1191 1100 raritates
1210 1074 1362 1113 propter
1379 1067 1565 1118 liquorem
1577 1077 1674 1104 extra
1692 1066 1739 1103 la-

157 1121 271 1164 bitur,
290 1132 418 1159 aururn
432 1119 707 1172 compressione
718 1120 893 1159 coaCtum
904 1121 996 1156 intra
1007 1146 1015 1159 ,
1036 1132 1173 1170 purum
1183 1120 1378 1158 invenitur.

793 1232 828 1269 C
857 1245 880 1268 A
913 1245 958 1269 Ρ.·
1003 1230 1075 1268 ΙΧ.

646 1323 728 1374 De
741 1322 884 1373 minii
896 1332 1240 1393 temperatum.

240 1448 387 1486 Evertar
404 1461 503 1487 nunc
514 1448 559 1486 ad
578 1447 629 1498 [a]
643 1450 748 1486 minii
759 1457 1057 1499 temperaturam.
1089 1446 1171 1497 Ipsae
1190 1451 1290 1486 enim
1301 1448 1418 1498 glebae
1429 1461 1516 1487 cum
1527 1449 1607 1487 sunt
1617 1448 1738 1492 aridae,

237 1506 319 1555 pilis
335 1504 458 1543 ferreis
478 1505 769 1545 contunduntur,
792 1507 830 1543 ὅ(
851 1505 1066 1542 moluntur:
1089 1506 1126 1540 ὃς
1140 1504 1411 1551 lotionibus-,61
1431 1507 1590 1544 cocturis
1603 1505 1739 1542 crebris

1095 1558 1118 1594 S
1154 1574 1169 1604 3
1567 1560 1739 1599 efficitur,

155 1651 181 1684 c]
219 1647 364 1676 Philander.
385 1649 479 1677 Scribo
492 1670 498 1681 ‚
510 1659 546 1677 eae
557 1659 619 1678 cum
631 1650 679 1678 sint
689 1672 696 1683 ,
709 1650 820 1680 refertur
838 1653 908 1679 enim
919 1651 950 1679 ad
961 1659 1062 1691 guttas.
1089 1653 1172 1679 Porro
1184 1651 1268 1679 lee‘tor
1278 1652 1391 1691 diligens
1403 1662 1434 1680 ex
1445 1651 1568 1679 hocloco
1588 1658 1741 1688 comparare

196 1689 242 1716 fibi
252 1691 382 1717 rationem
394 1691 491 1728 poterit
509 1692 689 1729 componendi
705 1693 815 1720 Sextarii
834 1694 968 1724 Romani,
989 1693 1033 1730 qui
1050 1693 1143 1731 congii
1161 1691 1232 1719 sexta
1242 1692 1277 1719 est
1289 1702 1345 1730 pars
1357 1713 1363 1723 ,
1382 1691 1396 1720 εὶ
1407 1702 1462 1730 quo
1480 1694 1503 1719 ei
1515 1701 1614 1720 nomen
1625 1711 1631 1723 ,
1642 1691 1659 1717 ii
1671 1691 1737 1717 Fan-

197 1740 242 1757 nio
253 1731 383 1758 credimus
397 1735 421 1758 ἃ
434 1732 573 1759 Demetrio
585 1732 714 1759 Alabaldo
726 1754 732 1764 ‚
744 1733 760 1759 si
773 1742 866 1771 nempe
877 1733 923 1760 fibi
935 1741 1006 1769 paret
1019 1742 1061 1759 vas
1073 1753 1079 1763 ,
1096 1732 1168 1771 quod
1182 1742 1243 1759 xxv.
1255 1733 1359 1772 argenti
1373 1733 1424 1760 vivi
1434 1732 1510 1760 libras
1521 1733 1615 1770 capiat.
1636 1732 1676 1758 Eo
1688 1739 1737 1758 co-

196 1779 276 1809 gnito
288 1792 294 1801 ‚
308 1781 360 1797 non
373 1772 421 1798 erit
433 1770 573 1809 operosum
584 1772 693 1809 reliquas
705 1773 864 1811 liquidorum
876 1771 1007 1800 mensuras
1026 1772 1192 1812 intelligere,
1213 1773 1239 1799 in
1260 1783 1314 1811 quo
1334 1782 1474 1811 tantopere
1491 1771 1523 1800 ab
1542 1772 1597 1799 aliis
1616 1769 1737 1798 sudatum

195 1811 239 1837 est.
251 1811 318 1837 Har-c
329 1811 380 1837 illc.
403 1814 451 1839 Sed
461 1812 556 1839 dubito
567 1822 598 1839 an
611 1812 664 1840 baec
675 1815 744 1840 ratio
754 1813 828 1841 firma
840 1814 879 1845 ΗΠ
893 1823 953 1840 nain
963 1822 1024 1841 cum
1035 1812 1086 1841 hoc
1098 1813 1236 1841 metallum
1245 1814 1367 1840 omniurn
1378 1814 1407 1840 iit
1418 1808 1674 1851 ponderofiffimum,
1686 1812 1740 1838 mi-

198 1860 292 1878 norem
303 1851 394 1878 locum
403 1860 516 1889 occupat
529 1865 534 1883 ;
554 1861 632 1890 atque
644 1855 680 1880 ita
690 1864 743 1881 non
753 1856 883 1892 sequetur,
899 1855 926 1881 in
936 1854 966 1881 iis
977 1863 1036 1892 quae
1046 1854 1156 1881 minoris
1166 1852 1223 1881 sunt
1233 1853 1357 1891 ponderis
1367 1873 1375 1884 ‚
1390 1857 1414 1881 ὃς
1426 1854 1514 1881 minus
1533 1853 1587 1880 loci
1598 1852 1740 1891 occupari5

196 1891 212 1918 fi
224 1891 289 1919 bene
299 1892 431 1919 rationein
441 1894 526 1930 capio.

154 1932 183 1968 d]
216 1932 298 1959 idem.
319 1933 475 1970 Scrupuium
496 1933 546 1960 live
567 1932 702 1971 scrupulus
713 1954 719 1963 .
734 1936 778 1973 qui
797 1938 821 1963 δε
841 1934 967 1973 scripulus
979 1932 992 1962 ἃ
1006 1934 1137 1961 Frontino
1146 1933 1298 1962 dIciturlib.
1312 1944 1330 1961 1.
1342 1933 1373 1962 de
1382 1934 1527 1972 aquaedust.
1540 1955 1547 1967 ‚
1560 1934 1596 1962 est
1605 1931 1739 1962 drachmae

198 1973 275 2000 tertia
295 1983 350 2010 pars
362 1994 369 2004 ,
387 1982 415 2000 ut
426 1974 506 2000 docet
525 1973 670 2002 Priscianus
690 1976 722 2003 de
740 1975 896 2013 ponderibus
906 1996 912 2007 ‚
931 1975 980 2002 live
993 1974 1130 2003 Rhennius
1149 1975 1262 2002 Fannius
1273 1995 1280 2006 ,
1300 1983 1330 2002 ut
1348 1975 1473 2003 creditur.
1495 1975 1618 2003 Volutius
1638 1974 1740 2011 Metia—

197 2022 244 2040 nus
256 2012 409 2052 scriptulum
419 2012 504 2046 scibit,
517 2024 565 2042 ceu
578 2014 607 2041 iit
620 2013 634 2042 εὶ
644 2018 740 2043 Graeco
751 2015 878 2052 “sedarem-
898 2017 967 2044 Nam
979 2014 1050 2042 idem
1061 2013 1207 2054 significare
1220 2015 1331 2043 Fannius
1342 2015 1439 2043 indicat
1450 2015 1501 2044 hoc
1514 2015 1596 2044 versu:
1609 2018 1738 2042 Gramma

197 2061 293 2080 vocant
305 2074 311 2085 ,
330 2054 404 2089 nostri
417 2054 549 2092 scriptlum
559 2055 646 2083 dixere
654 2059 751 2092 priores.
775 2056 823 2084 Sed
833 2057 865 2084 de
885 2055 1045 2094 ponderibus
1055 2055 1092 2082 ita
1102 2055 1180 2083 semel
1191 2056 1350 2083 existimato.
1369 2055 1448 2083 Libra
1457 2056 1547 2084 uncias
1563 2055 1658 2094 pendet
1669 2055 1738 2082 duo-

145 2105 149 2110 ·
196 2092 293 2125 decim,
304 2093 431 2122 sescuncia
441 2105 545 2122 unciam
556 2106 635 2124 unam
645 2100 669 2124 &
681 2093 811 2125 semissem
819 2118 825 2129 ,
843 2097 921 2124 uncia
932 2095 1076 2124 semuncias
1086 2096 1158 2124 duas.
1182 2096 1277 2124 Duella
1288 2096 1338 2124 five
1349 2096 1427 2135 dupla
1434 2095 1532 2124 sextula
1542 2097 1625 2124 unciae
1633 2104 1691 2133 pars
1701 2094 1737 2122 est

198 2134 277 2161 tertia
288 2154 294 2164 .
304 2135 451 2172 pendetque
461 2135 579 2173 scrupula
590 2137 672 2165 ocio:
690 2138 800 2165 sicilicus
812 2138 896 2165 uncia:
905 2146 962 2175 pars
977 2144 1068 2173 quarta
1078 2135 1258 2175 scrupulorum
1271 2135 1313 2164 sex
1325 2137 1376 2163 est:
1397 2135 1496 2164 sextula
1507 2136 1591 2163 uncia:
1601 2145 1657 2173 pars
1669 2134 1740 2162 sexta

198 2174 379 2211 scrupulorum
389 2176 424 2202 cst
432 2176 546 2204 duorum
561 2186 567 2203 :
586 2177 706 2206 denarius
716 2180 800 2206 unciae
817 2187 872 2215 pars
881 2177 989 2215 septima
1000 2176 1181 2214 scrupulorum
1191 2178 1273 2204 trium
1292 2180 1316 2204 δε
1336 2176 1417 2203 trium
1428 2175 1595 2214 septimarum
1606 2175 1737 2213 scrupuli:

197 2215 325 2242 drachma
335 2214 418 2242 Balbo
427 2217 511 2244 unciae
521 2226 576 2254 pars
587 2217 875 2256 ostava‚scrupulorum
884 2218 975 2245 trium-
989 2218 1151 2244 Victorinus
1162 2217 1246 2244 unciae
1258 2226 1315 2253 pars
1327 2216 1430 2243 decim'a
1438 2224 1529 2254 quarta
1539 2215 1650 2253 scrupuli
1663 2216 1739 2243 unius

201 2260 226 2284 δέ
238 2256 318 2283 trium
328 2256 492 2283 decimarum
503 2267 667 2294 quartarum3
678 2257 826 2296 scrupulum
836 2257 932 2295 pendet
942 2257 1038 2284 obolos
1048 2257 1114 2284 duos
1124 2278 1131 2289 ,
1151 2254 1245 2284 οὔὼς
1254 2256 1413 2284 semiobolos
1423 2257 1487 2285 duos
1499 2278 1505 2290 ,
1517 2255 1676 2284 semiobolus
1687 2256 1739 2283 sili-

199 2306 280 2335 quam
292 2300 402 2324 unam&
414 2292 543 2324 semissem
555 2317 562 2328 ‚
583 2298 671 2336 siliqua
680 2308 762 2338 grana
771 2307 893 2336 quatuor,
902 2306 1015 2336 granum
1026 2297 1127 2324 lentem
1138 2306 1215 2324 unam
1227 2300 1250 2324 St
1263 2294 1400 2324 semissem.

159 2340 184 2373 e]
218 2337 301 2365 Idem.
324 2337 388 2364 Hoc
399 2338 443 2367 est.
454 2347 508 2365 non
520 2339 702 2377 magnitudine
713 2342 737 2366 δι
747 2338 816 2366 mole
828 2348 864 2364 rei
875 2337 1023 2364 :estimanda
1033 2338 1067 2364 est
1077 2337 1204 2377 gravitas,
1215 2336 1255 2365 sed
1267 2346 1294 2365 ut
1305 2347 1415 2376 quaeque
1425 2337 1527 2366 densior
1536 2341 1560 2366 &
1573 2337 1740 2376 compastior

201 2379 245 2406 est.
268 2378 335 2405 Haec
346 2378 398 2405 ille.
418 2379 480 2406 Hoc
491 2379 535 2409 est,
547 2379 619 2416 quod
627 2388 687 2407 aute
697 2379 810 2407 diximus
820 2379 851 2406 de
862 2377 965 2406 sextarii
975 2378 1087 2405 ratione.

154 2419 192 2457 f]
223 2419 306 2447 Idem.
329 2419 394 2446 Plin.
408 2419 453 2446 lib.
467 2429 569 2447 xxxiii.
580 2429 636 2458 cap.
646 2430 669 2447 v.
681 2420 712 2448 de
723 2428 837 2459 argento
848 2420 910 2446 vivo
921 2418 1046 2455 loquens:
1064 2420 1137 2459 Ergo
1147 2422 1170 2447 8:
1182 2428 1243 2446 cum
1252 2428 1301 2446 :cra
1313 2418 1463 2447 inaurantur
1473 2439 1479 2450 ‚
1496 2419 1619 2448 sublitum
1629 2417 1741 2445 braeteis

201 2457 406 2498 pertinacissime
417 2461 522 2488 retinet.
546 2461 613 2488 Haec
623 2461 675 2488 ille.
696 2461 769 2488 Adde
778 2464 801 2487 &
811 2469 939 2500 magnum
948 2459 1016 2486 illius
1027 2457 1101 2488 usum
1109 2456 1159 2487 effe
1170 2460 1195 2487 in
1206 2461 1310 2499 argenti
1320 2459 1440 2491 metallo;
1450 2458 1507 2488 sunt
1518 2461 1588 2488 enim
1601 2468 1673 2487 venae
1681 2467 1740 2497 quae

202 2500 297 2538 absque
309 2500 355 2527 illo
365 2500 507 2538 eliquari&
518 2500 593 2528 educi
606 2511 658 2528 non
669 2497 785 2539 possunt.

157 2542 189 2579 g]
227 2542 310 2568 Idem.
335 2541 436 2568 Eodem
447 2551 504 2579 cap.
516 2542 623 2573 minim,
635 2545 720 2568 omnia
727 2545 748 2569 ei
756 2545 876 2569 innatant
885 2548 970 2578 prater
980 2550 1085 2573 aurum3
1095 2540 1124 2568 id
1131 2552 1211 2570 unum
1221 2542 1286 2579 adse
1293 2541 1386 2568 trahit.
1408 2544 1558 2579 Argentum
1569 2541 1639 2567 enim
1648 2540 1741 2568 vivum

200 2583 317 2609 amicum
332 2591 395 2609 auro
406 2583 508 2620 plumbi
517 2583 658 2622 generibus
666 2580 741 2610 facile
752 2580 903 2610 adhaerescit
914 2603 919 2613 ‚
930 2579 1039 2610 difficile
1050 2592 1180 2622 argento:
1192 2580 1327 2611 difficilius
1338 2582 1392 2613 mi,
1403 2580 1559 2609 difficillime
1569 2578 1648 2608 ferro.
1662 2579 1741 2608 Disce

203 2631 292 2650 autem
303 2633 334 2650 ex
346 2622 397 2650 lioc
407 2623 478 2654 loco„
490 2633 541 2660 qua
551 2623 653 2650 ratione
662 2634 692 2650 ex
703 2623 801 2651 detrita
812 2632 900 2650 :iurata
908 2624 976 2650 veste
989 2632 1080 2651 aurum
1088 2624 1180 2664 colligi
1189 2619 1277 2662 possir.
1298 2624 1336 2650 Ex
1348 2623 1469 2649 inauratis
1481 2620 1592 2648 metallis
1603 2621 1742 2659 quomodo

201 2663 228 2690 id
239 2662 396 2701 fieriqueat.
416 2664 495 2691 tradit
508 2667 646 2691 Vannocim
658 2666 814 2700 Biringucius
823 2662 868 2690 lib.
881 2663 1062 2702 pyrotechniae
1073 2673 1109 2691 ix.
1121 2674 1178 2704 cap.
1189 2675 1215 2692 x.
1238 2662 1412 2702 Chrysulcam
1420 2671 1514 2701 aquam
1523 2660 1658 2700 chymistae
1669 2671 1744 2690 com-

203 2713 316 2742 ponunt.
328 2704 360 2731 ab
370 2704 534 2732 extrahendo
545 2714 609 2732 auro
619 2705 730 2735 diCtam.
741 2714 820 2742 quam
829 2703 1026 2742 aquamfortem
1037 2713 1144 2732 vocant.
1467 2708 1470 2710 “

129 2769 135 2774 .
161 2748 192 2784 λι]
213 2748 358 2776 Philander.
381 2748 520 2777 Diversum
530 2748 581 2776 hoc
591 2750 625 2777 est
635 2748 649 2776 ὲ
661 2749 743 2777 minio
753 2747 926 2777 Dioscoridis.
946 2750 1016 2777 Nam
1027 2748 1102 2776 lib.v.
1113 2760 1169 2788 cap.
1180 2760 1240 2777 rix.
1250 2748 1349 2780 scribit,
1360 2759 1390 2776 ex
1401 2748 1484 2786 lapide
1495 2747 1610 2786 quodam
1619 2756 1744 2787 argenta<

206 2789 249 2816 riae
259 2799 342 2817 arenae
354 2790 442 2817 mixto
451 2791 600 2829 temperari.
624 2791 653 2816 In
666 2790 802 2828 Exquiliis,
812 2789 853 2817 sed
863 2789 1011 2817 carinarum
1024 2790 1088 2817 olim
1097 2799 1179 2828 parte,
1189 2791 1234 2818 ubi
1244 2790 1322 2817 hodie
1334 2790 1462 2816 Vinctum
1472 2794 1572 2816 Ioanms
1584 2790 1662 2816 Guidc'
1672 2809 1678 2821 ‚
1690 2792 1713 2816 ἃ
1722 2787 1746 2815 ei

207 2831 337 2866 proxima,
346 2829 405 2857 sunt
416 2831 541 2870 reliquiae,
552 2840 579 2859 ut
592 2829 752 2868 suspicantur
762 2830 879 2869 quidam,
887 2839 971 2858 aureae
982 2830 1077 2857 domus
1086 2832 1209 2859 Neronis.
1217 2841 1270 2869 ego
1282 2840 1345 2858 vero
1356 2831 1445 2857 Palatii
1457 2831 1514 2857 Titi
1525 2829 1611 2868 potius
1622 2829 1744 2857 dixerim.

208 2870 234 2896 in
244 2869 282 2897 his
293 2869 486 2910 elegantissima
496 2872 611 2899 cernitur
621 2872 730 2910 pistura:
739 2881 816 2910 quarn
825 2880 886 2898 cum
897 2871 1038 2898 admirarer
1049 2871 1140 2899 audaci
1150 2872 1264 2909 tempori
1275 2880 1328 2898 non
1339 2866 1438 2898 ceffiise
1450 2891 1456 2901 ‚
1467 2869 1554 2898 sedita
1563 2867 1614 2898 esse
1625 2869 1748 2897 oblucu-

209 2917 273 2940 tam,
282 2920 310 2938 ut
320 2921 410 2940 recens
421 2912 522 2941 indueti
532 2913 683 2940 viderentur
695 2912 809 2943 colores,
821 2921 913 2939 eorum
926 2919 1020 2950 proeter
1030 2911 1094 2939 alios
1103 2912 1155 2939 dici
1175 2913 1219 2940 vix
1229 2920 1307 2950 queat
1327 2921 1457 2950 quantum
1469 2911 1544 2939 nobis
1555 2910 1685 2938 arriserint
1693 2910 1747 2937 duo

211 2948 296 2978 seculo
307 2952 393 2980 nostro
403 2963 456 2981 non
468 2954 617 2982 imitabiles.
628 2953 774 2981 luculenter
786 2956 809 2981 ἃ
822 2961 999 2990 temperanter
1009 2951 1103 2980 rubens
1114 2962 1191 2984 unus.
1201 2953 1266 2980 alter
1277 2952 1336 2981 laete
1347 2953 1454 2982 virentis
1465 2952 1557 2994 segetis
1568 2952 1658 2980 modo.
1668 2949 1748 2978 Illum

210 2989 257 3018 nili
268 2992 381 3020 minium
391 2991 450 3026 effe,
460 2994 529 3024 hunc
540 2994 587 3023 nili
599 2993 802 3034 chrysocollam,
815 2994 908 3023 adduci
918 3003 972 3022 non
984 2990 1088 3032 poffum
1099 3002 1127 3023 ut
1138 2994 1252 3023 credam.

1630 3032 1658 3067 b]
1669 3030 1754 3058 idem.
