2023 3162
342 89 808 127 VocABvLonM
865 84 1442 124 VITRUVIANORUM.
1661 100 1706 130 23

113 151 252 206 interf}
260 150 500 207 stsquipedalis
519 150 678 205 mensttra
692 152 744 203 stt
761 167 888 191 vacua.
919 158 1014 190 Tunc
1034 167 1086 191 eos
1105 157 1231 190 catenis
1251 151 1370 206 ligneis
1389 165 1435 188 ex
1458 153 1625 205 juizijoero
1643 157 1710 194 vel

112 212 202 250 oliva
214 240 224 256 ,
235 220 293 247 aut
302 208 391 246 buxo
402 220 460 246 aut
469 206 743 262 cuprcffbfizc'i‘is,
763 208 810 246 ad
817 210 1103 262 contignationem
1110 207 1365 261 suspendemus.
1380 201 1454 246 &a
1490 210 1708 249 Catenatio-

112 279 178 306 nes
189 269 300 304 etiam
312 266 403 304 dixit
413 266 544 303 audior
553 264 676 302 noster
694 266 718 301 1.
742 281 775 303 2.
799 278 830 302 c.
851 281 886 311 9.
911 277 980 315 pro
995 267 1153 303 trabium
1164 267 1495 314 coagmentatione
1508 290 1516 304 ‚
1538 266 1599 302 seu
1610 268 1705 305 arCta

113 324 370 372 colligatione.
400 323 487 370 Ejus
499 320 612 360 verba
620 321 665 356 de
684 319 827 358 fraxino
847 321 884 358 &
907 322 1014 358 ulmo
1025 321 1074 358 iic
1093 322 1254 358 habent:
1276 319 1517 372 simulantem
1535 321 1705 370 vetustate

111 376 211 416 aridae
226 375 316 429 fimi
337 375 444 427 suffic
457 407 467 422 ‚
487 386 546 412 aut
565 377 602 412 in
621 389 701 427 agro
715 374 899 427 perfidiae,
922 378 982 428 qui
997 378 1088 413 inei?
1115 379 1154 414 iu
1170 378 1212 413 iis
1230 376 1364 430 liquor,
1380 375 1700 423 statimemoritur‚

103 434 266 486 fiuntque
275 431 430 470 duriores
441 462 450 477 ,
472 430 563 476 &in
583 427 805 483 commiffiiris
825 426 869 470 ὦ
884 444 923 468 itt
943 429 1287 484 coagmentationibus
1307 446 1342 469 ac
1357 430 1568 470 lentitudine
1574 432 1704 483 firmus

112 492 283 542 rccipiunt
293 490 532 526 catenatiotzes.

170 548 203 583 C
218 557 244 582 A
257 557 282 581 T
293 557 318 582 H
331 556 421 583 ETv
432 555 459 580 S.
490 542 574 579 Lib.
599 555 611 578 1
627 556 639 579 1
653 555 685 579 1.
712 555 793 595 cap.
821 554 853 584 3.
883 549 930 580 Et
938 541 1132 593 secundum
1149 540 1289 580 abacum
1301 573 1311 589 ‚
1330 544 1367 580 in
1384 552 1532 596 quatuor
1546 541 1703 595 partibus

112 600 316 637 volutarum
327 629 339 646 ,
353 595 546 650 stcundum
563 600 714 635 extremi
729 598 824 635 abaci
838 597 1006 650 quadram
1027 597 1120 634 lineae
1138 596 1354 635 demittendae
1365 629 1374 644 ‚
1397 613 1468 651 quae
1480 597 1619 645 -κοέθεπι
1639 606 1705 636 Ca-

114 655 464 706 thetimmcupautur.
496 653 641 691 Baldus.
674 654 765 692 Vox
779 654 827 692 est
844 655 1056 691 Geometris
1075 654 1250 704 frequens
1265 685 1274 700 ,
1293 657 1329 692 &
1349 655 1617 706 perfamiliaris,
1646 657 1704 693 Ita

114 715 212 749 enim
224 710 566 762 perpendicularem
578 738 588 753 ‚
607 721 649 746 ac
661 709 685 746 si
695 709 883 747 demissam
894 710 1053 747 diceres,
1068 712 1255 760 appellant
1267 740 1273 746 .
1287 711 1436 756 καὲεπν,
1450 709 1582 749 Metam
1596 727 1704 763 χαμ-

114 765 189 817 farsi,
208 765 271 804 535
283 765 306 804 4
315 762 455 802 δοθεῖσαν
467 763 590 802 εὐθεῖαν
602 766 754 812 άμγεῒν,
766 767 842 802 hoc
854 765 904 802 est
915 794 925 809 ‚
943 763 1050 815 super
1059 765 1184 802 datam
1193 766 1344 805 teclam,
1358 768 1705 818 perpendicularem

113 826 253 862 rectam
264 824 399 860 lineam
408 822 542 859 ducere
553 850 563 866 ‚
588 833 658 858 nos
669 821 783 858 docet
796 820 938 859 Euclid.
951 821 974 855 l.
992 833 1006 856 1
1017 849 1024 856 .
1036 832 1142 872 prop.
1159 834 1192 863 7.

169 881 204 918 C
217 891 244 917 A
255 893 278 918 v
289 890 315 917 A
333 876 384 915 ΕΞ,
396 889 422 914 D
434 889 446 916 1
456 890 483 916 V
495 889 537 914 M.
566 877 649 914 Lib.
661 890 707 915 V1
717 905 724 912 .
738 889 770 913 c.
787 892 801 921 3
814 905 821 913 .
855 883 953 912 Cava
964 873 1083 912 aedium
1102 877 1253 928 quiaque
1267 873 1450 928 generibus
1465 876 1554 927 ficut
1583 876 1704 928 distin-

113 935 179 972 c‘l‘a.
209 935 362 973 Baldus:
384 938 471 972 'cava
483 933 618 970 aedium
631 944 728 984 pam,
740 931 848 981 quod
858 946 903 970 ex
915 933 1071 968 nomine
1083 932 1210 982 liquet.
1239 932 1455 982 Sipontinus
1470 945 1514 969 ex
1534 935 1704 971 Varrone

114 992 258 1028 diserte:
281 996 433 1033 cavum,
451 986 542 1040 quod
551 986 594 1031 <jv
603 987 793 1024 cavaedium
802 985 827 1024 ὰ
835 985 1035 1040 quibufiiam
1045 997 1190 1025 vocatur
1201 1013 1210 1027 ,
1224 989 1286 1038 qui
1295 986 1384 1024 locus
1394 990 1487 1024 inter
1493 989 1638 1039 parietes
1651 1003 1704 1027 re-

113 1046 284 1099 linquitur
295 1042 434 1096 patulus
445 1070 453 1083 ,
465 1042 574 1096 qut'fit
585 1041 628 1079 ad
634 1057 844 1080 communem
853 1045 1008 1079 omnium
1018 1040 1129 1095 usum.
1165 1049 1209 1080 In
1218 1041 1279 1080 hoc
1288 1041 1327 1094 fi
1344 1043 1456 1080 nullus
1465 1042 1550 1081 locus
1562 1043 1705 1081 reltfft'us

113 1106 163 1138 eft‘
171 1103 231 1155 qui
236 1098 302 1152 βψ
310 1098 393 1136 divo
402 1100 453 1148 sit
466 1129 476 1144 ‚
497 1097 635 1148 Testudo
645 1097 774 1135 dicitur
786 1125 793 1138 ‚
816 1096 1026 1148 utcstudinis
1033 1096 1290 1150 stmilitudiue,
1309 1101 1361 1135 uti
1370 1105 1475 1136 Romae
1484 1101 1523 1137 in
1545 1102 1705 1139 prataria

113 1152 158 1197 ά
175 1156 296 1208 Kestria·
306 1153 414 1206 fuiffi’
433 1154 574 1208 legimus
586 1184 595 1198 ‚
603 1154 641 1205 st
647 1168 732 1192 vero
741 1154 884 1191 reliiius
895 1157 944 1191 efi
953 1156 992 1191 in
1001 1152 1108 1191 medio
1117 1153 1207 1191 locus
1218 1164 1258 1191 ut
1267 1154 1377 1191 lucem
1394 1156 1504 1207 capiat
1516 1168 1529 1190 .·
1548 1153 1704 1203 deorfiim

111 1227 176 1266 quo
186 1211 321 1265 impluit
329 1211 540 1264 impluvium
549 1209 678 1248 dicitur
689 1240 699 1255 ‚
726 1208 862 1262 fiirfiim
874 1240 884 1255 ,
906 1224 971 1263 qua
981 1210 1155 1263 compluit,
1168 1209 1407 1262 compluvium
1418 1237 1425 1251 ,
1440 1220 1588 1262 utraque
1596 1209 1705 1264 iiplu-

112 1271 186 1306 via.
216 1266 438 1319 Tufi‘anicum
456 1279 587 1320 quoque
606 1266 807 1319 appellatum
825 1263 849 1302 iz
869 1264 985 1317 Tuscis
997 1295 1007 1312 ,
1022 1265 1198 1318 postquam
1215 1266 1351 1303 illorum
1367 1279 1496 1303 cavum
1506 1263 1626 1302 aedtum
1645 1273 1705 1303 Ro-

112 1326 209 1362 mani
217 1324 349 1360 imitari
357 1333 540 1375 caeperunt.
572 1322 663 1360 Haee
675 1324 736 1359 ille
749 1351 757 1358 .
780 1335 859 1372 qua:
870 1322 896 1359 fi
907 1334 995 1361 cum
1007 1324 1049 1360 iis
1061 1335 1141 1372 quae
1153 1322 1267 1360 docet
1282 1322 1474 1360 Vitruvius
1485 1334 1697 1372 comparas,

114 1392 235 1430 pauca
245 1379 291 1416 ad
303 1380 397 1417 hanc
409 1391 487 1415 tem
497 1379 654 1431 perfeste
675 1378 979 1429 cognoscendam
991 1380 1058 1416 tibi
1078 1379 1245 1416 deerunt.
1277 1378 1492 1424 ConiunCta
1513 1389 1607 1415 voce
1619 1390 1705 1427 pro-

115 1437 198 1473 tulit
210 1436 298 1472 Plin.
311 1435 409 1487 epist.
420 1450 456 1482 4.
490 1439 557 1474 eA
573 1444 665 1488 tergo
680 1432 894 1480 Cavaedium,
907 1436 1091 1474 Particum,
1106 1441 1250 1472 Aream.
1279 1434 1353 1471 Sed
1363 1436 1400 1472 ὃς
1412 1434 1538 1471 lucem
1550 1431 1707 1471 afferunt

116 1504 158 1529 ea
170 1504 250 1541 quae
261 1490 383 1529 scribit
394 1490 577 1529 Albertus.
607 1493 700 1529 Sunt
710 1502 837 1528 autem
847 1491 1029 1539 ejusmodi
1043 1504 1051 1527 :
1075 1496 1215 1527 Cavum
1227 1521 1238 1537 ‚
1248 1488 1366 1526 ,edium
1371 1500 1454 1541 pars
1464 1491 1512 1526 efi
1519 1490 1701 1541 primaria,

114 1549 152 1585 in
161 1561 264 1600 quam
281 1557 446 1600 tanquam
455 1548 494 1583 iu
502 1545 624 1597 fizrum
643 1560 820 1585 commune
833 1574 841 1587 ‚
864 1546 932 1584 alia
950 1548 1084 1584 minora
1102 1545 1221 1583 aedium
1241 1543 1393 1583 membra
1411 1554 1639 1584 concurrunt,
1659 1538 1705 1583 ὦ·

115 1600 398 1656 quemadmodum
414 1604 452 1638 in
473 1600 555 1639 urbe
563 1602 688 1654 fhrum
708 1601 752 1648 ὠ·
764 1604 917 1655 porticus
927 1601 1010 1655 sbro
1020 1602 1203 1652 conjunffae
1216 1631 1226 1647 ‚
1243 1603 1377 1654 priores
1385 1599 1474 1652 sunt
1492 1613 1562 1653 que
1571 1598 1616 1636 ad
1623 1601 1706 1653 aspe-

68 1680 71 1683 ·
115 1659 211 1695 [lum
221 1668 419 1711 queruntur
430 1688 440 1703 ‚
460 1660 511 1695 ita
519 1660 556 1695 in
575 1658 639 1697 ,ede
651 1668 738 1712 (quae
749 1669 914 1711 tanquam
929 1669 1045 1712 parva
1061 1660 1190 1695 civitas
1199 1660 1267 1698 eft)
1284 1658 1398 1709 primo
1416 1654 1460 1692 ad
1476 1652 1643 1692 cohortem
1660 1649 1705 1695 ό·

116 1715 309 1752 eumedium
320 1714 518 1766 respicimus,
533 1708 605 1752 &a
627 1716 844 1754 Cavaedium
856 1727 940 1754 uos,
957 1714 983 1751 fi
995 1715 1293 1766 compluviatum
1304 1712 1368 1758 est,
1379 1723 1514 1763 nempe
1522 1711 1588 1750 sub
1598 1712 1702 1751 divo,

117 1768 233 1806 cet-tile
250 1771 436 1815 dicimus9
452 1769 474 1806 fi
498 1782 589 1808 vero
608 1772 867 1808 testudinatum
880 1801 889 1815 ‚
914 1768 1083 1807 Auditum
1102 1770 1330 1820 appellamus
1351 1783 1358 1806 ε
1387 1768 1478 1806 illud
1495 1766 1705 1817 magnificis

118 1825 271 1867 aedibus,
283 1825 377 1862 istud
397 1837 485 1862 vero
498 1827 641 1876 privatis
651 1826 830 1863 domibus
839 1826 1025 1864 familiare.
1420 1865 1423 1867 ,

176 1881 211 1918 C
224 1891 252 1918 A
263 1892 287 1917 v
299 1892 321 1918 L
332 1892 343 1918 1
357 1892 382 1918 c
393 1892 419 1918 v
430 1888 488 1918 ΕΙ.
519 1882 602 1918 Lib.
621 1894 633 1918 1
642 1894 676 1919 v.
692 1895 771 1932 cap.
788 1894 802 1918 1
812 1911 820 1918 .
849 1878 1169 1918 Cauliculieaudem
1180 1877 1324 1916 habeant
1334 1876 1565 1917 altitudinem,
1579 1891 1623 1915 ex
1632 1878 1707 1930 qui-

119 1933 178 1973 bus
187 1934 278 1988 fhlts
289 1933 478 1987 nascuntur
488 1937 642 1986 projedi‘a
653 1945 693 1973 ut
707 1935 859 1973 Abacum
868 1937 1052 1989 excipiant.
1063 1936 1211 1973 Baldus.
1224 1935 1350 1972 Cauiis
1369 1934 1458 1984 quid
1469 1933 1556 1972 sitin
1566 1934 1701 1973 herbis,

121 1993 179 2028 vel
190 1991 313 2029 rustici
323 1991 582 2031 norunt,fustis
592 2004 728 2042 nempe
738 1991 796 2030 seu
806 1992 927 2043 stipes,
938 1992 1039 2029 unde
1050 1990 1139 2028 folia
1149 1993 1186 2027 ὃς
1197 1989 1391 2027 ramusculi
1400 1989 1597 2040 prodeunt.
1610 1990 1709 2026 Cau-

121 2047 255 2083 liculus
265 2059 353 2083 vero
364 2049 524 2084 tenerior
535 2047 803 2097 delicatiorque
817 2077 826 2092 ‚
848 2049 856 2083 i
861 2047 958 2097 pfius
969 2048 1082 2084 caulis
1090 2047 1295 2083 summitas.
1327 2045 1443 2097 Apud
1465 2045 1706 2083 Architeecos

123 2104 161 2138 in
173 2101 376 2138 Corinthio
389 2104 554 2152 capitulo
566 2116 620 2140 res
631 2105 724 2141 trita.
755 2104 844 2140 Hoc
856 2104 957 2141 enim
969 2104 1125 2140 nomine
1136 2112 1312 2139 notantur
1321 2102 1468 2139 flexurae
1476 2101 1548 2138 illae
1560 2129 1570 2144 ,
1591 2112 1672 2148 quae
1684 2097 1707 2136 ὲ

124 2156 354 2207 quadruplici
366 2159 467 2194 caule
476 2159 702 2206 prodeuntes
713 2159 760 2195 ad
771 2158 928 2196 modum
939 2160 1152 2195 volutarum
1162 2168 1321 2194 curvata:
1334 2186 1344 2201 ‚
1353 2158 1486 2206 partim
1496 2155 1541 2192 ad
1551 2155 1706 2203 angulos

125 2214 253 2256 abaci,
272 2213 429 2254 maiores
440 2224 578 2263 nempe
591 2242 601 2258 ‚
620 2214 752 2263 partim
762 2224 854 2249 vero
864 2212 910 2248 ad
926 2212 1022 2263 ipsos
1032 2213 1142 2249 flores
1154 2241 1166 2257 ,
1184 2212 1320 2261 quibus
1339 2213 1545 2248 abacorum
1565 2209 1707 2247 frontes

125 2269 255 2306 medice
274 2278 473 2311 ornantur,
492 2269 706 2305 cincinnatae
720 2278 962 2304 concurrunt.

183 2325 218 2362 C
232 2335 285 2361 ΕΙ,
297 2334 367 2360 LA.
405 2322 489 2358 Lib.
513 2335 528 2360 1
541 2335 554 2359 1
568 2335 598 2358 1.
619 2333 699 2374 cap.
715 2334 746 2358 1.
786 2328 830 2358 Iu
847 2325 938 2358 antis
957 2323 1024 2358 erit
1042 2319 1123 2358 aea'es
1141 2351 1150 2367 ,
1167 2335 1245 2359 cum
1265 2318 1397 2358 habebit
1416 2320 1582 2369 infreme
1602 2329 1705 2358 antas

122 2381 317 2432 parietum,
338 2379 399 2430 qui
416 2377 530 2414 cellam
545 2375 828 2415 circumcludunt.
851 2378 943 2414 Item
956 2378 1016 2414 lib.
1034 2389 1183 2428 1v.cap.
1200 2392 1236 2424 4.
1257 2380 1331 2427 agit
1341 2377 1386 2414 dc
1396 2378 1573 2415 interiore
1593 2378 1704 2414 cella-

127 2439 245 2474 larum
261 2437 299 2472 ὅ(
317 2435 449 2485 pronai
468 2433 736 2471 distributione.
767 2433 921 2470 Baldus:
942 2433 1089 2470 Cellam
1107 2434 1213 2483 quod
1233 2433 1278 2470 ad
1298 2433 1413 2469 sacras
1423 2432 1516 2471 aedes
1534 2435 1703 2482 pertinet,

128 2491 323 2543 appellavit
333 2501 474 2540 partem
484 2491 695 2539 primariam
705 2489 803 2529 aedis,
816 2501 930 2539 quam
940 2501 1009 2526 nos
1020 2501 1154 2539 corpus
1163 2490 1296 2540 templi
1304 2490 1421 2538 vulgo
1431 2488 1601 2525 dicimus.
1631 2488 1705 2524 Eo»

130 2548 215 2585 dem
229 2545 326 2582 sensu
337 2546 355 2582 a
369 2543 570 2590 Cicer-ond
584 2546 694 2582 Livio
705 2548 742 2583 &
752 2546 827 2582 aliis
837 2548 914 2589 eius
927 2547 993 2583 aevi
1002 2545 1237 2597 scriptoribus
1253 2538 1546 2595 frequentissime‘
1561 2543 1706 2592 usurpa-

129 2613 202 2641 tur.
232 2603 412 2639 Nominis
424 2603 605 2651 originem
615 2601 717 2638 duxit
730 2630 739 2645 ,
760 2600 782 2637 fi
794 2601 922 2638 Servio
939 2601 1127 2639 &Isidoro
1148 2601 1348 2645 credimus,
1370 2600 1391 2636 a
1408 2598 1576 2637 celando.
1606 2597 1705 2635 Usus

132 2662 170 2697 δ(
181 2657 399 2709 significatio
411 2658 605 2709 multiplex
619 2687 629 2703 ,
647 2657 744 2695 unde
755 2658 889 2695 cellam
900 2658 1076 2695 vinariam
1088 2684 1096 2697 ‚
1115 2659 1303 2707 lignariam
1317 2686 1326 2701 ‚
1343 2655 1549 2693 farinariam
1562 2683 1571 2698 ,
1584 2665 1706 2690 carna-

133 2717 226 2752 riam
239 2714 259 2750 a
270 2713 410 2751 servatis
425 2714 531 2751 rebus
543 2714 717 2751 dicebant
726 2724 866 2751 ‘sereres
877 2743 888 2759 ,
905 2713 965 2751 sed
975 2713 1013 2750 &
1025 2726 1137 2764 apum
1158 2713 1338 2750 foramina
1359 2707 1648 2748 domunculasve
1666 2711 1705 2746 in

135 2770 223 2808 favis
236 2772 346 2808 cellas
359 2771 448 2807 dixit
459 2770 588 2820 Virgil.
602 2767 752 2807 AEueid.
771 2783 801 2806 1.

872 2830 944 2862 Aut
957 2838 1034 2861 cum
1044 2823 1213 2876 liquentia
1221 2823 1318 2860 mella

524 2882 669 2933 Stipant,
683 2875 728 2919 6⁹
737 2879 829 2918 dulci
838 2878 1035 2931 distendunt
1045 2879 1182 2916 nec-*tare
1192 2878 1300 2916 cellas.

139 2935 228 2973 Haec
237 2937 309 2975 ille.
340 2938 403 2976 Cl.
413 2938 608 2977 Salmasius
618 2939 656 2976 in
665 2938 839 2978 Solinum
847 2949 930 2989 pag.
946 2950 962 2976 1
971 2950 1014 2976 21
1027 2944 1059 2974 S.
1073 2938 1112 2977 In
1132 2936 1350 2974 Graeeorum
1361 2934 1500 2974 aedibus
1510 2933 1614 2971 sacris
1626 2931 1706 2968 haee

1591 2996 1706 3025 eraut,
