2023 3162
272 105 344 137 106
688 91 1529 130 DESIGNIFICATIONE

264 161 411 215 prorsus
433 159 453 198 ὲ
474 159 663 198 contrario
684 158 717 195 se
736 169 792 194 res
812 157 960 195 habeat.
992 156 1192 193 Turnebus
1211 154 1288 193 haee
1310 156 1422 193 refert
1438 156 1500 193 lib.
1518 170 1531 193 1
1546 168 1575 193 1.
1595 168 1676 208 cap.
1693 171 1726 194 2.
1766 158 1867 198 „Aah

253 219 443 270 jec7ione7n
458 226 525 270 per
536 214 707 266 sc'amillos
736 214 882 265 impares
911 224 988 248 cum
1016 212 1203 261 Vitruvius
1224 221 1294 263 cap.
1318 225 1353 254 3.
1362 208 1488 260 scribit
1497 241 1508 256 ‚
1524 210 1700 264 significat
1724 224 1868 267 perpar-

267 272 355 313 vula
363 271 499 320 scamna
509 302 515 309 .
535 281 575 308 ut
586 273 678 307 enim
687 268 710 306 u
722 281 871 305 mamma
879 268 1032 305 mamilla
1044 265 1255 305 diminuitur
1266 296 1276 311 ‚
1283 266 1335 317 sic
1345 263 1368 302 u
1370 264 1508 318 scamno
1516 264 1725 317 scamillum,
1746 271 1868 306 auc‘ior

269 328 432 381 Priscian.
444 326 500 365 lib.
515 342 548 370 3.
565 325 604 362 de
615 324 778 362 diminui.
789 325 849 376 qui
863 316 906 361 ό
917 321 1004 360 illud
1011 320 1113 375 affert
1127 351 1136 367 ‚
1148 335 1278 359 verum
1287 322 1429 373 infirma
1437 319 1669 372 scamillorum
1679 321 1763 360 obice
1764 324 1867 377 fultae

259 385 370 439 fhres.
403 383 508 424 μΛίῐῑ
516 378 731 429 scabellorum
742 379 853 433 legere
864 377 1012 415 malunt.
1046 379 1233 415 Hastenus
1243 379 1304 415 ille
1318 406 1325 414 .
1352 379 1486 427 quibus
1498 390 1579 416 non
1603 380 1864 420 immoramur,

269 441 423 491 quando
436 430 531 476 hanc
542 449 621 474 rem
633 446 755 473 totam
768 436 947 485 peculiari
963 434 1090 472 libello
1104 433 1234 483 (quem
1244 432 1344 472 suasu
1363 433 1573 483 Vespasiani
1591 434 1781 484 Gonzagae
1802 438 1868 474 Sa-

264 498 433 534 blonetae
445 496 548 532 ducis
559 520 569 536 ,
588 494 656 531 viri
668 491 954 541 elegantioribus
965 488 1220 537 hujuscemodi
1231 489 1352 528 studiis
1366 488 1609 535 addictiffimi,
1626 489 1768 527 dudum
1780 503 1869 529 con-

270 554 449 602 scriptum
463 577 470 590 ‚
487 561 602 600 nuper
613 549 666 585 M.
688 548 840 587 Velsero
853 547 1010 597 August.
1026 545 1174 585 Vindel.
1190 558 1202 582 1
1221 558 1235 583 1
1244 546 1344 584 -viro
1366 545 1542 583 Praefeuo
1563 545 1789 594 dicavimus)
1804 559 1868 585 cu-

272 609 416 646 mulate
427 605 720 655 exposuerimus.

326 663 349 698 S
364 676 384 699 c
395 675 416 698 Α
430 675 453 698 N
470 675 494 698 D
506 673 530 698 v
545 675 563 697 L
576 668 621 698 Ε.
655 660 738 697 Lib.
756 673 769 696 1
783 672 814 696 1.
829 672 908 710 cap.
924 671 958 695 1.
989 655 1168 694 scandulis
1179 653 1334 706 robusteis
1345 655 1628 706 autstramentis.
1661 656 1869 696 Philander:

270 718 312 756 Id
324 718 372 754 est
387 743 394 755 ‚
417 718 554 754 robore
566 715 742 753 assulatim
754 715 861 752 sedo.
893 716 984 751 Sunt
994 723 1057 750 aut
1068 712 1243 751 scandulae
1255 713 1411 757 tabe11ae‚
1425 714 1549 750 vicem
1560 715 1766 763 tegularum
1778 725 1871 763 pra:-

272 773 402 812 stantes
416 802 425 817 ‚
446 772 582 822 quibus
602 772 819 808 eonteetam
835 770 937 807 fuiss'e
957 771 1133 807 Romam
1152 771 1256 807 annis
1277 783 1369 815 470.
1388 769 1519 805 auctor
1541 769 1590 806 est
1609 770 1727 806 Corn.
1740 770 1872 818 Nepos

272 830 369 880 apud
383 830 469 866 Plin.
481 828 541 865 lib.
553 839 600 864 xv
609 840 639 863 1.
651 838 728 876 cap.
748 839 761 863 1
771 838 807 862 0.
842 825 1000 862 lfidorus
1010 835 1118 875 putat
1129 837 1270 863 nomen
1280 824 1348 863 ess'e
1358 824 1501 862 sortitas
1514 824 1533 860 a
1546 824 1762 863 scindendo.
1786 825 1873 862 Bar-

272 885 380 922 barus
390 883 516 922 vidiffe
526 884 575 920 ait
585 881 618 918 se
630 881 838 929 hujusmodi
850 881 992 919 tabellis
1005 881 1145 917 domos
1158 881 1268 919 rectas
1278 883 1316 918 in
1328 881 1448 917 Gallia
1465 882 1649 918 &locum
1664 880 1789 918 lfldori
1800 893 1873 918 no-

272 952 370 985 tans,
380 941 498 988 inquit
509 960 518 987 3
534 936 676 988 [fidorm
677 946 776 989 putat
787 949 910 973 nomen
921 933 984 986 effe
997 932 1139 986 sortitas
1149 933 1173 971 u
1173 934 1363 986 scindendo
1374 966 1381 972 .
1399 935 1468 985 sed
1474 950 1535 973 cur
1546 950 1614 973 non
1625 933 1649 972 ic
1656 934 1875 988 scandendo?

273 997 334 1048 qui
344 997 435 1032 enim
454 994 550 1030 vidit
560 1006 626 1044 qua
647 993 776 1029 ratione
794 990 861 1028 alia
872 988 981 1042 super
998 989 1105 1026 aliam
1123 993 1332 1042 imponitur,
1342 988 1510 1041 scandere
1527 991 1631 1028 altam
1639 990 1750 1044 steper
1768 990 1875 1029 aliam

264 1050 494 1103 squamarum
511 1061 602 1085 more
617 1045 795 1099 gradatim
806 1075 817 1091 ‚
846 1047 1014 1098 cognovit.
1047 1045 1238 1090 Hastenus
1258 1047 1455 1085 Barbarus,
1482 1050 1545 1097 qui
1564 1050 1600 1085 &
1623 1048 1716 1084 illud
1737 1048 1877 1096 (inquit

274 1106 427 1152 Baldus)
440 1104 572 1140 addere
585 1103 719 1153 potuit,
734 1101 946 1139 scandulam
960 1101 978 1138 a
989 1101 1215 1146 scandendo,
1226 1102 1345 1140 herbae
1356 1114 1484 1151 genus,
1506 1104 1598 1140 aust.
1629 1103 1735 1140 Festo
1748 1133 1757 1147 ,
1768 1104 1814 1139 ita
1825 1102 1876 1140 di-

276 1163 381 1200 eram,
396 1158 486 1212 quod
493 1172 548 1195 eas
566 1156 667 1194 velut
684 1154 810 1194 hedera
827 1155 1034 1210 implicando
1051 1166 1161 1194 necat.
1195 1159 1338 1197 Verum
1350 1160 1546 1196 enimvero
1557 1170 1664 1196 acute
1676 1159 1873 1200 Barbarus,

274 1230 355 1255 non
366 1228 461 1253 vere.
491 1216 584 1252 Non
598 1215 698 1252 enim
710 1213 889 1251 scandulae
902 1213 1078 1250 dicuntur
1086 1213 1204 1251 affulae
1217 1215 1284 1252 illae
1296 1220 1439 1252 tantum
1450 1216 1586 1263 quibus
1597 1215 1735 1253 domus
1747 1226 1875 1265 tegun-

274 1283 334 1310 tur
344 1271 534 1322 gradatim,
550 1269 609 1306 sed
619 1269 792 1318 quaelibet
803 1270 952 1307 materia
964 1268 1144 1306 assulatim
1162 1269 1271 1307 sebia.
1293 1271 1441 1307 Etenim
1457 1270 1673 1308 Columella
1683 1271 1744 1308 lib.
1755 1283 1799 1308 vi
1815 1283 1828 1307 1
1842 1283 1874 1308 1.

275 1341 356 1378 cap.
377 1341 389 1363 1
405 1340 417 1363 1
433 1340 461 1364 1.
487 1327 550 1364 ubi
561 1326 607 1362 de
628 1325 838 1362 Gallinariis
856 1339 864 1362 :
887 1321 970 1364 eAb
979 1321 1113 1361 cohorte
1123 1322 1316 1377 forinsecus
1322 1323 1492 1379 praediolis
1503 1324 1689 1377 finestelle}
1700 1322 1877 1377 scandula

262 1382 433 1434 stmilner
449 1382 684 1434 injungantur
696 1408 704 1421 ,
726 1378 847 1433 quibus
868 1382 1022 1433 irrepant
1031 1393 1117 1417 aves
1127 1379 1173 1417 ad
1181 1383 1335 1433 requiem
1345 1383 1562 1419 noc‘t‘urnam.
1593 1382 1665 1419 Sed
1675 1383 1713 1419 ὅ(
1734 1380 1824 1419 Caes.
1840 1388 1858 1418 S
1866 1410 1878 1419 .

273 1440 365 1476 Bell.
377 1438 474 1475 Gall.
498 1444 610 1490 cupas
619 1433 985 1488 fe'vo‚pice‚scandulcs
995 1435 1173 1488 complent.
1196 1437 1299 1476 Hinc
1311 1439 1491 1477 Perottus,
1506 1438 1785 1475 Grammaticus
1795 1449 1877 1475 non

273 1494 471 1544 ignobilis,
497 1491 520 1529 ἰι
531 1490 652 1546 scindo
669 1505 774 1531 vero,
790 1494 841 1530 ait
853 1521 863 1537 ,
883 1491 933 1540 fit
950 1490 1101 1543 rescindo
1113 1522 1124 1538 ,
1132 1491 1243 1544 scissio
1252 1520 1260 1534 ,
1272 1490 1423 1544 scifficra
1434 1523 1444 1537 ‚
1460 1495 1544 1530 item
1567 1490 1751 1530 scandula.
1787 1499 1879 1530 Sunt

273 1552 368 1588 enim
379 1547 680 1601 Scandulaeparvae
690 1544 822 1587 tabella,
837 1545 897 1584 hoc
908 1550 957 1585 eft
969 1574 977 1588 ‚
991 1550 1029 1585 in
1033 1559 1170 1601 parvas
1179 1547 1325 1587 laminas
1335 1545 1454 1600 sciffo,
1469 1546 1485 1586 e
1497 1546 1610 1587 robore
1620 1558 1681 1586 aut
1690 1547 1756 1585 alio
1767 1546 1873 1602 ligno,

274 1608 428 1644 maxime
439 1603 456 1642 e
461 1601 672 1658 glandiferis
683 1602 727 1647 (9⁹⁹
737 1617 808 1655 quae
819 1603 967 1656 refinam
967 1602 1098 1655 ferunt
1108 1603 1273 1646 omnibus,
1287 1602 1407 1657 quibus
1417 1606 1507 1642 tecla
1518 1614 1698 1658 teguntur.
1710 1605 1871 1650 Mirum,

275 1672 409 1700 contra
421 1672 479 1699 tot
489 1660 668 1698 codicum
680 1670 792 1709 atque
804 1661 996 1698 auCtorum
1010 1661 1260 1699 concordiam
1273 1661 1495 1700 Turnebum
1506 1663 1567 1699 lib.
1584 1675 1602 1698 2
1611 1678 1644 1701 2.
1657 1672 1736 1711 cap.
1755 1674 1770 1698 1
1781 1667 1814 1697 8.
1826 1661 1877 1698 ita

275 1718 299 1754 s
293 1717 444 1768 cripsiffe
456 1731 464 1754 ε
483 1713 542 1753 hoc
552 1725 668 1752 autem
678 1726 779 1768 caput
788 1726 827 1753 ut
837 1714 975 1766 discolor
974 1716 1025 1767 stt
1035 1746 1045 1762 ,
1060 1719 1213 1770 pittacea
1223 1719 1255 1754 ei
1265 1714 1395 1768 affiiam
1405 1731 1449 1754 ex
1469 1720 1632 1756 Varuw'o
1646 1747 1656 1762 ,
1675 1715 1766 1769 apud
1774 1728 1877 1768 quem

274 1770 332 1810 lib.
348 1788 365 1808 1
376 1788 392 1808 l
401 1803 408 1810 .
420 1783 487 1826 cap.
508 1786 540 1809 1.
555 1783 621 1824 pro
633 1770 812 1809 scandulis
831 1770 1001 1809 Scindulae
1010 1771 1076 1826 legi
1085 1770 1223 1821 debent3
1248 1768 1291 1812 ὠ·
1303 1772 1425 1824 Isidori
1441 1773 1646 1810 aueloritate
1655 1802 1666 1817 ,
1692 1766 1736 1810 ὦ*
1745 1774 1876 1807 veteris

275 1826 368 1866 libri.
381 1828 472 1881 quod
478 1827 568 1864 idem
579 1827 671 1880 apud
680 1825 854 1880 Caestzrem,
869 1827 1036 1869 Plinium,
1049 1827 1238 1867 Palladium
1243 1827 1446 1882 faciendum
1455 1826 1576 1880 cenfio,
1589 1841 1634 1865 ex
1642 1825 1876 1879 [stipulatione

277 1894 440 1920 veterum
453 1881 628 1922 librorum.
895 1898 901 1899 ⁷

335 1938 358 1974 S
372 1952 393 1975 c
406 1951 427 1974 A
441 1952 460 1975 ι)
473 1951 497 1974 H
515 1951 525 1974 1
540 1951 563 1975 v
575 1952 616 1974 M.
645 1939 729 1975 Lib.
740 1951 785 1977 v1
800 1952 814 1975 1
830 1952 843 1975 1
855 1968 862 1975 .
875 1952 954 1989 cap.
967 1954 1004 1985 4.
1036 1936 1225 1991 scaphium
1235 1952 1359 1977 areum
1368 1950 1426 1976 aut
1429 1935 1631 1990 plumbeum
1641 1967 1650 1982 ‚
1670 1946 1727 1973 aut
1744 1934 1871 1987 pelvis.

279 1993 432 2031 Baldus:
452 1992 653 2041 Scaphium
664 1992 756 2029 vafis
767 2004 894 2042 genus.
919 1995 1085 2030 nominis
1096 1996 1206 2043 origo
1219 1996 1347 2032 Graeca
1357 1995 1417 2033 est,
1431 1991 1497 2030 xm*
1507 1989 1717 2032 τὲσκοίτῆειν,
1731 1992 1875 2036 fodere,

278 2060 471 2086 excavare.
500 2048 650 2085 Dicitur
660 2057 787 2085 autem
800 2048 846 2086 de
857 2047 1007 2085 sordido
1017 2047 1110 2090 vase,
1119 2048 1164 2084 de
1175 2061 1253 2097 quo
1265 2048 1419 2099 Ulpian.
1452 2046 1602 2101 scaphia
1612 2046 1726 2085 habita
1738 2051 1876 2084 ventris

278 2101 378 2154 causti
391 2133 401 2147 ,
423 2117 490 2141 non
494 2112 577 2155 puto
595 2111 736 2156 argento
752 2101 860 2155 legato
880 2104 1058 2140 contineri.
1087 2105 1244 2142 Fiebant
1265 2106 1366 2142 enirn
1376 2115 1548 2154 argentea
1559 2134 1569 2150 ‚
1590 2105 1670 2143 imo
1691 2104 1728 2141 Sc
1746 2114 1868 2141 aurea.

280 2159 381 2198 unde
390 2158 551 2197 facetum
563 2159 652 2196 illud
662 2159 840 2196 Martialis
851 2158 1063 2196 Distichon:

558 2218 695 2252 Ventrie
706 2227 787 2250 onus
798 2213 920 2264 mistro
931 2243 941 2259 ,
962 2227 1021 2250 nec
1030 2224 1063 2251 te
1065 2212 1175 2266 pudet
1186 2241 1194 2254 ‚
1216 2216 1343 2268 excipis
1353 2228 1449 2255 auro,

615 2266 721 2319 Bassa,
734 2266 815 2306 bibis
824 2271 929 2306 vitro.
949 2270 1061 2307 carius
1071 2283 1149 2322 ergo
1158 2283 1263 2307 cacas.

282 2327 455 2364 Denotat
466 2326 578 2363 etiam
589 2325 740 2363 Polluci
749 2325 810 2363 lib.
822 2339 855 2363 x.
867 2337 947 2376 cap.
966 2341 999 2370 3.
1019 2338 1080 2364 vas
1100 2326 1158 2364 seu
1176 2327 1358 2365 matulam
1379 2329 1417 2364 in
1437 2340 1511 2378 qua
1528 2329 1672 2373 mejunt
1691 2327 1872 2367 foeminae,

284 2393 505 2430 quanquam
524 2381 574 2417 ibi
593 2382 639 2418 de
651 2381 738 2418 vasis
758 2391 844 2431 agat
861 2382 903 2422 eie
912 2380 1081 2419 ὶὲπέπτιτον
1093 2380 1292 2428 οἰναβιωέσις.
1324 2385 1387 2422 Dc
1397 2383 1472 2421 hoc
1482 2385 1636 2434 intelligi
1646 2383 1799 2433 quidam
1811 2395 1874 2422 vo-

283 2438 365 2475 lunt
376 2437 465 2474 illud
475 2434 633 2488 Juvenal.
647 2439 719 2474 Sat.
743 2444 778 2475 6.

565 2498 594 2528 E
597 2501 610 2526 t
620 2491 716 2537 vide,
722 2493 838 2544 pcfitis
848 2490 1031 2546 scaphium
1041 2507 1118 2532 cum
1116 2492 1275 2546 sumitur
1283 2498 1399 2532 armis.

281 2550 368 2586 Erat
379 2549 478 2586 enim
492 2548 624 2598 poculi
633 2559 750 2596 genus
763 2549 999 2598 oblongioris
1010 2549 1381 2600 figurae‚laterumque
1393 2553 1429 2588 in
1441 2551 1587 2603 Scaphae
1597 2550 1872 2589 similitudinem

282 2604 482 2650 flexorum,
494 2614 534 2641 ut
543 2606 592 2642 ait
605 2603 822 2649 Turnebus,
833 2607 945 2653 qui&
956 2607 1130 2645 Plautum
1142 2607 1291 2644 adducit
1303 2608 1342 2643 in
1353 2607 1457 2643 Persa
1472 2621 1482 2649 ·,

562 2658 790 2711 &Ampudam
803 2689 813 2705 ,
824 2658 1010 2712 strigilem,
1019 2658 1207 2714 staphitim,
1210 2660 1335 2714 soccos,
1340 2662 1497 2715 pallium.

283 2710 393 2749 Habet
402 2723 532 2759 autem,
545 2714 734 2759 subinfert,
744 2714 899 2768 aliquam
898 2714 1170 2767 similitudinem
1181 2720 1255 2766 ejus
1263 2716 1384 2768 forma
1392 2730 1468 2755 cum
1471 2715 1573 2770 galeae
1573 2717 1706 2770 figura,
1717 2722 1756 2751 ut
1761 2723 1825 2765 pro
1835 2725 1872 2751 ea

283 2765 382 2805 indui
385 2767 475 2819 POffi'
486 2769 664 2809 videatur.
696 2771 813 2809 Unde
823 2771 923 2809 idem
935 2772 1083 2810 Plautus
1095 2775 1132 2810 in
1144 2774 1403 2812 Bacchidibus:

557 2833 623 2863 Pro
637 2825 740 2879 galea
747 2824 943 2879 staphium,
956 2838 1019 2881 pro
1028 2828 1205 2882 infignisit
1213 2843 1334 2866 corona
1339 2827 1497 2882 plestilc's.

283 2876 431 2916 Eodem
444 2883 599 2918 nomine
618 2883 822 2920 Plutarcho
833 2885 869 2921 in
892 2884 1035 2924 Numa,
1061 2897 1274 2923 concavum
1294 2896 1356 2922 vas
1368 2884 1575 2922 dicebatur,
1598 2880 1695 2919 unde
1706 2880 1874 2919 Vestales

285 2934 443 2984 virgines
463 2947 507 2973 ex
529 2937 607 2983 ejus
627 2938 837 2991 praescripto
856 2941 984 2989 ignem
1012 2940 1101 2979 Sole
1121 2941 1391 2991 concipiebant.
1425 2939 1608 2978 Concava
1625 2939 1726 2977 enim
1747 2936 1872 2974 forma

1729 2992 1871 3031 ustoriis
