2023 3162
204 318 748 383 VITRUVII
823 318 1096 382 VITA
1175 321 1307 383 EX
1382 320 1626 382 IPSO

268 426 481 467 OPERE
518 427 634 465 PER
674 425 1133 467 PHILANDRUM
1170 428 1546 470 COLLECTA.

127 542 136 571 Ἰ
148 525 205 590 ἷῖἅ
227 547 231 588 ᾗ
256 546 292 585 V
305 558 317 582 1
331 557 356 581 τ
368 557 390 581 R
400 556 426 581 υ
437 554 462 580 v
476 556 487 581 1
501 556 514 581 1
545 541 574 579 P
585 554 612 580 o
625 553 647 579 L
659 553 682 580 L
696 555 706 579 1
721 553 748 580 0
760 551 787 580 N
800 554 811 580 1
827 554 842 578 s
856 567 864 581 ‚
888 553 990 593 quem
1009 541 1121 594 reperi
1138 539 1179 578 ab
1188 541 1302 596 aliquo
1311 544 1469 583 Vitruvii
1477 542 1561 592 Rufi
1573 545 1712 582 nomine

130 600 166 633 ¹.‘
177 584 202 629 :⁴2
259 597 306 637 ad
311 599 548 636 testimonium
562 606 724 635 vocatum
738 627 748 642 ‚
767 609 838 649 quae
847 595 969 648 fuerit
980 598 1100 648 patria
1111 626 1123 643 ,
1144 596 1247 635 video
1257 600 1294 636 in
1304 598 1443 638 dubium
1452 602 1623 646 revocari,
1634 602 1710 653 qui-

117 652 256 707 bustiam
267 661 473 694 Romanum,
488 653 578 691 nullo
589 682 599 698 ‚
612 651 704 705 quod
708 650 821 704 sciam
830 681 841 697 ‚
859 661 1059 705 argumento
1070 682 1081 699 ‚
1092 652 1168 690 aliis
1180 653 1404 706 Veronensem
1421 655 1711 703 existimantibus,

118 710 210 763 quod
221 717 351 750 Veronae
370 710 408 746 in
419 708 739 760 veterisstruii‘urae
749 720 832 745 arcu
848 707 893 744 ad
901 705 993 745 hunc
1003 706 1142 745 modum
1156 707 1294 761 legatur
1303 738 1317 758 ‚

423 789 464 821 L.
504 787 845 822 VITRUVIVS
883 787 925 821 L.
962 787 1000 819 L.
1038 786 1241 821 CERDO

423 847 880 883 ARCHITECTVS.

121 929 171 960 Ea
179 919 349 974 instriptio
358 918 465 973 fecit,
478 929 519 959 ut
529 921 591 958 vir
601 917 804 968 doc‘tis'simus
814 915 975 956 Andreas
988 917 1143 957 Alciatus
1151 918 1273 971 Iurisi.
1285 918 1400 958 decem
1409 919 1577 962 librorum
1587 922 1629 961 de
1642 928 1714 962 Ar-

120 976 308 1016 chitet't'ura
319 975 493 1014 auflorem
511 980 553 1013 L.
565 976 775 1015 Vitruvium
794 974 975 1012 Pellionem
985 975 1151 1027 appellare
1160 973 1301 1027 stmthi
1319 980 1483 1015 Ferrariae
1491 978 1622 1017 dixerit
1636 1008 1647 1026 ,
1670 977 1715 1019 ό*

113 1032 226 1087 pastea
233 1029 377 1069 ediderit
389 1060 400 1076 ,
420 1030 514 1084 quod
527 1032 626 1085 pellio
639 1060 650 1077 ‚
670 1027 781 1080 ajebat
792 1055 800 1070 ‚
819 1029 860 1067 id
874 1028 967 1083 quod
980 1028 1075 1068 cerdo
1081 1030 1306 1084 significaret.
1337 1039 1380 1070 In
1396 1034 1494 1082 cujas
1501 1032 1716 1086 sententiam

119 1102 162 1126 ne
169 1084 355 1140 transeam,
365 1087 480 1124 multa
488 1100 542 1124 me
549 1095 700 1124 movent.
720 1085 984 1139 Primum‚quod
989 1087 1027 1123 in
1036 1085 1190 1125 omnibus
1199 1086 1594 1142 exemplaribus‚praeter
1605 1104 1717 1128 unum

119 1141 416 1197 recensscriptum,
430 1149 511 1180 w.
523 1156 591 1179 non
601 1136 691 1182 L&
703 1141 884 1179 Pollionem
888 1144 941 1188 ‚in
950 1139 1113 1183 omnibus,
1120 1157 1186 1180 non
1197 1144 1392 1191 Pellionem,
1401 1144 1556 1199 legerim.
1567 1145 1717 1193 Deinde,

120 1197 209 1254 quod
215 1197 410 1237 cerdonem,
425 1210 509 1252 pace
519 1200 610 1236 tanti
617 1199 695 1235 viri
703 1196 872 1242 dixerim,
893 1211 962 1234 non
978 1194 1041 1250 ‘'ffi'
1057 1202 1215 1236 continuo
1232 1198 1324 1251 quod
1338 1200 1513 1253 pellionem
1524 1231 1535 1248 ‚
1550 1200 1658 1252 facile
1666 1204 1720 1240 in-

120 1256 239 1309 telligit
250 1285 260 1301 ‚
277 1256 334 1291 cui
340 1251 520 1308 utriuffiue
529 1251 688 1291 vocabuli
697 1254 838 1306 originis
847 1254 994 1291 venitin
1005 1264 1167 1291 mentem.
1183 1253 1331 1293 alterum
1341 1257 1434 1293 enim
1443 1254 1469 1293 ιὶ
1479 1256 1575 1294 lucro
1587 1287 1598 1303 ‚
1615 1255 1652 1294 id
1658 1257 1719 1309 est,

121 1308 187 1349 >1⁷13
203 1308 234 1354 g?
245 1304 362 1363 κέρδες
373 1336 383 1354 ,
397 1310 488 1348 unde
506 1309 832 1363 lucrionemquoque
842 1310 964 1346 Latini
973 1319 1099 1347 vocant
1111 1335 1119 1349 ‚
1139 1307 1164 1347 ὰ
1177 1307 1319 1363 pellibus¹
1337 1310 1486 1350 alterum
1503 1310 1648 1351 duflum
1659 1313 1718 1363 est.

121 1373 168 1405 Et
174 1366 212 1420 fi
217 1366 306 1404 idem
321 1365 368 1422 sit
379 1395 389 1412 ,
400 1363 486 1419 quid
492 1363 677 1404 architei't'o
694 1379 772 1404 cum
781 1362 922 1418 pellibus
933 1366 950 1401 ?
971 1362 1077 1402 Cerdo
1087 1368 1180 1405 enim
1188 1368 1228 1403 in
1243 1366 1300 1405 illa
1310 1364 1541 1422 infirzfflione,
1550 1365 1712 1411 hominis,

121 1437 188 1460 non
193 1421 318 1472 studii,
333 1419 506 1459 effindex.
528 1427 587 1467 Vt,
584 1420 623 1474 si
632 1420 723 1459 idem
733 1419 826 1458 credi
839 1431 906 1472 par
911 1419 991 1473 fiiit
1001 1451 1012 1467 ‚
1021 1419 1141 1473 suerit
1160 1430 1277 1460 tamen
1295 1422 1448 1462 cerdonis
1459 1451 1468 1466 ‚
1484 1437 1551 1462 non
1564 1424 1718 1478 pellionu-

121 1478 293 1531 appellatio
304 1475 523 1528 restituenda.
555 1478 665 1532 Qin
684 1475 727 1522 ό*
740 1507 751 1525 ,
762 1475 852 1530 quod
860 1477 1048 1515 Vitruvim
1059 1476 1170 1528 noster
1180 1475 1421 1532 reprehendit,
1447 1477 1656 1518 architectus
1664 1479 1719 1518 ille

112 1531 179 1587 fiib
186 1532 324 1572 mutulis
337 1531 444 1585 (quod
451 1531 621 1584 vidimus)
643 1532 831 1570 denticulos
847 1531 1034 1570 collocavit.
1061 1539 1184 1587 Itaque
1192 1534 1379 1588 vulgatam
1395 1534 1547 1574 codicum
1555 1533 1719 1589 scriptio-

122 1603 201 1627 nem
211 1591 395 1628 retinentes
407 1619 418 1634 ,
440 1586 594 1641 diverfhs
603 1586 665 1641 effe
672 1586 894 1627 arbitramur.
924 1596 971 1627 Et
981 1587 1133 1639 nostrum
1143 1589 1281 1643 quidem
1292 1600 1431 1644 apparet
1438 1599 1624 1643 parentum
1634 1604 1720 1629 cura

118 1642 316 1683 liberalibus
325 1642 510 1697 disciplinis
519 1641 559 1682 ab
567 1646 710 1682 ineunte
717 1653 813 1681 aetate
821 1642 933 1697 fuiffe
940 1643 1143 1694 institutum
1151 1672 1159 1686 ‚
1178 1644 1513 1697 encyclopaediamque
1529 1642 1714 1698 absolviffe,

120 1699 214 1753 quod
220 1698 286 1753 ipfi’
295 1698 437 1750 fatetur
446 1701 485 1735 in
496 1697 575 1736 libri
581 1699 683 1751 fi’xti
698 1702 867 1752 prooemio.
890 1706 1035 1737 Statura
1044 1712 1130 1736 vero
1141 1697 1251 1751 susse
1259 1697 1395 1741 humili,
1408 1699 1537 1738 indicat
1547 1703 1586 1737 in
1593 1700 1718 1754 praefiz-

121 1757 212 1793 tione
231 1753 311 1792 libri
319 1752 476 1805 secundi.
499 1753 587 1792 Iulio
607 1753 725 1805 Caestzri
733 1753 814 1806 fuit
832 1767 901 1791 non
917 1755 1062 1807 ignotus.
1076 1756 1154 1806 poft‘
1172 1757 1269 1804 cujus
1287 1751 1431 1793 obitum,
1455 1753 1718 1807 ingravescente

113 1823 194 1859 jam
204 1819 307 1848 atate,
321 1818 383 1845 aut
393 1806 513 1861 affei't‘a
525 1810 639 1862 potius
650 1839 660 1855 ‚
672 1819 711 1846 ut
721 1822 765 1847 ex
777 1810 958 1846 memorati
978 1807 1056 1846 libri
1064 1807 1210 1860 ficundi
1221 1808 1287 1845 loco
1297 1809 1504 1860 conjicimus,
1517 1807 1559 1848 ab
1570 1812 1719 1849 Ob't‘avia

117 1866 225 1916 fratri
238 1863 389 1919 Augusto
399 1862 650 1902 commendatus
661 1893 671 1909 ,
683 1864 898 1917 apparationi
905 1861 1102 1911 balistarum
1111 1893 1122 1910 ‚
1136 1863 1367 1917 scorpionum,
1379 1875 1643 1919 caeterorumque
1651 1876 1720 1905 tor-

122 1931 330 1965 mentorum,
341 1933 418 1956 cum
428 1925 506 1956 (svs.
518 1917 672 1961 Aurelio,
683 1916 902 1958 P.Mimidio‚
916 1931 1018 1971 quem
1028 1918 1142 1972 aliqui
1149 1920 1353 1958 Vitruviani
1359 1919 1483 1958 codices
1493 1920 1721 1961 Numidicum

122 1985 260 2021 vocant,
273 1974 316 2021 (ῤ’
328 1983 390 2013 Cn.
405 1981 435 2011 C
433 1973 752 2028 ornelffispraeftfflus
760 1976 822 2015 eff,
835 1987 946 2011 annuo
957 1975 989 2011 ei
998 1973 1128 2021 reditu,
1139 1973 1250 2029 quoad
1256 1975 1413 2022 viveret,
1425 1976 1611 2029 constituto.
1627 1981 1722 2030 Qu

122 2031 356 2082 munificentia
374 2032 542 2068 excitatus
554 2060 564 2076 ‚
582 2040 622 2068 ut
639 2029 770 2068 indicat
785 2031 824 2066 in
834 2028 1036 2083 praefhtione
1053 2035 1178 2084 operis,
1198 2044 1330 2069 omnem
1349 2030 1535 2084 ‘edificandi
1552 2033 1720 2071 rationem

124 2084 418 2141 Augustoscripfit
433 2112 441 2126 ,
463 2099 567 2139 quam
583 2083 696 2123 decem
713 2082 811 2123 libris
827 2085 1042 2138 complexum
1049 2083 1165 2137 seeffi’
1173 2084 1241 2137 fiib
1251 2086 1364 2136 finem
1381 2091 1485 2140 operis
1494 2087 1636 2137 testatur
1645 2117 1657 2134 ,
1678 2101 1721 2127 ne

124 2148 198 2196 quis
210 2142 347 2196 figuram
360 2170 370 2186 ‚
386 2154 471 2193 quas
480 2143 520 2179 in
533 2139 610 2193 suis
623 2139 771 2195 singulis
793 2138 888 2178 libris
905 2143 1055 2179 extremi
1073 2141 1261 2179 voluminis
1280 2144 1416 2179 nomine
1432 2139 1642 2193 defhrmabat
1653 2169 1661 2182 ‚
1679 2145 1722 2181 in

117 2200 306 2251 privatum
317 2193 458 2237 librum,
472 2194 532 2233 hoc
541 2198 591 2234 eft
602 2195 821 2234 undecimum
836 2194 997 2249 aliquem,
1013 2197 1155 2245 raejetias
1166 2194 1258 2249 fi'ffi’
1267 2196 1449 2247 existimet.
1478 2200 1628 2250 Ingenui
1635 2197 1723 2251 feli-

123 2252 236 2306 cisque
250 2248 360 2303 fuisse
372 2251 514 2304 ingenii,
529 2249 608 2288 libri
614 2250 785 2302 septimus
798 2281 808 2295 ,
823 2264 932 2289 nonus
943 2281 954 2297 ‚
975 2247 1020 2289 ῤ’
1036 2251 1188 2288 decimus
1196 2261 1402 2304 argumento
1413 2249 1476 2302 eff?
1487 2262 1625 2305 queant.
1657 2261 1723 2292 Ra-

118 2306 227 2363 phae'l
233 2305 474 2347 Volaterranus
484 2303 610 2352 scribit
620 2303 702 2343 libro
712 2314 832 2358 quarto
837 2303 1048 2358 geographiae
1059 2333 1066 2346 ,
1093 2307 1253 2345 Vitruvii
1261 2304 1387 2345 librum
1395 2304 1435 2344 de
1446 2305 1632 2361 hexagonis
1644 2336 1651 2350 ,
1664 2307 1722 2347 he-

122 2368 278 2419 ptagonis
289 2392 300 2409 ‚
321 2355 366 2402 (θ’
376 2362 414 2400 id
417 2374 541 2416 genus,
557 2374 645 2398 anno
663 2375 693 2400 M
714 2375 736 2399 c
750 2375 770 2399 c
784 2374 805 2398 c
818 2374 838 2398 c
850 2373 871 2397 x
885 2375 907 2405 c
919 2375 930 2398 1
944 2373 965 2398 v
986 2363 1172 2400 inventum
1182 2363 1220 2401 in
1231 2360 1372 2402 canobio
1382 2362 1526 2417 quodam
1536 2362 1581 2401 ad
1587 2362 1724 2404 Bobium

124 2438 141 2460 o
160 2418 298 2474 pidum.
329 2420 526 2465 Hactenus,
547 2414 637 2471 quod
646 2412 995 2468 afiruerepoffiimm.

1625 2783 1729 2817 Beue«
