2023 3162
571 71 1294 111 Masisz.ETP0N1>.
1675 84 1751 119 249

496 138 708 182 (Qartarius
722 137 897 170 Laconicus
909 135 1083 170 Herodoto
1093 158 1102 174 ,
1117 137 1294 182 cotylarum
1307 145 1363 179 24·

522 187 628 221 Dadix
649 186 833 231 choenicum
845 183 893 219 sex
907 197 1018 232 capax.

519 237 623 270 Mares
634 235 753 270 Polluci
765 235 938 279 cotylarum
950 233 1013 268 sex.

517 286 621 319 Mares
633 284 782 319 Ponticus
795 284 976 331 Epiphanio
990 284 1172 328 hydriarum
1184 284 1327 319 duarum.

518 335 641 380 Hydria
651 333 757 367 eidem
770 332 880 367 decem
891 331 939 366 sex
947 334 1108 366 tariorum.

508 383 686 430 Cophinus
706 379 849 416 mensura
866 383 899 416 in
919 383 1049 417 Boeotia
1061 383 1181 417 Polluci
1200 387 1232 419 δε
1253 381 1418 430 Hesychio
1437 394 1532 429 capax
1556 380 1649 415 trium
1670 393 1746 415 con-

561 445 699 480 glori-Ill]-

517 484 641 528 Cyprus
655 478 794 525 ejusdem
811 481 991 527 capacitatis
1003 494 1075 516 cum
1095 481 1260 515 medimno
1271 494 1306 515 ex
1318 479 1490 527 Hesychio.

518 533 642 578 Cyprus
655 530 806 564 Ponticus
818 531 1000 577 Epiphanio
1012 531 1146 564 duorum
1159 531 1352 564 modiorum.
1399 539 1402 542 ⁴

489 581 715 627 cst-micyprus
728 577 891 625 Hesychio
901 579 1071 614 dimidium
1084 579 1127 614 est
1138 580 1304 618 medimni,
1317 580 1495 628 Epiphanio
1506 580 1596 614 unius
1608 580 1718 619 modii,-

162 633 294 676 Modiu}
306 639 432 685 Cypriis
444 639 647 673 sextariorum
658 637 702 672 est
724 651 774 683 17·
787 639 986 686 Epiphanio.

122 722 126 724 .
164 692 348 725 Medimnus
361 689 536 723 Salaminiis
553 688 616 723 sive
629 687 829 723 Constantiis
840 689 1023 724 modiorum
1035 690 1192 738 quinque:
1219 689 1348 739 Paphiis
1360 695 1391 727 δε
1405 691 1498 725 Soliis
1510 701 1644 738 quatuor
1654 694 1684 726 &
1701 689 1752 724 di-

215 739 302 773 midii
312 738 429 785 Epiph.

163 790 337 824 Gabenum
350 786 510 832 Hesychio
520 787 653 823 eandem
666 800 736 821 cum
749 786 915 821 acetabulo
927 787 1024 821 habet
1036 788 1257 834 capacitatem.

164 838 334 874 Oluatium
345 835 491 871 mensura·
502 849 600 884 genus
611 836 753 871 Antistio
765 836 910 871 Labeoni
920 836 1003 883 apud
1016 840 1146 871 Sextum
1160 837 1362 884 Pompeium.

165 885 355 934 Campsaces
365 898 452 933 aquae
463 886 643 933 Epiphanio
654 886 698 920 est
709 884 912 920 sextariorum
930 898 980 920 12.
1000 887 1102 921 Helice
1114 899 1187 920 vero
1197 890 1321 933 p'aratus
1332 884 1536 921 sextariorum
1546 899 1581 932 4.
1595 888 1752 936 Alioquin

211 937 296 984 quod
310 934 496 982 Campsaces
512 948 532 969 L
544 948 565 969 x
578 948 599 970 x
609 935 852 982 ,interpretibus
863 935 990 973 dicitur,
1002 938 1049 970 D.
1060 936 1278 981 Hieronymus
1288 936 1450 983 lecythum
1463 938 1566 971 vertit.
1583 940 1612 970 Is
1625 950 1698 971 vero
1707 935 1750 970 est

210 984 388 1022 vasculum,
408 986 440 1018 in
453 998 519 1033 quo
530 986 634 1019 oleum
645 1007 654 1023 ,
667 996 718 1018 aut
730 995 926 1030 unguentum
937 987 1129 1019 continetur.
1267 1013 1270 1016 .

165 1034 368 1070 Alabastrum
379 1035 532 1081 unguenti
543 1035 726 1082 Epiphanio
737 1032 893 1068 vasculum
904 1033 948 1067 est
960 1036 1092 1069 vitreum
1106 1057 1115 1073 ‚
1126 1034 1211 1082 quod
1225 1034 1308 1081 capit
1318 1035 1380 1069 olei
1392 1035 1518 1075 libram,
1530 1032 1669 1069 mensura
1681 1048 1756 1068 vero

210 1097 276 1133 quae
287 1083 396 1130 recipit
406 1084 572 1117 dimidiam
584 1082 706 1117 sextarii
718 1095 852 1130 partem.
881 1083 942 1117 Sed
963 1083 1191 1123 hallucinatur,
1212 1085 1267 1132 qui
1277 1084 1446 1120 crediderit
1464 1084 1523 1120 effe
1536 1085 1670 1119 vitreum
1688 1097 1751 1122 vas,

207 1146 279 1168 cum
295 1131 385 1167 filerit
396 1146 433 1167 ex
445 1132 568 1179 onyche
580 1155 589 1171 ‚
610 1133 670 1167 (ive
681 1131 857 1166 alabastrite
870 1145 1042 1167 marmore.

163 1184 336 1227 'sry'olium
347 1205 357 1221 ‚
379 1183 466 1230 quod
476 1183 514 1216 ad
526 1181 660 1231 figuram
671 1183 783 1215 attinet
793 1208 802 1220 ‚
822 1182 1003 1228 Epiphanio
1013 1181 1213 1217 acetabulum
1225 1194 1278 1217 aut
1289 1184 1429 1233 paropsis
1438 1211 1446 1223 ,
1469 1183 1531 1220 five
1549 1184 1670 1218 catinus
1690 1182 1753 1218 cst:

213 1232 300 1280 quod
313 1245 387 1265 vcro
397 1232 435 1266 ad
447 1230 623 1266 mensuram
634 1255 643 1270 ‚
664 1231 832 1265 dimidium
843 1229 966 1265 sextarii
976 1233 1071 1279 capit.

166 1283 309 1328 Cyathus
321 1281 502 1328 Epiphanio
512 1278 597 1315 sexta
607 1279 728 1315 sextarii
740 1293 809 1328 pars
819 1279 881 1314 cst:
896 1278 947 1315 sed
960 1294 990 1316 re
1002 1294 1073 1316 vera
1084 1281 1277 1316 duodecima
1286 1282 1353 1328 ejus
1363 1282 1419 1322 est,
1430 1282 1566 1318 heminae
1578 1294 1654 1317 vcro
1664 1279 1758 1316 sexta.

167 1329 343 1366 Menecoth
364 1330 488 1377 (inquit
498 1330 715 1378 Epiphanius)
735 1330 866 1376 cyathos
877 1328 1026 1377 scriptura
1037 1331 1193 1366 nominat.

165 1381 292 1415 Elcnius
303 1378 469 1427 Hesythio
480 1393 531 1415 vas
547 1379 592 1415 est
602 1392 699 1429 capax
712 1379 880 1428 quartarii,
898 1379 960 1414 hoc
972 1379 1015 1415 est
1034 1381 1174 1417 dimidiae
1185 1381 1331 1417 heminae.

161 310 372 361 cheriuntur
382 315 412 347 δί
426 311 472 345 hx
495 339 499 350 .

214 363 363 397 menfinoe
391 353 499 412 apud<

214 416 391 461 lcriptorcs.

728 1489 782 1523 De
800 1488 954 1522 externis
968 1482 1189 1538 ponderibus.

365 1579 515 1625 AEgyptia.
897 1578 1075 1614 Talentum
1087 1602 1098 1618 ,
1118 1578 1268 1614 librarum
1281 1581 1339 1614 80.

166 1624 310 1659 Pondcra
328 1593 496 1674 ‚lSyr-ium.
691 1627 845 1675 AEgyptia‚
897 1629 989 1662 Mina
1009 1629 1248 1667 Alexandrina,
1268 1641 1341 1662 unc.
1355 1640 1408 1662 20.
1431 1627 1494 1663 sive
1505 1626 1614 1662 drach.
1627 1629 1707 1660 160.

167 1686 296 1708 externa
362 1676 532 1711 Hebraica.
859 1648 1064 1713 lDrachma
1073 1701 1084 1718 ‚
1105 1691 1175 1726 quae
1184 1678 1319 1712 obolum
1331 1677 1453 1726 pendit.
1703 1672 1707 1679 ¹

361 1725 508 1759 Arabica.

162 1785 286 1831 Syrium
298 1798 398 1822 unum
409 1809 419 1825 ‚
442 1787 531 1822 Mina
542 1788 743 1823 Ptolomaica
760 1799 831 1821 unc.
846 1788 894 1821 18.
905 1786 938 1821 id
947 1786 1005 1826 est,
1016 1787 1124 1823 drach·
1138 1800 1218 1834 144.

357 1850 477 1890 (Cicar
487 1848 649 1884 sanctuarii
662 1877 671 1888 ‚
692 1849 754 1884 sive
773 1850 927 1884 talentum
945 1851 1045 1897 majus
1057 1874 1067 1891 ,
1084 1849 1225 1899 Iosepho
1237 1851 1431 1889 Cinchares,
1452 1849 1609 1884 minarum
1621 1859 1699 1882 100.
1717 1848 1758 1882 li<

424 1899 552 1932 brarum
565 1912 639 1933 vero
649 1911 664 1931 2
673 1910 723 1942 50.

383 1947 478 1981 Ciear
495 1947 772 1996 congregationis,
791 1946 854 1982 five
865 1948 1021 1982 talentum
1031 1949 1180 1997 vulgare,
1200 1947 1262 1983 five
1273 1949 1396 1987 minus,
1417 1947 1575 1982 minarum
1588 1958 1641 1994 50.
1662 1946 1757 1981 libra-

426 2009 495 2030 rum
508 2009 582 2031 vero
594 2009 605 2030 1
614 2008 667 2042 50.

356 2050 362 2100 Ι
381 2047 468 2080 Secel
480 2069 490 2084 ‚
510 2045 590 2084 sive,
610 2056 644 2080 ut
661 2044 759 2080 Iudaei
776 2044 871 2081 hodie
888 2047 1119 2094 pronunciant,
1139 2045 1283 2086 schekel,
1301 2046 1335 2082 id
1353 2045 1417 2085 est,
1439 2045 1549 2085 stater,
1571 2045 1634 2081 five
1652 2044 1754 2084 siclus,

355 2101 362 2180 Ι
427 2095 653 2130 drachmarum
671 2094 716 2128 est
736 2105 891 2143 quatuor,
911 2097 995 2132 unde
1004 2100 1192 2140 ⁷²7e9v'339‘m49v
1201 2097 1335 2134 dicitur,
1352 2100 1385 2132 &
1406 2095 1424 2129 a
1445 2096 1568 2130 Latinis
1585 2092 1754 2129 semuncia.

430 2146 477 2178 Ut
487 2145 566 2177 male
578 2144 683 2178 Exodi
693 2157 762 2191 cap.
778 2146 826 2190 38.
840 2142 978 2192 septuag.
996 2147 1192 2193 interpretes,
1205 2150 1237 2181 δι
1250 2144 1320 2192 post
1330 2157 1384 2179 eos
1394 2144 1592 2192 Epiphanius
1610 2145 1753 2185 35¹8&va

166 2181 367 2239 chraica,<
431 2192 564 2237 pendere
584 2192 811 2238 existimarint,
832 2194 877 2226 uti
895 2197 928 2227 δε
946 2196 992 2227 D.
1016 2194 1234 2239 Hieronymus
1251 2196 1285 2229 in
1306 2192 1531 2240 quaestionibus
1549 2193 1582 2227 in
1601 2193 1754 2229 Genesin.

355 2240 366 2323 1
428 2241 613 2288 Exodicap.
626 2241 825 2285 30.Levitici
835 2252 903 2286 cap.
918 2252 972 2285 27.
985 2245 1016 2277 &
1027 2243 1167 2276 Numeri
1176 2255 1243 2289 cap.
1259 2254 1287 2287 3.
1303 2241 1470 2276 sanastuarii
1482 2239 1572 2276 siclus
1582 2242 1705 2281 dicitur,
1721 2246 1754 2278 &

359 2325 367 2374 1
429 2291 566 2336 pendere
583 2290 686 2371 gerni}
701 2300 756 2322 20.
773 2289 925 2336 Vulgaris
935 2301 1040 2324 autem
1050 2290 1160 2330 siclus,
1181 2290 1260 2326 teste
1269 2291 1443 2325 Salomone
1454 2290 1610 2333 Hebraeo,
1621 2291 1755 2326 duarum

433 2338 653 2373 drachmarum
682 2338 737 2371 uit.

387 2388 504 2422 Maneh
515 2414 524 2425 ‚
543 2387 560 2420 a
574 2387 756 2435 qquraeci
773 2397 838 2430 μηῖ,
848 2415 855 2425 ,
871 2387 1047 2424 Ezechielis
1058 2401 1125 2438 cap.
1137 2401 1195 2435 45.
1205 2388 1342 2437 pendere
1351 2389 1467 2425 dicitur
1475 2390 1567 2426 ficlos
1580 2394 1638 2430 60,
1649 2389 1681 2424 id
1697 2389 1754 2429 est,

433 2437 527 2470 libras
537 2436 612 2477 duas
623 2449 695 2472 cum
707 2436 847 2472 dimidia.

356 2485 646 2573 kGer-ahsobolum
666 2487 813 2521 Atticum
833 2487 962 2536 pendit,
981 2493 1014 2526 &
1033 2489 1179 2538 quintam
1196 2488 1262 2535 ejus
1280 2499 1425 2539 parterm
1444 2489 1489 2525 est
1505 2490 1590 2525 enim
1601 2488 1666 2524 sicli
1684 2501 1755 2537 pars

428 2548 493 2570 vice
509 2548 584 2573 ima.

868 2598 1057 2642 cArabica.

537 2688 628 2723 Mina
638 2691 789 2724 Romana
800 2689 962 2737 Serapioni
980 2695 1011 2727 δε.
1024 2690 1199 2725 Avicennae
1208 2690 1373 2725 unciarum
1392 2702 1447 2724 20.

539 2739 697 2774 Alicatica
717 2743 749 2775 &
770 2738 892 2774 Basan'a
909 2741 1096 2789 Serapioni,
1124 2740 1323 2775 Alanthalita
1349 2746 1382 2777 &
1409 2738 1552 2788 AEgyptia
1579 2738 1752 2774 Avicennae

585 2801 658 2823 unc.
677 2801 723 2822 11.

168 2835 305 2870 Rotulus
316 2862 323 2873 ,
345 2836 406 2870 hoc
418 2835 461 2870 est
472 2836 553 2871 libra
565 2839 727 2873 unciarum
742 2850 789 2872 12.

169 2885 279 2917 Sacros
291 2911 299 2922 ‚
318 2885 378 2920 hoc
390 2884 435 2918 cst
455 2888 557 2920 uncia.

170 2932 363 2973 Sextarium,
389 2935 451 2969 hoc
462 2934 506 2970 cst
517 2934 859 2984 semunciaSerapioni.
890 2978 893 2981 Ι

167 2711 294 2750 Manes,
306 2710 366 2746 hoc
377 2710 422 2745 est
435 2710 495 2744 mi-
512 2700 529 2760 ς

190 2772 242 2798 na,
261 2774 330 2808 quae
341 2761 455 2809 duplex
471 2772 479 2792 z
508 2773 533 2831 1

1621 2988 1759 3024 Aureus,
