2023 3162
215 527 1661 613 SCVLPTV·RA

463 675 514 726 E
516 691 711 750 xcerpta
729 678 942 729 maxime
959 677 1414 734 animadvertenda

799 800 861 843 Ex
882 796 1080 865 Dialogo

399 902 923 969 POMPONII
1002 904 1482 970 GAURICI

657 1022 1204 1054 NEAPOLITANI·

155 1137 478 1211 Q„tn)2213
500 1133 536 1169 T
549 1146 571 1170 A
585 1147 610 1170 T
623 1146 679 1171 VA
692 1145 749 1172 RV
762 1145 791 1172 M
822 1135 976 1184 quidem
993 1131 1096 1171 usum
1115 1131 1236 1186 priscis
1257 1132 1434 1171 omnibus
1453 1131 1582 1172 seculis
1602 1133 1724 1176 fuisse,

241 1193 246 1196 ”
205 1180 388 1271 &34
388 1178 469 1233 2:35⁷
497 1199 578 1226 tum
590 1190 834 1235 Graecotum‚
854 1201 935 1229 turn
954 1191 1067 1229 etiam
1088 1189 1337 1229 Bai-batorum
1352 1189 1510 1228 historiis
1522 1190 1730 1229 manifestis-

267 1239 279 1257 *
314 1239 321 1252 ³
356 1284 359 1286 ,
414 1250 419 1261 ’”
500 1244 653 1283 fimum.
688 1246 828 1283 Earum
847 1257 974 1285 autern
994 1245 1252 1295 fingendarum
1270 1246 1456 1283 rationem
1480 1247 1645 1297 plerique
1667 1259 1732 1285 na-

327 1335 337 1349 ,
380 1298 480 1441 “i—:²
497 1311 573 1338 tarn
591 1302 841 1348 arbitrantur,
876 1304 930 1340 uti
948 1302 1085 1340 scilicet
1107 1314 1243 1339 eorum
1262 1304 1326 1351 qui
1341 1302 1554 1352 praeclarum
1574 1302 1732 1352 aliquod

350 1358 354 1367 ¹
441 1377 444 1379 Δ
496 1356 638 1394 facinus
650 1357 887 1409 peregiflent‚
902 1368 969 1421 aut
985 1359 1024 1395 in
1040 1359 1114 1396 vita
1131 1357 1220 1407 quid
1232 1359 1342 1395 utile
1333 1370 1394 1396 inv
1397 1358 1549 1396 enissent
1560 1383 1569 1398 ‚
1581 1370 1731 1396 memo-

497 1470 565 1514 ris,
584 1482 665 1519 quo
679 1472 795 1516 majus
807 1471 884 1508 dari
897 1469 1097 1520 nihilposse
1107 1469 1314 1514 videbatur,
1327 1468 1385 1520 spe
1397 1480 1618 1521 raperentur.
1677 1483 1731 1508 uae

135 1524 239 1562 causa
251 1525 435 1563 Ciceroni
446 1525 528 1570 fuit,
545 1535 585 1563 ut
596 1525 769 1565 Odiavio,
782 1526 1006 1576 Lepidoque
1016 1526 1146 1563 statuas
1156 1527 1193 1562 in
1207 1524 1294 1562 foro
1306 1527 1538 1563 decerneret:
1554 1527 1731 1564 nonnulli

134 1593 224 1618 vero
237 1593 280 1618 ex
291 1592 529 1619 mortuorum
543 1611 552 1625 ‚
574 1592 778 1619 aureorum
790 1584 855 1632 qui
867 1582 1030 1620 abfuturi
1050 1591 1153 1619 erant
1165 1579 1347 1618 desideriis
1360 1609 1369 1624 ‚
1389 1591 1428 1618 ut
1438 1581 1616 1632 pleraque
1629 1581 1728 1632 apud

135 1634 336 1686 AEgyptios
351 1667 359 1682 ,
380 1639 416 1674 id
429 1640 594 1689 primum
614 1637 766 1688 coepiss'e
778 1638 1024 1679 tradiderunt,
1038 1648 1247 1687 utcumque
1257 1635 1327 1674 five
1337 1637 1450 1675 virtus
1463 1661 1471 1676 ‚
1485 1636 1559 1676 five
1570 1639 1725 1675 amorin

134 1693 239 1729 causa
251 1692 373 1738 fuerit,
384 1693 455 1731 sive
467 1696 590 1744 potius
602 1704 817 1743 utrumque.
1413 1710 1418 1714 ·

188 1750 426 1798 Sculptorem
448 1761 572 1787 autem
593 1750 771 1788 omnibus
789 1752 928 1790 artibus
960 1760 1141 1801 quantum
1164 1749 1243 1787 fieri
1261 1751 1401 1801 poterit
1420 1748 1656 1789 instructum,
1681 1760 1726 1785 ac

131 1804 242 1854 plane
255 1806 455 1843 litteratum
468 1817 645 1855 cuperem
659 1836 668 1851 ‚
687 1808 751 1856 qni
761 1807 900 1844 scilicet
909 1808 1150 1857 plurimarum
1160 1818 1285 1844 rerum
1297 1808 1334 1844 &
1348 1806 1555 1843 fabularum
1566 1804 1603 1842 &
1614 1803 1726 1842 histo-

130 1863 265 1896 riarum
288 1863 463 1898 notitiam
483 1861 635 1899 habeat:
657 1863 794 1900 Laudis
812 1863 946 1900 deinde
965 1874 1008 1901 ac
1018 1864 1144 1912 gloriae
1163 1860 1479 1899 studiofissimum.
1511 1859 1725 1898 Liberalem

128 1928 300 1966 praeterca
311 1918 347 1953 ὃ(
362 1919 518 1954 minime
530 1916 721 1955 sordidum
734 1947 744 1962 ,
764 1920 914 1968 qualem
925 1918 1172 1969 superioribus
1185 1920 1288 1954 annis
1308 1916 1525 1954 Donatellum
1544 1916 1724 1953 Florenti-

129 1983 222 2008 num
232 1971 331 2008 fuiss'e
343 1974 575 2022 accepimus.
605 1974 732 2009 Fertur
742 1976 843 2010 enim
855 1975 899 2011 ab
919 1976 959 2011 iis
970 1976 1034 2023 qui
1052 1985 1139 2011 eum
1152 1982 1356 2010 noverunt,
1384 1972 1624 2008 Pecuniolam
1636 1983 1724 2008 om-

132 2028 269 2063 nemin
283 2027 776 2078 Cistellaiemperhabuisse‚
787 2031 887 2066 itaex
900 2028 1175 2078 officinaetigno
1188 2027 1406 2078 suspensam,
1422 2037 1474 2069 ut,
1488 2026 1724 2075 quandovel-

132 2083 196 2126 let,
210 2084 246 2118 8<
259 2094 435 2130 quantam
447 2084 597 2132 quisque
609 2095 631 2121 v
635 2085 732 2128 ellet‚
745 2087 912 2147 accipere
922 2095 1032 2134 atque
1043 2086 1095 2121 uti
1099 2060 1175 2120 csrui
1188 2082 1271 2120 luo
1265 2095 1338 2126 inte
1348 2081 1529 2142 potuisset
1562 2080 1723 2118 Pruden-

131 2149 207 2175 tern
220 2139 332 2175 etiam
345 2139 577 2187 minimeque
591 2141 780 2188 ineptum,
802 2142 866 2187 qui
878 2139 1015 2176 scilicet
1028 2149 1169 2176 certam
1180 2138 1387 2186 quandam
1379 2149 1415 2172 in
1427 2134 1603 2173 omnibns
1614 2138 1724 2174 rebus

129 2195 316 2230 rationem
326 2192 394 2230 esse
404 2194 599 2242 intelligat:
614 2194 718 2230 Nam
732 2206 820 2231 cum
832 2195 1122 2243 omnes‚verbi
1100 2195 1225 2235 aratia,
1230 2193 1358 2231 statute
1366 2191 1569 2243 pedestres
1557 2190 1646 2229 fiant
1657 2203 1723 2231 aut

131 2248 325 2297 equestres,
339 2260 400 2286 aut
413 2248 542 2286 stantes
555 2260 616 2285 aut
627 2249 805 2291 sedentes,
817 2260 880 2286 aut
892 2249 1164 2287 incumbentes,
1179 2249 1335 2298 publicis
1349 2249 1384 2283 in
1397 2248 1493 2284 locis
1506 2275 1515 2291 ‚
1533 2249 1723 2298 autpriva-

130 2306 174 2341 tis
188 2334 196 2348 ‚
217 2316 437 2367 togatorum
459 2304 658 2342 hominum
671 2314 733 2340 aut
752 2306 1024 2342 lamentorum,
1047 2304 1277 2352 eritdiligens
1299 2304 1333 2340 in
1345 2302 1489 2352 singulis
1512 2301 1722 2341 adhibenda.

130 2363 240 2404 titio,
253 2362 370 2409 quio·
367 2371 501 2399 ·‚natus
517 2360 943 2410 qtiidxfftcicmqmmquc
960 2360 1099 2397 deceat.
1131 2360 1282 2396 Etenim
1301 2357 1629 2396 accommodanda
1642 2358 1721 2396 sunt

130 2419 281 2463 omnia,
305 2417 348 2453 ad
360 2416 622 2467 personarum,
643 2417 841 2455 locorum,
861 2426 1078 2466 temporum
1089 2426 1132 2451 ac
1143 2417 1193 2452 rei
1203 2426 1383 2453 naturam.
1414 2415 1499 2451 Nec
1511 2414 1592 2463 plus
1602 2414 1638 2450 id
1650 2414 1720 2451 do-

129 2473 191 2509 {ti
185 2484 243 2509 ina
254 2485 369 2521 qnam
381 2473 648 2508 exercitatione
660 2472 949 2521 comparabitur.
955 2471 1121 2519 Preterea
1128 2482 1255 2520 ,quam
1267 2472 1430 2507 maxime
1441 2465 1720 2519 AEpusffim'w‘l&

131 2527 198 2565 csse
209 2528 369 2566 debebit,
386 2530 450 2576 qui
462 2527 631 2565 videlicet
643 2528 819 2565 dolentis,
834 2527 998 2571 ridentiS,
1012 2528 1244 2576 aegrotantis,
1257 2527 1462 2564 morientis,
1477 2527 1720 2575 periclitantis

131 2586 170 2622 &
184 2583 365 2629 ejusmodi
375 2583 535 2621 infinitas
546 2585 673 2620 animo
684 2582 816 2632 species
829 2584 1064 2633 imaginetur:
1077 2582 1181 2631 quod
1192 2583 1304 2619 etiam
1316 2583 1441 2619 Po'e'tis
1455 2581 1537 2631 ipsis
1549 2583 1586 2618 ὅ(
1597 2592 1720 2619 orato-

131 2639 230 2677 ribus
242 2652 355 2688 quam
368 2641 531 2677 maxime
553 2638 802 2675 necessatium.
819 2640 904 2675 Nec
916 2649 1046 2676 tamen
1066 2638 1127 2675 nisi
1139 2649 1318 2686 qnatenus
1331 2636 1400 2687 ipsa
1412 2638 1461 2673 rei
1472 2647 1596 2674 natura
1606 2640 1723 2688 patie-

131 2706 200 2733 tur.
221 2695 283 2732 Ad
296 2695 374 2733 haec
385 2689 618 2737 καῖᾆλητῖἰικές
631 2724 639 2738 ,
653 2695 728 2731 hoc
745 2694 807 2739 est,
820 2696 883 2743 qui
898 2696 1086 2739 omnium,
1097 2706 1184 2741 quas
1196 2695 1401 2744 exprimere
1410 2694 1573 2731 voluerit
1584 2706 1718 2734 rerum,

131 2762 332 2801 conceptas
345 2753 471 2789 animo
483 2751 619 2802 species
634 2752 841 2794 contineat,
853 2750 1065 2799 reddatque.
1097 2748 1231 2786 Abefl'e
1241 2749 1395 2797 quidem
1409 2749 1453 2786 ab
1465 2761 1511 2785 eo
1522 2751 1646 2786 omnis
1658 2749 1723 2786 de-

133 2807 197 2844 bet
207 2803 383 2847 κςλωκεὶοι,
398 2808 474 2846 hoc
487 2807 554 2850 est,
575 2819 621 2843 ne
633 2805 724 2855 quid
736 2806 865 2843 formae
878 2805 980 2855 supra
993 2807 1189 2842 veritatem
1208 2805 1409 2845 adjiciatur.
1443 2807 1536 2858 Qae
1549 2817 1637 2841 enm
1652 2817 1723 2842 cae-

134 2872 187 2898 ter
190 2864 217 2899 is
235 2865 272 2900 in
285 2865 391 2902 rebus
411 2864 583 2913 improbe
603 2861 688 2905 fiat,
708 2872 889 2899 tnnivero
908 2862 945 2897 in
963 2861 1159 2910 Sculptura
1178 2858 1469 2910 improbissime,
1491 2871 1528 2897 ut
1541 2873 1622 2909 qnae
1643 2872 1722 2897 non

134 2917 719 2958 unumsemeleblandicnsfanat,
733 2917 821 2956 sedf
819 2916 973 2956 tustetur
983 2916 1340 2968 Ρειρεωοωιιᾶοε.
1361 2915 1640 2955 Adsuminam,
1654 2913 1741 2976 nisi

1063 2984 1081 3008 e
1642 2971 1724 3020 quis
