2023 3162
271 90 317 123 34
650 62 1522 110 M.V1*rnuv11PoLL10N1s

976 151 1197 203 Composita
1212 152 1354 201 integra
1377 149 1633 191 columnatio,
1658 162 1750 189 cum

1255 204 1462 238 trabeatione.

919 276 1052 330 Perfeci
1070 281 1198 330 quanta
1209 276 1310 329 potui
1324 272 1501 328 diligentia
1512 304 1523 320 ‚
1543 285 1582 314 ut
1598 289 1668 328 quae
1679 273 1720 314 ab
1737 276 1810 315 aliis
1820 276 1861 316 de

863 330 916 371 his
927 336 1082 387 quinque
1084 330 1268 385 generibus
1285 327 1416 367 tradita
1433 326 1547 382 efflent,
1566 329 1635 384 ipse
1654 332 1861 379 excolerem,

863 398 926 425 aut
937 383 1157 443 praetermiffi
1167 416 1178 433 ,
1195 399 1240 424 ex
1257 391 1484 423 Romanorum
1502 387 1719 424 monimentis
1735 387 1861 441 ruinifi

864 458 930 498 que
945 444 1126 494 adjicerem
1137 473 1145 480 .
1174 447 1258 490 Qec
1275 449 1391 477 tamen
1410 439 1520 478 velim
1539 454 1609 494 quae
1627 439 1653 479 ὰ
1671 455 1724 479 me
1731 440 1865 496 strtpta

853 500 955 553 sunt,
966 497 1091 552 fiznc‘la
1103 493 1175 550 effe,
1193 507 1231 535 ut
1246 510 1313 534 non
1324 495 1420 534 liceat
1432 495 1496 533 vel
1512 495 1623 534 latum
1634 511 1784 551 unguem
1795 497 1865 550 dis-

863 555 979 594 cedere
990 585 998 592 .
1036 554 1164 604 Kolim
1190 551 1207 591 e
1223 554 1393 590 contrario
1411 549 1498 590 mibi
1515 549 1647 603 objiciat
1665 552 1862 606 quisquam,
1924 597 1930 601 ι

862 609 904 649 ab
921 614 1077 664 antiquis
1093 607 1289 648 architectis
1309 621 1376 645 non
1395 605 1533 661 firnper
1558 605 1710 646 habitam
1723 603 1793 661 iffi
1809 606 1867 646 ha-

861 680 943 705 rum
954 668 1107 703 omnium
1118 666 1276 718 partium
1292 672 1353 700 aut
1370 661 1583 713 dimensionis
1598 666 1777 702 rationem.
1800 664 1867 714 Ista

861 720 886 760 u
897 735 951 759 me
962 720 1155 774 caeterisque
1170 722 1221 758 ita
1232 717 1363 757 tradita
1368 717 1472 771 fiant,
1485 728 1523 756 ut
1533 721 1594 773 qui
1592 718 1772 773 st’quetur,
1784 731 1868 772 per-

861 776 941 815 belle
952 790 1061 831 genus
1080 777 1105 813 t»
1118 788 1247 831 genere
1254 773 1432 825 secernat.
1465 782 1557 813 Eum
1576 785 1694 812 autem
1713 773 1868 815 eArchi-

862 834 995 871 teb't'um
1008 842 1134 886 oportet
1153 830 1216 884 ufic
1231 827 1294 883 effe
1303 832 1461 883 peritum
1481 828 1525 874 ό*
1534 828 1711 881 solertem,
1734 831 1794 883 qui
1814 829 1870 867 de-

864 900 957 927 mere
981 898 1043 925 aut
1069 887 1216 936 adjicere
1228 883 1429 940 praefirt'ptis
1446 884 1534 923 velit
1548 914 1556 922 .
1585 885 1694 939 quue
1709 885 1867 926 demum·

854 943 894 995 st
910 957 978 981 non
1001 941 1147 997 improbe
1161 942 1228 993 fiet
1257 939 1347 994 quod
1365 940 1521 978 admonet
1540 943 1726 980 Vitruvius
1747 939 1867 980 ltbr.v.

864 1009 933 1052 cap.
947 1012 992 1039 v1
1006 1011 1036 1036 1.
1056 993 1099 1038 c&
1112 997 1167 1037 lib.
1179 1011 1243 1037 v1.
1263 1007 1329 1051 cap.
1343 1009 1403 1036 v1.
1434 1002 1479 1036 Vt
1489 1007 1671 1050 perperam
1690 990 1734 1036 ὠ
1746 999 1871 1050 impor-

864 1064 946 1092 tune
956 1053 1100 1107 faciunt
1118 1052 1271 1108 quidam,
1288 1054 1349 1106 qui
1365 1050 1534 1104 dimensas
1551 1053 1682 1106 aliquot
1693 1053 1872 1099 coronica,

866 1106 911 1149 (ῥ’
928 1107 1042 1161 bases,
1063 1120 1122 1147 aut
1140 1108 1288 1164 capitula
1308 1135 1318 1152 ‚
1340 1106 1509 1154 Panthei,
1527 1105 1743 1147 theatrorum
1763 1138 1774 1155 ‚
1798 1121 1873 1145 am-

857 1163 1161 1220 phitheatrorum,
1183 1167 1397 1220 porticuum,
1418 1163 1599 1217 fornicum
1616 1194 1626 1209 ,
1658 1157 1702 1202 0²⁹
1718 1161 1873 1202 therma-

865 1233 947 1258 rum
967 1248 974 1262 ,
1008 1223 1047 1258 in
1058 1220 1179 1273 pufilla
1198 1218 1336 1271 aedtficia
1356 1246 1365 1261 ‚
1395 1229 1458 1257 aut
1477 1233 1545 1257 non
1561 1217 1711 1270 ejusdem
1729 1220 1872 1256 rationis

863 1287 962 1329 opera
980 1275 1213 1328 transftrunt.
1229 1274 1298 1313 Sed
1318 1274 1426 1312 multo
1436 1274 1621 1327 malignius
1630 1271 1774 1326 suborta
1784 1285 1874 1328 pau-

866 1345 917 1368 cos
938 1341 1019 1369 ante
1037 1329 1165 1384 menfis
1185 1331 1274 1369 male
1283 1329 1495 1382 feriatorum
1515 1329 1694 1367 hominum
1716 1326 1848 1382 haerests
1859 1359 1872 1376 ,

863 1401 935 1441 quae
954 1389 1111 1427 Vitruvii
1127 1399 1307 1441 nunquam
1323 1385 1416 1432 letti,
1435 1396 1494 1423 aut
1512 1400 1579 1423 non
1596 1384 1772 1426 malleoli,
1784 1395 1874 1438 prae-

863 1453 958 1496 cepta
974 1441 1115 1482 dimnat
1134 1471 1143 1484 ‚
1166 1438 1211 1482 ό*
1228 1440 1269 1479 ab
1285 1444 1353 1492 ejus
1372 1440 1513 1479 lenione
1532 1453 1647 1479 arcere
1666 1442 1759 1494 cupit
1769 1466 1782 1478 .-
1808 1446 1873 1477 Le-

857 1507 949 1551 gunt
968 1501 1070 1550 prius
1088 1491 1444 1552 imperiti&audace5
1456 1494 1624 1542 homines,
1643 1494 1686 1540 ὠ
1693 1495 1805 1548 postea
1815 1498 1872 1544 ju-

862 1552 993 1595 dicent,
1001 1553 1182 1607 praestetne
1194 1565 1260 1608 pro
1271 1550 1432 1606 cujusque
1440 1550 1579 1591 libidine
1590 1550 1651 1591 aedi
1677 1553 1762 1589 cari.

940 1678 974 1714 C
1003 1691 1027 1715 A
1055 1689 1086 1715 Ρ.
1144 1679 1223 1716 ΙΙΙ.

364 1764 446 1815 De
447 1760 833 1835 fundationibus
845 1761 908 1821 &³
919 1749 1170 1824 columnis,
1186 1779 1337 1840 utque
1351 1783 1520 1818 eurum
1535 1777 1715 1816 ornatu
1732 1760 1795 1819 Εἴ

582 1840 777 1905 epistyliu,
801 1844 939 1886 tamin
956 1841 1042 1888 loct&
1058 1842 1193 1904 filidte
1208 1860 1326 1907 quam
1340 1842 1577 1906 congestitiu'c.

292 1956 390 2043 SU
401 1971 419 1995 B
434 1971 448 1995 s
462 1973 487 1995 T
499 1972 520 1996 R
530 1969 555 1995 v
566 1973 586 1996 c
600 1974 625 1995 T
640 1972 688 1996 10
700 1972 726 1995 N
741 1973 752 1997 1
769 1972 783 1995 s
804 1959 1044 1998 fundationes
1064 1971 1196 1998 eorum
1213 1971 1375 2011 operum
1386 1959 1574 1997 fodiantur
1595 1957 1636 2005 (fi
1657 1960 1717 2005 [a]
1735 1969 1874 2009 queant

348 2015 521 2063 inveniri)
534 2015 577 2052 ab
589 2015 721 2055 solido,
734 2014 770 2052 8<
779 2017 818 2052 in
828 2015 996 2055 solidum,
1008 2026 1193 2065 quantum
1205 2029 1249 2053 ex
1261 2016 1503 2067 amplitudine
1515 2016 1637 2066 operis
1649 2027 1718 2064 pro
1731 2017 1874 2058 ratione

287 2070 481 2116 videbitur,
494 2079 728 2108 extruantur:
742 2082 822 2120 quae
835 2071 1009 2108 strustura
1019 2084 1083 2121 per
1092 2082 1217 2109 totum
1229 2071 1351 2109 solum
1362 2084 1477 2121 quam
1487 2069 1699 2109 solidiffima
1707 2070 1781 2108 fiat.
1801 2073 1825 2108 S
1831 2084 1875 2108 u-

289 2138 427 2178 praque
439 2136 575 2164 terram
586 2127 739 2178 parietes
751 2137 964 2187 extruantur
973 2128 1035 2164 sub
1047 2128 1233 2165 columnis
1246 2157 1255 2173 ,
1278 2128 1436 2166 dimidio
1450 2126 1634 2165 craffiores
1646 2155 1656 2171 ‚
1676 2138 1793 2175 quam
1807 2138 1876 2164 co-

288 2185 422 2221 lumnae
444 2181 522 2220 sunt
533 2180 676 2227 futurae,
693 2183 748 2220 uti
758 2182 922 2219 firmiora
942 2181 1010 2220 sint
1030 2182 1204 2222 inferiora
1213 2183 1457 2234 superioribus
1470 2214 1480 2229 ‚
1490 2196 1572 2232 quae
1586 2178 1646 2228 [b]
1659 2181 1875 2220 stereobatae

291 2238 520 2288 appellantur
534 2250 541 2273 :
553 2249 643 2276 nam
655 2239 846 2288 excipiunt
855 2250 977 2276 onera.
1007 2240 1272 2290 Spirarumque
1284 2240 1499 2291 projecitur-a:
1510 2251 1591 2276 non
1601 2237 1805 2288 procedant
1816 2249 1875 2273 exae

292 2306 347 2332 tra
357 2292 527 2329 solidum.
559 2294 650 2331 Item
661 2295 763 2344 supra
774 2323 783 2338 ‚
803 2296 949 2345 parietis
968 2295 1014 2332 ad
1025 2294 1202 2333 eumdem
1221 2295 1383 2332 modum
1397 2294 1598 2333 crassitudo
1608 2292 1780 2331 servanda
1801 2292 1872 2329 est:

293 2350 477 2387 intervalla
487 2357 613 2385 autem
626 2350 923 2388 concameranda
942 2361 1003 2388 aut
1011 2350 1195 2388 solidanda
1216 2352 1275 2397 [c]
1293 2350 1608 2389 fistucationibus,
1622 2347 1876 2386 utidistinean-

152 2423 203 2447 Ar.
214 2429 267 2447 con·
293 2416 367 2444 tur.
397 2407 460 2443 Sin
473 2414 597 2441 autem
606 2403 764 2442 solidum
776 2407 1082 2452 noninvenictur,
1094 2406 1152 2444 sed
1163 2408 1272 2444 locus
1284 2408 1350 2443 erit
1361 2408 1597 2456 congestitius
1608 2404 1654 2441 ad
1665 2405 1798 2447 imum,
1811 2413 1876 2441 aut

145 2462 269 2497 jectitim.
295 2461 464 2514 paluster,
475 2461 603 2498 runcis
623 2460 730 2497 locus
750 2459 926 2502 fodiatur,
941 2464 1240 2513 exinaniaturque
1253 2492 1264 2509 ,
1283 2463 1420 2512 &palis
1442 2463 1574 2501 alneis,
1587 2470 1647 2498 aut
1659 2460 1876 2509 oleagineis,

1811 2523 1874 2552 aut

295 2603 325 2635 a]
346 2600 464 2630 Philand.
487 2599 660 2628 Scribendum
670 2622 676 2634 ,
696 2600 723 2639 fi
736 2608 814 2640 queat
833 2604 954 2630 inveniri.

293 2643 322 2676 h]
343 2642 426 2669 Idem.
450 2642 471 2668 li
483 2643 593 2679 parietes
604 2641 687 2669 modo
698 2642 850 2670 stereobatae
861 2651 989 2671 vocantur
998 2664 1004 2675 ‚
1023 2644 1110 2681 postea
1122 2642 1260 2681 stylobatae
1269 2662 1276 2674 ,
1293 2639 1377 2679 vulgo
1390 2638 1516 2678 pcdestala
1528 2659 1534 2670 ,
1553 2637 1625 2676 supra
1633 2649 1700 2678 quos
1711 2636 1780 2666 bases
1791 2635 1876 2664 collo-

335 2690 436 2709 cantur.
460 2682 529 2709 Alias
541 2692 594 2709 non
606 2683 759 2722 negaverim
779 2682 952 2711 stcrcobaram
964 2681 1036 2722 poffe
1056 2685 1145 2711 vocari
1155 2682 1261 2711 aedificii
1277 2681 1358 2710 veluti
1370 2681 1465 2708 balim.
1483 2679 1556 2718 quod
1568 2676 1760 2707 baffimentum
1780 2677 1876 2715 vulgus

331 2723 397 2750 dicit
409 2742 415 2753 ,
427 2723 491 2750 ficut
502 2722 660 2760 stylobatam
671 2724 775 2762 proprie
785 2724 917 2752 columnae
926 2722 1123 2752 fulcimentum.
1142 2724 1211 2752 Haec
1222 2722 1274 2751 ille.
1292 2721 1417 2749 Omnino
1428 2720 1738 2759 autemdistmguendum
1749 2719 1817 2745 inter
1827 2719 1878 2745 ste-

333 2762 472 2791 reobatam
485 2766 508 2790 ὅ(
519 2763 687 2801 stylobatam.

293 2807 318 2840 c]
338 2803 421 2831 Idem.
445 2803 474 2830 ld
484 2803 529 2833 est,
540 2803 726 2840 palationibus,
737 2805 800 2844 palis
809 2804 898 2834 fistuca
907 2805 1027 2834 machina
1040 2806 1137 2834 adaffis
1149 2826 1156 2836 .
1175 2814 1204 2834 ut
1215 2803 1292 2844 paulo
1301 2803 1357 2842 post
1369 2802 1496 2842 pra-cipit.
1508 2801 1560 2829 hoc
1568 2801 1605 2829 est
1615 2823 1621 2834 ›
1633 2799 1722 2829 fistUOE
1731 2810 1760 2828 ΕΒ
1770 2810 1820 2839 ‘3¹¹³
1829 2810 1878 2838 Pa·

332 2846 432 2871 vitores
442 2844 575 2880 utrimque
587 2853 698 2873 utuntur
709 2846 803 2873 ansata.
824 2848 910 2886 Qod
921 2855 986 2886 puto
997 2845 1057 2875 huic
1069 2847 1132 2874 loco
1142 2847 1227 2886 magis
1237 2844 1370 2883 quadrare.
1384 2843 1429 2870 lib.
1443 2852 1497 2870 v11.
1509 2852 1566 2880 cap.
1575 2851 1596 2869 1.
1619 2843 1662 2869 Sin
1671 2849 1760 2869 autem
1770 2842 1874 2873 omnis,

331 2893 374 2912 aut
385 2894 415 2911 ex
426 2893 497 2922 parte
509 2885 683 2922 congesticius
694 2886 768 2914 locus
778 2884 1081 2920 fuerit,fistucati0nibus
1092 2896 1154 2918 cum
1163 2895 1258 2926 magna
1268 2894 1328 2914 cura
1337 2883 1526 2918 solidetur,&e.
1538 2886 1574 2917 δε,
1584 2891 1612 2912 ut
1623 2881 1742 2921 loquitur
1751 2881 1819 2910 Plin.
1828 2880 1875 2910 lib.

330 2935 402 2955 xvu.
414 2934 470 2963 cap.
485 2934 520 2953 ιι.
539 2922 661 2955 fistucato
672 2925 800 2966 spiss‘etur²

1755 2963 1786 2999 d]
1794 2961 1878 2992 Idem.
