2023 3162
317 103 390 129 100
688 81 1548 125 M.V1·x·Ruv11PoLLrouxs

314 153 564 195 collocandae,
580 164 623 190 cx
642 153 779 202 quibus
799 162 932 189 catena:
943 149 1085 187 traduci
1099 161 1161 200 per
1174 148 1363 186 machinas
1374 148 1522 198 possint.
1535 150 1599 188 Sin
1612 160 1734 190 autem
1748 162 1825 189 non
1837 163 1901 190 na-

314 213 468 249 turalem
481 211 613 247 locum
627 234 635 247 ‚
649 220 769 257 neque
782 207 962 244 idoneum
973 205 1017 242 ad
1034 205 1185 242 tuendas
1199 204 1218 240 a
1229 205 1502 253 tempestatibus
1518 216 1629 244 naves
1648 207 1899 253 habuerimus,

291 291 294 294 ⁴
312 270 363 304 ita
374 267 514 304 videtur
526 264 593 302 csse
604 263 837 300 faciendum,
861 263 913 298 uti
933 260 957 297 si
969 260 1111 298 nullum
1121 260 1260 296 flumen
1277 259 1490 296 iuliislocis
1510 261 1736 312 impedierit,
1757 262 1815 300 sed
1833 269 1901 301 crit

314 336 358 360 ex
370 334 441 359 una
459 331 559 373 parte
575 316 630 369 [d]
652 319 756 355 statio
767 334 776 359 3
795 327 885 354 tunc
898 328 941 354 ex
956 317 1066 353 altera
1085 325 1185 366 parte
1206 314 1386 351 structuris
1407 313 1477 351 sive
1495 316 1686 364 aggeribus
1706 320 1902 367 expedian-

313 389 373 415 tur
395 373 445 428 [e]
460 374 674 426 progressus
697 375 742 410 Et
757 375 804 410 ita
814 371 1094 409 conformandae
1107 380 1285 421 portuum
1304 369 1578 408 conclusiones.
1599 372 1658 409 Eae
1670 382 1792 409 autem
1813 374 1900 412 stru-

316 434 433 471 nurae,
446 444 526 480 quae
538 433 574 466 in
585 441 676 478 aqua
688 427 707 464 s
703 438 770 465 unt
779 428 909 465 futurae
921 457 930 472 ,
953 427 1126 465 videntur
1136 425 1185 462 sic
1197 425 1266 463 esse
1278 425 1474 468 faciendae3
1497 428 1549 463 uti
1561 421 1731 476 portetur
1744 425 1809 479 [f]
1823 430 1901 478 pul-

315 490 369 526 vis
381 488 400 523 a
413 485 721 535 regionibus‚quae
732 483 839 521 sunta
853 485 985 520 Cumis
997 483 1225 519 continuatae
1238 482 1283 518 ad
1294 484 1900 533 promontoriumMinervae‚isque

315 542 577 584 misceatur,uti
591 539 647 592 [g]
663 541 700 575 in
712 541 892 577 mortario
903 539 979 576 duo
990 539 1034 575 ad
1046 549 1161 574 unum
1174 535 1434 587 respondeant:
1447 537 1577 574 deinde
1588 547 1679 574 tunc
1690 539 1726 574 in
1738 549 1785 574 eo
1794 539 1902 585 loco,

314 600 376 647 qui
388 596 560 634 definitus
579 598 660 638 erit,
673 591 726 643 [h]
743 607 836 632 arca:
847 593 1024 644 stipitibus
1035 592 1194 630 robustis
1205 592 1242 628 δε
1255 594 1393 628 catenis
1404 592 1551 630 inclusae
1566 595 1606 639 in
1626 604 1760 642 aquam
1780 593 1902 631 dimit-

315 653 433 689 tenda:
444 677 452 690 ‚
479 647 533 703 [t]
557 650 853 699 destinandaeque
864 650 1030 687 firmiter.
1061 647 1208 685 Deinde
1219 649 1314 684 inter
1329 658 1388 684 eas
1400 648 1553 684 inferior
1572 659 1652 700 pars
1663 648 1725 686 sub
1735 660 1830 699 aqua
1843 660 1902 687 ex-

315 707 496 756 sequanda
516 710 551 744 ὃ(
564 706 751 757 purganda
764 734 774 750 ‚
794 706 830 742 δε
850 705 1038 743 caementis
1060 716 1104 740 cx
1118 705 1301 741 mortario
1319 705 1470 741 materia
1488 704 1602 741 mixta
1626 704 1904 752 (quemadmo-

262 808 264 810 γ
314 763 405 800 dum
423 763 526 813 supra
536 761 710 812 scriptum
720 760 792 808 cst)
813 761 863 797 ibi
882 758 1178 810 congerendum,
1196 759 1377 796 donicum
1390 760 1622 810 compleatur
1639 759 1820 797 structurae
1831 757 1904 810 spa-

314 820 410 855 tium
424 848 432 860 ,
452 817 556 867 quod
567 818 778 855 fueritinter
790 828 902 854 arcas.
934 817 1023 853 Hoc
1041 825 1166 852 autem
1177 826 1310 851 munus
1330 815 1492 852 naturale
1508 815 1643 853 habent
1661 816 1902 864 ealoca,quae

313 873 557 924 suprascripta
577 873 666 911 sunt.
697 875 761 910 Sin
779 884 902 911 autem
914 881 1065 922 propter
1083 869 1214 907 fluetus
1231 881 1293 908 aut
1311 872 1470 921 impetus
1488 873 1602 922 aperti
1616 871 1735 921 pelagi
1758 867 1815 923 [y]
1841 870 1903 907 de-

313 930 450 968 stinatae
463 941 554 967 arcte
565 942 642 966 non
655 931 844 979 potuerint
862 929 1063 966 contineri,
1077 935 1167 963 tunc
1179 926 1226 963 ab
1237 925 1308 976 ipsa
1329 937 1422 963 terra
1435 926 1506 965 sive
1518 927 1704 977 crepidine
1717 926 1772 976 [k]
1787 926 1903 976 pulv'r-

311 998 382 1022 nus
401 997 512 1036 quam
524 984 726 1023 firmissime
737 984 907 1021 struatur.
938 981 1040 1032 Isque
1051 983 1227 1032 pulvinus
1237 990 1426 1032 exaequata
1436 983 1587 1020 struatur
1604 983 1764 1033 planitie,
1779 983 1903 1019 minus

315 1053 430 1089 quam
443 1041 600 1078 dimidia:
612 1042 720 1091 partis
735 1055 741 1077 ε
762 1041 962 1089 reliquum,
976 1038 1080 1087 quod
1099 1037 1148 1075 est
1159 1038 1329 1088 proxime
1341 1039 1461 1077 littus,
1476 1040 1728 1089 proclinatum
1740 1039 1830 1075 latus
1842 1036 1904 1074 ha-

316 1096 412 1134 beat.
447 1097 592 1135 Deinde
604 1097 648 1134 ad
659 1095 770 1146 ipsam
783 1107 918 1145 aquam
930 1094 1086 1131 &latera
1098 1122 1108 1138 ‚
1119 1094 1275 1145 pulvino
1288 1096 1432 1132 circiter
1441 1094 1702 1145 sesquipedales
1715 1094 1902 1142 margines

312 1152 495 1189 struantur
514 1150 566 1198 [l]
587 1151 790 1202 aequilibres
807 1151 1023 1201 eiplanitiae‚
1040 1161 1119 1198 qua:
1130 1148 1233 1199 supra
1244 1149 1372 1200 scripta
1384 1149 1443 1187 est.
1481 1150 1594 1187 Tunc
1615 1150 1842 1200 proclinatio
1860 1160 1904 1186 ea

312 1209 514 1257 impleatur
525 1220 642 1248 arena,
657 1210 694 1245 ὃ(
707 1218 918 1256 exaequetur
928 1217 1015 1242 cum
1038 1206 1201 1255 margine
1211 1207 1249 1241 in
1259 1206 1407 1255 planitia
1416 1205 1573 1255 pulvini.
1594 1206 1742 1243 Deinde
1758 1203 1905 1254 insuper

316 1275 398 1300 cam
419 1265 713 1311 exaequationem
731 1263 803 1312 pila
818 1275 933 1311 quam
954 1272 1089 1310 magna
1102 1260 1300 1297 constitura
1310 1261 1428 1301 fuerit,
1443 1261 1492 1298 ibi
1512 1261 1675 1306 struatur,
1687 1272 1804 1310 caque
1814 1271 1905 1298 cum

315 1320 384 1355 erit
396 1319 560 1356 extr-usta
572 1347 580 1361 ‚
599 1319 827 1366 relinquatur
844 1329 891 1354 ne
902 1318 1022 1354 minus
1033 1328 1145 1365 quam
1161 1315 1257 1353 duos
1269 1316 1485 1361 menses‚uti
1497 1315 1680 1367 siqccescat.
1712 1318 1824 1354 Tunc
1839 1327 1906 1353 au-

315 1383 394 1411 tem
406 1373 611 1411 succidatur
621 1385 751 1422 margo
762 1385 842 1422 quae
862 1371 1009 1410 sustinet
1028 1383 1190 1408 arenam.
1222 1373 1274 1409 Ita
1292 1384 1398 1410 arena
1416 1372 1584 1409 fluetibus
1604 1371 1748 1410 subruta
1768 1370 1905 1409 efficiet

315 1430 354 1466 in
380 1441 485 1467 mare
504 1430 585 1479 pilae
602 1431 934 1479 praecipitationem
947 1458 955 1465 .
994 1428 1077 1465 Hac
1099 1429 1243 1464 ratione
1265 1426 1564 1477 quotiescunque
1584 1440 1680 1479 opus
1699 1426 1810 1465 fuerit
1826 1452 1834 1466 ‚
1863 1428 1904 1464 in

315 1495 450 1534 aquam
460 1485 596 1536 poterit
607 1483 673 1521 esse
684 1484 898 1534 progressus.
929 1485 968 1521 In
980 1482 1115 1533 quibus
1125 1493 1248 1521 autem
1258 1484 1352 1520 locis
1363 1485 1482 1535 pulvis
1500 1495 1579 1520 non
1599 1482 1765 1527 nascitur,
1778 1483 1832 1520 his
1849 1493 1906 1518 ra-

314 1541 479 1578 tionibus
498 1542 565 1577 erit
576 1539 800 1577 faciendum,
814 1542 868 1577 uti
878 1550 970 1577 arcae
982 1539 1150 1589 duplices
1162 1537 1227 1586 [m]
1242 1540 1360 1577 relatis
1372 1539 1506 1577 tabulis
1520 1541 1556 1576 ὃς
1570 1540 1710 1577 catenis
1722 1539 1905 1587 colligata:

176 1598 223 1626 Al·
241 1600 274 1667 in
314 1598 351 1633 in
363 1608 410 1634 eo
421 1596 526 1641 loco,
538 1597 602 1645 qui
612 1594 734 1632 finitus
744 1596 825 1641 erit,
838 1595 1123 1639 constituantur,
1135 1595 1278 1632 &inter
1290 1591 1350 1648 [n]
1366 1595 1556 1632 destinatas
1567 1605 1665 1633 creta
1674 1594 1906 1639 mer-onibus,

175 1649 239 1667 arom
258 1649 295 1668 tu.
1855 1660 1902 1686 CX

311 1746 342 1782 d]
371 1746 454 1786 Idem.
475 1746 623 1774 Stationem
639 1746 743 1784 leian.
759 1746 938 1775 Pandestdffi.
950 1755 1038 1774 xttu.
1062 1739 1257 1774 de'fluminibus
1271 1765 1278 1778 ,
1290 1746 1478 1784 interpretatur
1489 1746 1596 1779 locum,
1614 1745 1660 1774 ubi
1669 1754 1730 1774 tuto
1749 1753 1827 1772 naves
1838 1743 1903 1772 stare

356 1784 463 1824 possint.

313 1826 443 1863 e],1dem.
467 1821 619 1864 Progressus
630 1826 741 1864 appellat
758 1836 889 1866 aggerum
901 1827 973 1855 illam
989 1827 1173 1855 continuatam
1183 1827 1274 1855 seriem
1294 1826 1468 1863 objestamad
1479 1826 1606 1854 arcendos
1618 1825 1714 1854 nucius
1726 1845 1733 1857 ,
1752 1824 1898 1853 excluden—

352 1867 465 1904 damque
475 1875 578 1904 aquam,
589 1875 668 1904 qnam
679 1868 759 1894 nostri
767 1860 801 1894 ab
811 1868 878 1895 elata
889 1876 958 1895 terra
967 1867 1085 1894 levatam
1093 1868 1186 1895 dicunt
1197 1888 1204 1900 ,
1221 1869 1308 1894 Gtaeci
1317 1865 1430 1904 χόρψῖμ,
1442 1866 1620 1894 Larinimoles.
1637 1865 1698 1893 Itali
1710 1866 1736 1893 id
1744 1865 1903 1904 appellatio-

357 1917 395 1934 [ΠΣ
406 1914 580 1933 retinuerunt.

307 1947 342 1984 s]
374 1947 456 1974 Idem.
478 1946 637 1974 Puteolanus
648 1954 758 1973 vocatur
768 1945 811 1973 hic
823 1947 906 1984 pulvis
917 1945 961 1973 lib.
976 1955 1010 1973 11.
1021 1955 1076 1984 cap.
1089 1956 1129 1973 vt.
1155 1946 1266 1974 Constat
1276 1954 1365 1973 autem
1380 1945 1495 1974 alumine
1507 1967 1514 1978 ,
1533 1946 1665 1974 bitumine
1676 1949 1700 1974 ἃ
1710 1944 1815 1975 sulfure.
1837 1949 1903 1976 Non

350 1987 462 2015 abfimili
473 1987 581 2025 praedita
590 1995 680 2013 natura
691 1988 715 2013 in
728 1987 862 2023 Cyzicena
870 1988 980 2026 regione
992 1995 1130 2024 terra,quae
1140 1986 1255 2024 qualibet
1265 1986 1448 2024 magnitudine
1458 1982 1704 2017 exciss,de1nersa'in
1716 1987 1902 2026 mare,lapidea

355 2026 516 2059 extrahitur,
529 2036 557 2054 ut
566 2025 655 2054 scribit
667 2026 734 2053 Plin.
745 2027 806 2060 lib.3
815 2036 836 2060 5.
847 2036 948 2064 (εφη.
970 2028 1003 2053 Et
1013 2025 1046 2052 ab
1058 2029 1156 2065 Oropo
1167 2026 1290 2053 Aulidem
1300 2025 1378 2064 usque
1386 2027 1512 2066 quicquid
1523 2036 1599 2055 terrae
1609 2027 1795 2059 marialluitur.
1809 2028 1834 2055 in
1845 2027 1908 2056 saxa*

354 2076 479 2095 mutatur.
499 2067 527 2094 ld
542 2077 625 2106 genus
637 2075 718 2094 terras
730 2063 831 2095 neccsse
842 2069 877 2095 est
886 2065 1042 2096 aluminofiis
1052 2062 1347 2100 effe,autc1nlcantho,
1359 2067 1385 2095 id
1395 2068 1429 2095 est
1441 2089 1447 2100 ,
1458 2067 1562 2096 'sutorio
1572 2076 1724 2096 atramento
1733 2065 1843 2096 infectas
1855 2089 1863 2099 .
1875 2072 1903 2097 &

355 2117 451 2147 praeter
470 2106 495 2134 id
514 2107 694 2135 bituminosas.

309 2150 341 2184 g]
372 2149 455 2176 Idem.
479 2149 520 2174 Ita
529 2149 556 2174 in
566 2147 624 2175 lacu
634 2157 710 2174 arena
721 2147 867 2184 Puteolana
874 2147 1023 2182 misceatur,
1034 2157 1064 2177 ut
1081 2156 1134 2176 tres
1141 2146 1196 2183 ejus
1205 2157 1289 2186 partes
1301 2149 1327 2177 in
1338 2158 1418 2177 unam
1435 2148 1513 2177 calcis
1524 2149 1702 2186 conjiciantur
1711 2168 1719 2179 ,
1736 2145 1904 2186 confundam

356 2198 460 2226 turquc.
469 2188 506 2215 ita
513 2188 562 2215 erit
571 2197 647 2215 arena
655 2186 806 2225 sesquiplex.

314 2228 346 2262 h]
370 2229 451 2256 Idem.
474 2229 502 2255 Id
514 2238 597 2268 genus
609 2229 707 2266 aquarii
717 2227 781 2266 septi
793 2229 888 2269 vulgus
899 2238 979 2256 vocat
989 2230 1142 2258 catat-astas.
1160 2228 1227 2257 Vide
1238 2229 1366 2257 Lexicon.

314 2270 346 2303 i]
370 2269 452 2295 Idem.
471 2268 533 2295 Hoc
543 2269 578 2295 est
587 2268 737 2307 alligandae.
749 2269 874 2307 Apuleius
886 2269 932 2297 lib.
943 2279 964 2296 1.
975 2270 1007 2297 de
1020 2270 1090 2298 Asin.
1101 2279 1190 2296 aureo.
1211 2274 1251 2297 At
1262 2270 1328 2297 bona
1340 2270 1461 2300 Panthia,
1472 2272 1541 2307 §Qun
1548 2272 1636 2306 igitur,
1655 2270 1831 2309 inquimfhror.
1841 2277 1903 2298 tunc

354 2311 464 2345 primum
472 2308 617 2335 bacchatim
626 2308 784 2346 discerpimus
795 2330 801 2340 ,
819 2311 862 2337 vel
871 2309 991 2338 membru
1000 2312 1053 2349 ejus
1071 2310 1200 2346 destinatis
1209 2311 1297 2338 virilia
1314 2311 1455 2349 desecamus
1465 2316 1477 2338 ἓ
1499 2311 1567 2340 Haec
1577 2312 1627 2340 ille.
1649 2313 1752 2339 Priores
1768 2311 1900 2339 editiones

356 2348 487 2376 habebant
497 2348 695 2385 dzstmmdaequc:
711 2357 739 2376 ut
752 2353 775 2377 ἃ
789 2351 905 2377 Barbari.

309 2391 342 2428 y]
373 2389 520 2416 Philander⁴
545 2390 575 2415 In
589 2389 665 2414 MSto
675 2389 742 2416 Cod.
754 2390 860 2429 legitur.
873 2391 969 2418 destina
983 2400 1055 2419 arcas
1065 2401 1113 2419 non
1122 2392 1249 2423 potuerint
1259 2394 1399 2420 continere:
1424 2400 1453 2420 ut
1463 2391 1513 2420 sint
1523 2392 1629 2420 destinae
1639 2391 1743 2421 vincula
1754 2395 1778 2420 δε
1791 2399 1902 2423 catenae,

357 2428 371 2457 ὲ,
382 2430 494 2459 destino,
503 2428 575 2466 quod
586 2428 685 2455 vincire
696 2429 811 2457 diximus
823 2430 980 2470 significare.
1120 2425 1127 2429 “

316 2471 344 2505 k]
375 2470 459 2497 Idem.
481 2469 510 2496 Id
519 2466 771 2499 est.fund³mentum
783 2468 894 2499 farctum
904 2473 1044 2500 caementis*
1054 2482 1099 2501 aut
1109 2482 1195 2501 arena.
1203 2473 1272 2501 Alias
1282 2472 1427 2512 pulvinum.
1438 2472 1541 2500 Servius
1553 2472 1625 2500 liblx.
1636 2471 1807 2503 AEneid.ait.:i
1817 2472 1905 2501 nautis

356 2511 445 2538 vocari
455 2510 590 2538 duriorem
597 2518 701 2536 arenam
713 2529 719 2542 ,
737 2520 795 2548 quse
805 2512 983 2540 remeantibus
995 2514 1118 2542 flufflbus
1126 2517 1150 2541 δε
1159 2514 1282 2542 cuntibus
1292 2512 1422 2543 densatur.
1431 2516 1455 2541 St
1467 2513 1494 2540 in
1504 2513 1616 2541 modurn
1627 2512 1678 2541 saxi
1689 2513 1814 2544 durescit.
1837 2513 1903 2542 Vide

359 2552 489 2578 Lexicon.

313 2591 336 2625 1]
374 2591 457 2618 Idem.
481 2590 510 2618 Id
520 2590 564 2621 est,
573 2591 627 2628 pari
638 2590 799 2619 libramento
807 2592 839 2619 ad
849 2593 968 2631 regulam
978 2602 1131 2632 coaequatae.
1143 2593 1283 2633 Vsurpavir
1293 2602 1358 2622 vero
1368 2592 1413 2621 hic
1426 2596 1450 2621 Sc
1459 2593 1547 2621 libax.
1560 2603 1687 2634 cap.v111.
1699 2595 1808 2635 planitia
1817 2594 1903 2633 prima

355 2632 496 2658 inflexione
507 2651 513 2662 ,
535 2631 575 2658 uti
587 2633 684 2660 Cicero
693 2633 719 2659 in
732 2632 899 2670 partitionib.
912 2634 1034 2661 mollitia.

312 2672 354 2705 m]
376 2672 459 2698 Idem.
482 2669 654 2704 Commiffis.
674 2681 703 2700 ut
712 2673 737 2699 in
749 2672 916 2700 orthostmtis
926 2672 981 2701 fieri
992 2675 1106 2704 diximus
1115 2675 1163 2706 lib.
1174 2685 1206 2705 1¹.
1216 2677 1254 2705 ita
1264 2676 1334 2705 enim
1343 2672 1434 2703 referri
1446 2674 1547 2703 tabulas
1556 2675 1770 2715 interpretamur.

314 2712 346 2745 η]
376 2711 457 2739 Idem.
478 2712 511 2739 Et
523 2710 568 2739 hic
578 2713 605 2739 in
617 2714 691 2741 MSS.
704 2712 807 2742 lib.n0n
818 2713 966 2743 destinaras„
978 2714 1017 2742 scd
1026 2716 1132 2752 destinas
1142 2718 1251 2756 legitur,
1261 2717 1292 2745 de
1304 2726 1357 2754 quo
1368 2716 1445 2754 paulo
1455 2724 1516 2743 ante
1526 2716 1589 2743 dixi.
1599 2718 1719 2755 Qidam
1729 2715 1799 2744 hunc
1810 2715 1906 2745 locum.

354 2751 391 2777 ita
403 2751 478 2790 legit.
500 2755 534 2778 Et
544 2754 702 2789 intergerinis
714 2754 820 2785 bercta,
841 2754 1021 2792 vermibusque
1038 2757 1142 2784 exulem
1150 2758 1254 2795 palustri
1264 2757 1361 2794 fafz‘bs:
1377 2765 1406 2784 ut
1418 2757 1467 2783 sint
1486 2757 1714 2796 intergerinidiffi
1726 2776 1732 2787 ‚
1749 2758 1821 2793 quod
1833 2758 1904 2785 inter

355 2788 525 2819 fundamenta
534 2802 583 2829 pro
599 2791 697 2821 fultura
714 2793 929 2832 intergeruntur:
953 2796 1011 2823 alias
1023 2807 1077 2824 non
1096 2799 1268 2830 meronibus,
1289 2796 1330 2824 sed
1348 2796 1491 2835 peronibus
1501 2796 1641 2828 scribitur.
1661 2805 1690 2824 ut
1699 2797 1767 2834 apud
1786 2797 1904 2826 Plinium

355 2830 401 2874 lib.
414 2837 454 2874 36.
466 2842 522 2868 cap.
536 2842 576 2864 14.
587 2843 636 2870 pro
646 2833 734 2862 saccis.
757 2835 892 2862 Caeterum
911 2838 936 2862 S<
953 2845 1076 2865 merones
1095 2838 1258 2866 Hermolaus
1269 2846 1343 2875 putat
1363 2835 1435 2875 posse
1446 2837 1560 2876 intelligi
1571 2845 1655 2875 partes
1670 2846 1777 2875 magnas
1790 2838 1904 2875 pilarum

354 2873 453 2914 specie·
471 2873 563 2915 qux-in
571 2882 643 2901 arcas
652 2874 860 2910 conjicerentur.
883 2876 1028 2905 Peronibus
1039 2886 1067 2905 ut
1076 2878 1188 2918 legatur,
1201 2879 1283 2917 magis
1304 2878 1400 2916 placet,
1410 2887 1439 2905 ut
1449 2877 1479 2904 sit
1491 2877 1639 2905 intellectus
1652 2875 1704 2908 hic,
1716 2878 1901 2911 conjiciendos

352 2908 403 2938 esl'e
415 2921 439 2937 in
451 2911 520 2954 sep-ta
530 2912 572 2956 illa
581 2911 669 2940 saccos
681 2925 714 2942 ex
731 2915 803 2945 ulva,
813 2915 905 2953 plenos
915 2924 987 2944 creta
998 2918 1029 2945 ad
1040 2917 1217 2957 exsugendam
1227 2927 1330 2956 aquarn.
1348 2917 1476 2948 chille.
1497 2918 1545 2946 Sed
1558 2917 1651 2947 Claud.
1665 2917 1800 2947 Salmasius
1809 2918 1903 2959 legen-¹

351 2951 415 2980 dum
431 2954 516 2980 censet
527 2972 534 2986 ,
544 2962 571 2980 in
582 2953 715 2984 eronibus.
742 2955 809 2986 Vide
821 2956 958 2988 Lexicon.
976 2958 1003 2985 in
1014 2968 1067 2997 quo
1076 2958 1149 2997 plura
1159 2959 1191 2988 de
1200 2958 1335 2988 hocloco.

1793 3001 1819 3035 o]
1836 2998 1902 3028 Phi-l
