2023 3162
463 71 529 96 nr
580 55 1111 95 ARcrr1-r13ervna
1166 49 1401 92 L113.111.
1706 68 1756 103 41

154 129 319 180 dipteros
331 135 457 164 autem
468 125 517 163 sic
530 126 754 169 collocatur,
769 126 859 161 utin
868 123 991 160 fronte
1002 121 1084 159 &in
1097 120 1243 172 postico
1256 120 1325 159 sint
1336 122 1523 160 columnae
1534 120 1683 161 ostona:
1695 151 1706 168 ‚
1719 125 1759 160 in

151 185 324 224 lateribus
335 195 423 220 cum
436 181 668 231 angularibus
678 180 889 230 quindenae.
903 179 994 215 Sunt
1006 188 1130 216 autem
1143 178 1298 229 parietes
1309 179 1410 215 cellae
1421 188 1553 216 contra
1562 178 1755 228 quaternis

152 237 614 291 columnas[q]medianas
624 238 660 273 in
672 235 838 273 fronte&
845 234 1059 286 postico.lta
1068 233 1230 270 duorum
1241 233 1621 271 intercolumniorum
1632 237 1669 273 δ(
1680 236 1757 282 ime

151 295 390 336 crassitudinis
412 295 601 331 columnae
622 291 777 342 spatium
790 293 856 328 erit
876 290 896 326 a
907 289 1107 341 parietibus
1130 290 1228 326 circa
1241 288 1285 325 ad
1305 300 1491 326 extremos
1509 291 1660 327 ordines
1691 301 1758 328 co-

152 355 379 392 lumnarum.
412 349 532 396 Hujus
544 348 757 398 exemplum
769 348 909 384 Romae
920 357 998 383 non
1011 345 1060 382 est
1070 374 1080 389 ‚
1105 343 1165 381 sed
1174 344 1369 394 Magnesiae
1388 346 1520 382 Dianae
1541 345 1759 394 Hermoge-

153 411 210 447 nis
221 405 424 449 Alabandi‚
442 408 480 442 &
496 404 700 456 Apollonis
726 405 784 448 [r]
807 401 997 439 Amnestae
1018 400 1124 438 fasta.
1156 401 1337 452 Dipteros
1357 410 1488 439 autem
1506 400 1702 450 ofitastylos
1715 403 1755 439 &t

154 476 304 517 pronao
318 465 355 500 δε
367 460 512 513 postico
524 486 532 499 ‚
556 459 614 496 sed
626 460 722 498 circa
735 457 852 494 :edem
863 457 1029 508 duplices
1041 456 1149 493 habet
1161 456 1310 494 ordines
1329 456 1598 494 columnarum
1611 486 1621 502 ‚
1642 458 1695 494 uti
1705 456 1756 495 est

155 521 253 559 aedes
273 518 422 572 Qirini
434 517 578 553 Dorica
590 516 627 551 ὅ(
640 513 800 564 Ephesiae
821 514 952 549 Dianae
964 513 1090 549 Ionica
1103 540 1113 555 ‚
1137 513 1157 548 a
1168 511 1412 562 Ctesiphonte
1433 512 1641 550 constituta.
1671 513 1752 562 Hy·
1767 525 1902 555 Ancha-

157 576 321 628 paethros
334 584 427 612 vero
438 568 509 622 [s]
521 570 724 618 decastylos
734 569 830 607 estin
843 579 989 618 pronao
1004 569 1041 604 ὅ(
1053 566 1212 617 postico.
1244 569 1405 617 Reliqua
1414 569 1544 606 omnia
1553 568 1684 606 eadem
1694 564 1862 606 ha-fiftone.

157 634 248 670 bent
258 641 337 680 quae
347 629 525 677 dypteros
540 655 549 670 ‚
568 625 626 662 sed
638 627 815 662 interiore
826 634 930 674 parte
943 623 1139 660 columnas
1150 624 1186 658 in
1199 622 1386 660 altitudine
1408 623 1576 673 duplices
1595 634 1758 662 remotas

158 688 178 725 a
191 686 385 738 parietibus
396 682 441 720 ad
454 682 719 718 circuitionem
735 680 794 726 (ut
803 680 986 729 porticus)
1002 680 1056 724 [t]
1067 677 1352 727 peristyliorum.
1367 678 1540 716 Medium
1552 690 1676 717 autem
1688 680 1754 718 sub

158 744 249 781 divo
270 740 318 778 est
336 739 408 776 fine
426 737 527 775 testo
541 762 549 775 ‚
573 735 761 785 aditusque
772 736 967 774 valvarum
988 745 1032 770 cx
1051 743 1204 782 utraque
1215 743 1318 783 parte
1330 736 1366 770 in
1378 745 1523 785 pronao
1543 734 1578 772 &
1600 735 1756 786 postico.

160 799 283 845 Hujus
295 806 419 834 autem
429 793 617 844 exemplar
629 793 768 830 Roma:
777 803 858 829 non
873 790 941 837 est,
962 789 1021 828 sed
1035 788 1193 830 Athenis
1203 788 1424 840 octastylos,
1447 792 1484 829 in
1497 792 1641 843 templo
1659 788 1758 844 Jovis

162 853 339 904 Olympii.

834 953 868 991 C
899 967 922 992 A
951 963 982 992 1¹.
1040 952 1089 992 11.

577 1058 660 1110 De
678 1059 896 1132 quinque
919 1058 1086 1111 adium
1101 1049 1340 1132 speciebus.

164 1193 247 1277 SP
260 1206 278 1230 ε
290 1206 310 1230 c
324 1205 334 1229 1
350 1205 368 1228 E
381 1203 394 1226 s
414 1199 541 1235 autem
554 1191 691 1229 aedium
715 1192 795 1230 sunt
808 1193 986 1242 quinque.
1007 1203 1170 1241 quarum
1179 1202 1221 1228 ea
1235 1189 1315 1228 sunt
1331 1187 1536 1230 vocabula;
1560 1186 1758 1236 Pycnosty-

220 1250 299 1294 los,
313 1247 349 1285 id
361 1247 429 1289 cst,
450 1248 587 1285 crebris
603 1249 809 1286 columnis:
828 1249 999 1296 Systylos‚
1012 1247 1126 1298 paulo
1140 1245 1426 1284 remissioribus:
1452 1243 1669 1292 Diastylos‚¹
1685 1255 1765 1280 am-

162 1305 257 1356 plius
267 1302 495 1354 patentibus:
520 1305 631 1341 rarius
652 1299 764 1353 quam
775 1313 951 1355 oporteat
974 1305 1068 1340 inter
1078 1303 1111 1339 se
1125 1302 1282 1340 didustis
1292 1328 1301 1341 ‚
1328 1300 1554 1346 Araeostylos
1567 1314 1574 1337 :
1595 1299 1763 1347 Eustylos

161 1360 438 1398 intervallorum
459 1359 546 1404 justa
567 1359 834 1398 distributione.
866 1361 966 1410 Ergo
988 1354 1228 1408 Pycnostylos
1248 1357 1298 1395 est
1310 1384 1318 1398 ‚
1346 1358 1447 1403 cujus
1467 1356 1766 1393 intercolumnio

162 1418 272 1453 unius
282 1415 318 1452 δε
329 1414 526 1451 dimidiarae
538 1417 726 1454 columnae
740 1414 939 1454 crassitudo
950 1416 1138 1465 interponi
1154 1411 1616 1465 potest‚quemadmodum
1627 1410 1676 1448 est
1689 1409 1763 1447 divi

162 1469 244 1524 {ulii
255 1473 293 1508 δε
305 1472 342 1507 in
356 1470 504 1508 Caesaris
516 1471 603 1509 foro
627 1472 805 1515 Veneris3
834 1471 871 1508 &
882 1471 905 1509 fi
916 1484 999 1521 quae
1011 1472 1085 1508 aliae
1097 1469 1146 1507 sse
1155 1470 1236 1508 sunt
1247 1468 1477 1520 compositae.
1507 1469 1603 1505 Item
1614 1464 1764 1514 systylos

163 1527 214 1564 est
224 1553 233 1567 ‚
254 1528 293 1563 in
303 1538 377 1576 qua
388 1526 544 1563 duarum
565 1529 824 1566 columnarum
838 1526 1037 1565 crassitudo
1061 1528 1097 1564 in
1109 1526 1406 1564 intercolumnio
1418 1525 1555 1575 poterit
1569 1521 1763 1565 collocari,

164 1582 203 1620 &
212 1586 272 1628 [a]
284 1582 460 1633 spirarum
472 1583 670 1633 plinthides
680 1596 783 1634 aeque
795 1596 938 1633 maguae
948 1583 1017 1620 sint
1027 1595 1074 1620 eo
1088 1581 1217 1634 spatio,
1232 1581 1337 1630 quod
1347 1580 1455 1617 fuerit
1464 1581 1559 1616 inter
1571 1577 1660 1614 duas
1670 1577 1766 1627 plin-

163 1638 284 1676 thides
297 1664 304 1676 ‚
326 1638 653 1688 quemadmodum
665 1640 714 1676 est
726 1642 896 1678 Fortunae
908 1639 1081 1689 equestris
1093 1638 1138 1676 ad
1150 1637 1338 1674 theatrum
1349 1635 1553 1685 lapideum,
1565 1632 1603 1669 &
1613 1632 1765 1680 reliqua:

163 1706 247 1742 qua:
260 1693 396 1732 eisdem
415 1694 616 1732 rationibus
633 1696 654 1730 s
648 1704 714 1732 unt
728 1695 960 1745 compositae.
996 1694 1088 1731 Haec
1110 1703 1267 1741 utraque
1288 1702 1422 1741 genera
1433 1686 1606 1727 vitiosum
1626 1686 1765 1724 habent

164 1750 281 1786 usum.
302 1747 362 1794 [b]
377 1750 517 1787 Matres
529 1751 630 1786 enim
640 1749 861 1787 familiarum
875 1779 885 1794 ‚
899 1761 987 1787 cum
998 1749 1042 1786 ad
1051 1748 1357 1798 supplicationem
1371 1745 1541 1795 gradibus
1553 1742 1764 1781 ascendunt.

163 1817 246 1843 non
256 1803 407 1854 possunt
416 1817 481 1854 per
490 1806 779 1843 intercolumnia
790 1806 967 1855 amplexae
981 1805 1093 1848 adite,
1104 1802 1168 1841 nisi
1180 1802 1329 1840 ordines
1341 1801 1507 1838 fecerint.
1539 1800 1634 1835 Item
1643 1799 1765 1836 valva-

163 1872 250 1898 rum
261 1860 302 1898 as
296 1859 422 1909 perstas
435 1859 634 1897 obstruitur
647 1863 911 1898 columnarum
925 1858 1285 1908 crebritate,ipsaque
1297 1856 1396 1906 signa
1407 1854 1655 1893 obscurantur.
1667 1854 1764 1890 Item

167 1918 264 1953 circa
277 1915 407 1955 aedem‚
424 1925 577 1967 propter
589 1915 767 1966 angustias
777 1945 788 1960 ,
807 1915 1059 1965 impediuntur
1075 1914 1359 1951 ambulationes.
1388 1910 1542 1958 Diastyli
1551 1920 1677 1947 autem
1688 1908 1766 1946 haec

167 1973 235 2009 crit
247 1971 486 2021 compositio,
503 1983 589 2008 cum
602 1973 714 2010 trium
727 1972 994 2008 columnarum
1007 1968 1589 2007 crassitudinemintercolumnio
1600 1967 1767 2014 interpo-

168 2039 256 2065 nere
266 2026 470 2077 poffumus,
479 2037 662 2075 tanquam
672 2028 723 2065 est
736 2027 928 2077 Apollinis
939 2029 976 2064 &
990 2027 1118 2063 Diauae
1129 2025 1224 2062 aedis.
1246 2024 1337 2061 Haec
1347 2022 1536 2074 dispositio
1546 2022 1643 2059 hanc
1653 2019 1766 2056 habet

170 2082 439 2121 difficultatem,
455 2082 559 2131 quod
571 2084 746 2132 epistylia,
760 2093 914 2134 propter
923 2082 1206 2120 intervallorum
1218 2080 1525 2128 magnitudinem.
1538 2076 1767 2125 franguntur.

169 2140 214 2176 In
236 2138 446 2188 Araeostylis
464 2148 671 2177 autemnec
690 2139 842 2190 lapideis
863 2150 933 2176 uec
945 2139 1164 2177 marmoreis
1174 2135 1342 2186 epistyliis
1356 2136 1408 2172 uti
1418 2134 1540 2170 datur,
1570 2130 1769 2222 sedimpdo-

1115 2193 1141 2229 F
1638 2197 1712 2223 nen
1741 2196 1770 2221 τε

171 2335 201 2372 q]
224 2332 374 2361 Philandcr.
398 2332 622 2360 Architec'tonico
632 2330 765 2359 vocabulo
776 2330 833 2359 usus
845 2331 975 2359 medianas
984 2331 1124 2359 columnas
1134 2329 1201 2357 dixit
1214 2349 1220 2360 ,
1243 2328 1274 2356 ad
1284 2324 1462 2355 differentiam
1471 2325 1635 2366 angularium
1644 2345 1650 2356 ‚
1667 2324 1699 2351 de
1710 2322 1772 2360 qui-

215 2374 262 2401 bus
282 2374 401 2412 praecipit
421 2383 479 2412 cap.
497 2383 573 2412 prox.
585 2376 608 2401 3.-
619 2371 670 2410 seq.
695 2371 794 2399 Eadem
813 2372 916 2399 ratione
940 2380 1020 2400 vocat
1042 2370 1162 2399 mediana
1181 2369 1312 2397 acroteria
1321 2389 1328 2402 ‚
1349 2368 1466 2406 epistylia
1475 2388 1481 2400 ‚
1503 2368 1588 2405 capita
1604 2365 1725 2393 leonina,
1745 2365 1771 2389 ὅ(

214 2414 324 2452 reliqua.
1727 2443 1731 2447 .
1756 2443 1760 2447 .

172 2457 202 2490 r]
222 2455 306 2482 Idem.
329 2454 422 2482 Excusi
432 2454 540 2493 quidam
550 2454 655 2483 codices
667 2453 774 2485 habent,
785 2452 802 2480 ὰ
814 2453 952 2490 Manefcbe
963 2474 969 2485 ,
980 2453 1068 2480 MStus
1086 2450 1273 2481 Bononiensis,
1289 2449 1308 2477 ἃ
1320 2451 1425 2477 Mnes‘le.
1450 2447 1492 2476 sed
1503 2446 1692 2476 aestimandutn.
1706 2442 1772 2471 nihil

215 2496 286 2523 enim
295 2495 379 2523 adhuc
391 2496 462 2533 quod
474 2495 581 2523 firmum
592 2491 656 2523 esset
667 2495 761 2523 elicere
773 2495 857 2531 potui.
870 2494 983 2522 Inclinat
995 2494 1107 2525 animus,
1118 2502 1146 2520 ut
1156 2493 1328 2530 depravatum
1338 2490 1539 2528 suspectumque
1550 2488 1640 2515 locum
1651 2484 1768 2514 credam.

211 2536 361 2574 scriptionis
371 2537 442 2564 enirn
453 2538 561 2564 varietas
572 2534 655 2564 adfert
664 2536 754 2564 mendi
764 2533 946 2573 suspicionem.
970 2535 1038 2562 Haec
1050 2534 1102 2561 ille.
1124 2532 1296 2561 Arundelian.
1311 2530 1380 2558 (jod.
1392 2530 1470 2557 habet
1481 2529 1499 2556 c>
1511 2527 1648 2555 Menesthe.

168 2579 202 2615 s]
226 2576 308 2604 idem.
326 2577 480 2604 Suntetiam
497 2578 567 2604 MSti
582 2577 688 2604 codices
707 2577 733 2603 in
745 2575 841 2613 quibus
858 2575 961 2614 legatur
980 2574 1154 2612 endecas‘tylos.
1176 2575 1248 2611 Qae
1267 2571 1420 2610 scripturali
1431 2568 1521 2596 vitiosa
1539 2578 1592 2595 non
1606 2563 1772 2613 eritzsensus

215 2617 360 2646 verborum
370 2617 420 2644 erit
429 2617 610 2645 iste-Subdiale
621 2617 752 2655 templum
763 2616 886 2644 undecim
898 2615 1036 2644 columnas
1047 2614 1126 2642 habet
1135 2615 1161 2641 in
1171 2611 1262 2641 fronte
1274 2616 1298 2640 δι’
1311 2612 1427 2639 totidem
1438 2610 1464 2636 in
1481 2609 1586 2647 porticu
1598 2617 1655 2646 quae
1667 2614 1771 2651 a-tergo

216 2659 261 2686 est.
282 2658 331 2685 Sed
343 2658 456 2684 omnino
473 2657 641 2685 scribendum
651 2659 686 2686 est
696 2656 850 2694 decastylos.
874 2659 968 2694 Neque
978 2656 1051 2684 enim
1064 2655 1218 2683 medianum
1237 2650 1472 2680 intercolumnium
1490 2650 1604 2687 patitur,
1623 2646 1773 2674 inlnslocis

216 2699 348 2736 imparem
358 2698 545 2726 columnarum
555 2708 696 2726 numerum
705 2697 831 2726 collocari
845 2697 941 2735 ‚xquod
952 2704 1076 2734 oporteat
1087 2703 1230 2732 utrumque
1239 2694 1269 2721 ad
1279 2692 1393 2720 eundem
1401 2690 1511 2718 modum
1522 2689 1657 2717 columnas
1667 2686 1777 2715 habere.

176 2741 202 2775 t]
225 2739 309 2767 Idem.
330 2739 463 2777 Peristylia
472 2739 531 2766 loca
539 2739 597 2767 sunt
608 2739 740 2767 columnis
753 2736 837 2765 clausa
847 2740 871 2765 ὃς
882 2737 997 2776 undique
1006 2736 1085 2775 septa.

178 2794 208 2827 a]
231 2791 381 2819 Philander.
402 2791 433 2819 ld
444 2792 479 2820 est
496 2790 591 2830 plinthi
605 2790 713 2819 basium.
742 2790 786 2819 Est
797 2799 860 2818 vero
871 2789 988 2829 plinthus
999 2798 1050 2817 una
1061 2797 1117 2828 pars
1128 2786 1193 2815 basis
1202 2806 1211 2818 ‚
1232 2785 1346 2814 itadicta
1362 2805 1368 2817 ,
1378 2782 1450 2824 quod
1458 2781 1543 2812 forma
1554 2782 1597 2812 sua
1604 2779 1699 2811 referat
1710 2779 1775 2808 late-

220 2841 286 2863 rem,
297 2842 378 2871 quem
393 2832 492 2865 ⁴227?ssqu
503 2834 591 2860 Graeci
603 2840 713 2859 vocant.
1674 2862 1677 2866 Ι

179 2871 209 2907 b]
229 2872 313 2900 Idem.
333 2875 398 2901 Non
410 2884 503 2912 parum
513 2873 544 2901 ad
556 2873 718 2908 majestatem
729 2875 753 2900 δε
763 2871 926 2911 dignitatem
936 2870 1028 2909 templi
1038 2867 1101 2898 facit
1110 2889 1118 2903 ‚
1139 2867 1157 2895 fi
1170 2866 1184 2895 ὲ
1196 2875 1294 2895 caetero
1304 2866 1375 2894 urbis
1383 2864 1439 2894 solo
1449 2872 1524 2893 extet
1538 2886 1544 2897 ‚
1563 2872 1592 2892 ut
1604 2860 1729 2907 gradibus
1739 2858 1779 2888 as-

221 2911 324 2940 cendas.
346 2914 420 2943 Hinc
431 2912 533 2944 fastum
542 2922 570 2943 ut
578 2913 612 2942 ad
631 2912 769 2942 Pantheon
781 2912 906 2954 gradibus
926 2911 1027 2951 septem
1035 2909 1217 2940 ascenderetur
1228 2928 1236 2943 ‚
1253 2916 1315 2938 cum
1325 2906 1404 2937 hodie
1420 2906 1512 2936 multis
1524 2906 1550 2935 in
1561 2905 1586 2934 id
1595 2902 1720 2945 gradibus
1731 2899 1780 2928 de-

220 2950 365 2983 scendatur.
1681 2983 1708 3017 t]
1718 2978 1781 3009 Phi·
