2023 3162
274 126 320 161 36
659 110 1519 151 Dnsicnmxcarxonn

324 184 411 224 Esto
428 184 537 233 igitur
557 181 596 219 A
609 210 618 227 ,
638 181 681 217 B.
706 180 841 218 ostava
861 180 995 228 integri
1016 179 1107 227 tigni
1125 190 1170 216 ex
1188 178 1423 229 longitudine
1443 193 1544 233 pars,
1570 183 1673 230 cujus
1694 180 1858 221 laterales

271 243 438 281 ouantes
453 239 555 284 A‚&
568 240 621 282 D,
642 236 699 276 H,
720 238 750 281 Ι,
770 234 809 272 K
823 249 832 277 ·,
846 247 1011 284 quorum
1030 235 1119 271 alter
1139 235 1194 274 C,
1209 235 1246 271 D
1259 264 1270 280 ‚
1290 237 1329 272 in

272 300 363 337 octo
376 308 494 350 partes
505 295 658 337 secetur,
679 292 867 328 adnotatis
880 291 1056 330 numeris,
1073 301 1112 327 ut
1132 292 1169 327 in
1191 289 1325 340 figura3

270 355 375 405 quod
392 356 430 391 ὅ(
450 355 486 389 in
507 350 654 400 singulis
674 346 920 396 longitudinis
935 347 1040 383 lineis
1052 345 1128 388 fiat,
1147 359 1230 396 quae
1249 346 1329 385 sunt

270 412 372 449 osto.
393 406 585 446 Divisione
599 403 648 440 sic
660 403 838 448 absoluta,
852 402 985 452 saligna
999 404 1119 439 tenuis
1132 404 1258 452 regula
1269 403 1329 440 ad-

270 475 470 505 moveatur
480 464 603 512 primo
613 460 753 510 punCto
765 458 828 496 ubi
842 459 876 496 C
891 489 899 504 ‚
912 458 1045 496 deinde
1058 458 1226 496 flectatur
1236 458 1330 496 obli-

271 535 348 572 que
368 519 413 556 ad
433 517 638 555 secundum
652 517 690 552 in
709 514 867 552 secunda
887 517 982 553 linea
1001 515 1193 565 punitum,
1213 517 1248 552 ὅ(
1263 514 1327 552 de-

274 589 381 615 mum
400 575 444 610 ad
454 576 607 611 tertium
618 572 746 615 tertiae,
757 581 933 620 quartum
954 581 1104 620 quartae,
1114 572 1150 608 ὅ(
1164 569 1211 607 fic
1223 570 1344 612 dein-⁴

275 644 359 682 ceps
373 660 382 675 ‚
405 630 527 667 donec
552 629 644 665 flexa
669 639 733 678 per
753 628 920 665 ouantes
938 626 1062 676 regula
1080 626 1125 664 ad
1145 627 1329 677 punitum

273 691 438 741 primum
451 685 615 723 secundae
626 685 776 733 integrae
787 685 896 734 partis
909 693 1120 721 revertatur.
1151 683 1196 721 Et
1207 682 1255 720 sic
1265 683 1328 721 ha-

272 745 446 782 bebimus
477 754 521 778 cx
549 742 711 779 Vitruvii
739 750 867 777 mente
895 740 1051 790 primam
1073 741 1198 789 primae
1218 741 1328 790 partis

272 802 367 850 tigni
378 799 544 836 cochleae
558 795 786 834 emendatissi
796 808 894 833 marn
905 794 1226 845 flexionem.Qd
1238 807 1329 845 ergo

272 869 340 910 pei·
360 853 626 892 decuss'ationes
646 854 683 888 in
707 851 776 889 hac
787 861 867 889 tota
887 862 1051 901 paratura
1065 853 1247 901 intelligat
1265 863 1328 889 au-

277 914 376 951 (tor,
398 922 480 948 non
492 909 542 948 est
558 906 775 946 obscurum.
805 908 899 944 Sunt
917 909 1016 943 enim
1028 906 1134 956 ipsius
1148 907 1330 953 cochleae,

274 966 452 1020 spiralisve
464 966 566 1003 lincae
580 977 668 1001 cum
681 963 799 999 duecis
811 964 848 998 in
860 962 1134 1011 longitudinem
1154 964 1258 999 lineis
1270 975 1332 999 an»

276 1023 478 1075 gulatibus,
492 1031 627 1059 mutuae
640 1019 832 1055 sectiones.
864 1018 903 1054 Si
921 1019 1001 1067 quis
1021 1017 1079 1054 hic
1091 1020 1163 1063 jam
1174 1017 1331 1063 dubitat,
1351 1017 1475 1069 inipso
1488 1019 1578 1057 Sole
1591 1021 1736 1069 caligat.

335 1081 623 1117 DEFORMAT
639 1089 648 1111 1
664 1086 690 1111 o
705 1086 730 1111 N
745 1085 787 1110 Es
826 1072 1136 1111 GRAMMtcAE.
1174 1074 1258 1111 Lib.
1273 1089 1305 1120 3.
1335 1075 1599 1113 inProoemio:
1632 1076 1797 1127 Ventique
1814 1074 1874 1126 qui

265 1135 341 1188 sint
353 1161 360 1174 ,
394 1127 438 1172 (ῤ’
457 1146 503 1170 εν
519 1127 639 1184 qulbus
657 1125 848 1183 regionibus
856 1128 1135 1181 Jt'ngult'spt'rent
1150 1156 1158 1170 ‚
1181 1127 1480 1179 dcfffbrmationibus
1497 1135 1700 1183 grammarcis
1721 1128 1871 1167 ostendi.

277 1190 434 1229 Baldus:
466 1187 636 1233 Ejusdem
648 1185 750 1223 verbi
774 1185 872 1236 apud
884 1186 1039 1222 Latinos
1053 1188 1230 1223 contrarii
1239 1185 1370 1225 sensus.
1401 1186 1586 1227 Deforma
1593 1200 1630 1224 re
1642 1187 1690 1224 est
1702 1187 1875 1237 figurare,

279 1248 475 1288 delineare,
487 1254 526 1281 ut
537 1243 653 1280 solent
671 1241 838 1293 graphici
850 1244 887 1280 ὃ(
903 1242 1079 1292 ρίἃοῐεει
1094 1242 1142 1279 est
1153 1255 1310 1293 quoque
1320 1243 1484 1280 formam
1495 1243 1650 1287 auferre,
1668 1244 1874 1292 deturpare.

278 1303 384 1343 Audi
396 1302 519 1338 Cicer.
538 1299 672 1336 Attico
690 1298 911 1336 scribentem
924 1299 985 1335 lib.
1008 1311 1020 1334 1
1036 1310 1066 1334 1.
1081 1299 1183 1349 epist.
1202 1311 1263 1337 20.
1294 1304 1395 1336 Hunc
1406 1296 1556 1336 ommbus
1575 1296 1666 1335 aime
1679 1299 1816 1351 pistum
1831 1296 1875 1341 (ly

275 1358 424 1412 politum
446 1359 531 1392 artis
541 1351 722 1394 columbus,
740 1351 855 1405 subito
875 1350 1123 1403 deformatum,
1138 1369 1204 1392 non
1216 1354 1293 1405 stne
1309 1369 1430 1408 magno
1449 1353 1560 1392 dolore
1580 1352 1671 1390 vidi.
1702 1353 1876 1403 Uterque

278 1413 416 1453 modus
428 1410 512 1449 suos
526 1410 635 1448 haber
646 1411 814 1448 austores
825 1411 947 1446 claros
960 1421 1094 1446 omues
1107 1412 1143 1448 ὅ(
1156 1410 1318 1449 illustres.
1336 1411 1396 1447 Est
1408 1412 1519 1460 igitur
1531 1409 1741 1447 deformare
1753 1410 1871 1455 lineis,

280 1467 495 1507 describere.
509 1466 687 1504 formare.
719 1465 922 1515 Designare
941 1466 1055 1502 nostri
1074 1465 1298 1504 dicuntltali.
1327 1466 1640 1504 Deformatioucs
1651 1478 1743 1505 vero
1754 1478 1875 1515 gram-

279 1529 387 1565 micae
398 1519 466 1561 Σστὲ
476 1523 689 1574 ῗκαμμῶν,
704 1522 778 1559 hoc
791 1522 851 1561 est,
865 1521 1071 1561 lineis‚sunt
1082 1523 1163 1572 ipsae
1176 1522 1357 1573 graphicae
1370 1521 1648 1573 descriptiones,
1661 1533 1753 1571 quas
1765 1531 1876 1559 more

280 1581 409 1619 nostro
428 1577 563 1633 desegm'
581 1579 820 1630 appellamus
852 1578 1003 1615 Miscuit
1021 1577 1080 1615 hic
1094 1579 1286 1617 Vitruvius
1297 1579 1437 1617 Latinis
1455 1578 1582 1617 Graeca
1597 1605 1604 1618 ‚
1621 1577 1729 1627 quod
1744 1575 1876 1627 passim

280 1639 371 1676 facit
390 1648 477 1675 toto
496 1647 611 1685 opere
624 1657 633 1683 3
650 1648 728 1684 quae
741 1646 794 1671 res
807 1635 916 1671 alicui
926 1632 1048 1671 ansam
1060 1634 1212 1686 praebuit
1222 1647 1308 1673 eum
1321 1628 1510 1687 carpendi,
1522 1637 1560 1673 δε
1572 1633 1765 1672 lacerandi.
1785 1633 1877 1671 Haec

281 1695 352 1732 ille.
385 1693 533 1731 Crebro
553 1694 669 1730 utitur
684 1692 874 1729 Vitruvius
895 1690 970 1727 hoc
991 1692 1110 1729 verbo
1123 1693 1159 1730 ὃς
1172 1692 1256 1729 inde
1267 1692 1429 1730 dedusto
1448 1694 1607 1729 nomine
1618 1691 1734 1743 priori
1753 1688 1873 1738 sensu3

283 1751 366 1800 quis
378 1759 551 1799 praeterea
571 1750 619 1786 ita
629 1757 765 1791 uratur,
777 1747 899 1785 adhuc
915 1759 1054 1796 quaero.

339 1807 377 1842 D
392 1817 443 1842 ει
457 1818 473 1842 Ρ
489 1816 513 1842 Η
529 1819 538 1842 ι
554 1818 578 1841 Ν
591 1817 614 1841 ν
630 1817 658 1841 s.
696 1803 781 1840 Lib.
803 1815 836 1841 x.
859 1815 937 1854 cap.
957 1814 1014 1844 13.
1038 1802 1102 1840 ubi
1123 1801 1168 1840 de
1186 1804 1346 1852 Organo
1375 1803 1620 1853 Hydraulico.
1658 1798 1821 1839 proxim}
1837 1801 1876 1837 in

282 1859 465 1898 verticulis
487 1859 630 1896 collocata
650 1856 906 1912 aerct'Dellohini,
921 1854 995 1897 &a
1033 1860 1188 1897 Baldus:
1222 1860 1339 1912 Qiod
1358 1860 1419 1897 hic
1434 1859 1540 1909 piscis
1558 1868 1698 1895 nomen
1717 1855 1876 1907 praefert,

283 1916 432 1969 pondus
442 1915 502 1954 est,
516 1916 637 1963 qualia
651 1927 691 1951 ea
703 1914 782 1952 sunt
793 1928 875 1963 quae
886 1916 1013 1952 rotatis
1025 1915 1235 1964 horologiis
1247 1914 1508 1965 appenduntur
1519 1916 1555 1951 ὃ(
1570 1911 1665 1964 apud
1677 1924 1746 1949 nos
1755 1913 1875 1960 vulgo

283 1980 441 2022 contrape
454 1984 466 2006 ι
488 1970 737 2018 indigitantur.
759 1971 861 2006 Facit
870 1970 941 2006 huc
953 1971 1057 2018 quod
1068 1971 1166 2019 apud
1181 1970 1435 2019 Aristophanis
1446 1970 1621 2005 Graecum
1635 1969 1875 2018 interpretem

286 2027 444 2077 legimus
458 2051 466 2064 ‚
490 2036 626 2074 nempe
646 2023 879 2073 Delphinum
902 2027 1094 2061 nauticum
1127 2025 1232 2066 (imo
1250 2025 1450 2073 bellicum)
1482 2023 1550 2062 effe
1568 2023 1852 2061 instrumentum
1866 2052 1876 2067 ,

285 2083 400 2132 idque
419 2090 500 2119 tum
523 2079 761 2131 plumbeum,
788 2089 868 2116 tum
887 2079 1047 2117 ferreum
1060 2108 1070 2123 ‚
1093 2078 1198 2128 quod
1216 2081 1253 2116 in
1274 2079 1375 2117 bello
1396 2081 1536 2124 navali,
1568 2079 1733 2130 pendens
1751 2091 1794 2115 ex
1814 2091 1876 2115 an-

285 2150 418 2178 tenna,
442 2136 504 2173 ubi
525 2136 557 2173 se
578 2134 786 2174 ostendiss'et
797 2134 950 2172 occasio
964 2162 972 2175 ‚
996 2137 1032 2172 in
1056 2134 1206 2172 hostiles
1223 2148 1335 2173 naves
1355 2135 1876 2185 dimittebatur,deprimendi

287 2193 402 2232 causa.
435 2192 536 2229 Hinc
554 2191 653 2242 apud
673 2191 940 2238 Thucydidem
960 2190 996 2227 ὃς
1019 2191 1214 2228 Pollucem
1228 2220 1238 2234 ‚
1257 2193 1383 2240 quiex
1407 2191 1629 2240 Thucydide
1644 2220 1653 2235 ,
1673 2192 1773 2228 navis
1795 2203 1876 2240 quae

287 2250 366 2288 haec
388 2248 527 2286 ferebat
545 2239 732 2298 ἄρτημαᾷ,
752 2240 1016 2298 ὃελφινοφόρῶυ
1035 2247 1131 2286 ναῦς,
1154 2245 1190 2282 id
1210 2246 1279 2291 est,
1295 2247 1550 2298 Delphinifera
1570 2249 1670 2284 navis
1691 2247 1875 2297 appellita-

287 2306 406 2343 batur.
437 2305 510 2342 Sed
530 2305 566 2342 &
587 2316 657 2354 pro
678 2300 844 2355 pondere
855 2301 928 2353 ipse
947 2315 1100 2351 quoque
1111 2304 1306 2353 Oppianus
1326 2304 1349 2339 1.
1369 2300 1569 2340 οἱλιώῖικῶν
1590 2319 1626 2351 4.
1645 2305 1797 2353 accepit.
1814 2303 1875 2339 De

287 2359 447 2412 plumbo
466 2362 566 2398 enirn
586 2361 690 2410 quod
710 2362 747 2397 in
763 2372 807 2398 os
827 2360 968 2397 mortui
985 2358 1072 2397 scari
1089 2360 1284 2410 ingeritur,
1307 2369 1348 2397 ut
1365 2361 1522 2399 viventis
1539 2361 1705 2397 imitetur
1727 2368 1873 2398 motus,

290 2416 410 2454 scribit
427 2417 465 2453 in
477 2416 557 2454 haec
573 2416 703 2454 verba:

1197 2501 1207 2515 ²

622 2533 651 2562 ’Δ
657 2532 695 2563 ελ
701 2524 816 2577 φῖνΘυ
825 2524 978 2574 μολίςοιο
989 2526 1039 2578 ’ξ’
1048 2527 1137 2577 ςὸμα,
1149 2522 1264 2579 ὃὲξοιηο
1274 2524 1407 2573 π’χνῖω.

964 2583 1024 2636 fin
1044 2595 1157 2621 autem
1173 2586 1357 2624 moriatur,

622 2633 789 2688 Delphini
801 2632 953 2684 plumbei
971 2641 1010 2675 in
1030 2653 1086 2677 ore
1092 2638 1257 2692 fitscipiat
1276 2649 1400 2676 artem.

293 2693 450 2730 Nomen
469 2702 562 2743 puto
583 2691 911 2731 manavitaforma
924 2723 934 2738 ‚
954 2696 1158 2744 Delphines
1178 2698 1277 2733 enirn
1296 2694 1409 2745 pisces
1427 2693 1506 2731 sunt
1527 2694 1668 2743 ingenti
1687 2691 1872 2742 praediti&

292 2748 512 2799 pondoroso
531 2750 663 2798 capite.
696 2750 785 2788 Haec
805 2748 877 2785 illc.
909 2751 1007 2788 Vide
1028 2752 1247 2789 Salmasium
1259 2755 1298 2789 in
1308 2750 1480 2789 Solinum
1500 2762 1582 2801 pag.
1601 2762 1685 2793 570.
1702 2760 1785 2791 §71-
1810 2747 1873 2783 ubi

293 2804 449 2853 explicat
462 2805 550 2853 quid
562 2804 602 2841 fit
615 2804 905 2858 Aeacpwosso'p&
925 2809 1018 2848 ναῦς.

350 2859 387 2895 D
404 2871 422 2895 E
435 2870 477 2896 Ll
492 2872 554 2910 qv
567 2872 577 2897 1
592 2871 637 2898 ΑΕ.
669 2863 825 2901 Lib.v1.
847 2874 928 2912 cap.
945 2879 977 2907 3.
1008 2862 1225 2915 Dg‘spluviata
1236 2873 1348 2899 autem
1368 2861 1555 2909 (cavaedia)
1570 2855 1677 2909 fimat,
1697 2859 1733 2893 in
1753 2854 1873 2910 quibus

293 2911 443 2965 deliquit?
453 2927 567 2949 arcam
575 2914 801 2963 fizstirzcmes‚
817 2917 996 2965 stilltct'dia
1015 2920 1192 2966 rejiciunt.
1222 2919 1372 2955 Baldus:
1392 2915 1579 2967 deltqut‘as,
1598 2924 1645 2950 ait
1667 2914 1871 2951 minander,

294 2967 436 3007 videtur
444 2969 626 3021 intelltgcrc
635 2999 645 3015 ‚
665 2985 753 3020 quas
771 2975 854 3010 Sex.
865 2973 1001 3024 Pomp.
1015 2974 1104 3011 dicit
1120 2973 1283 3018 Delicias,
1302 2974 1402 3024 ttgna
1414 2984 1482 3024 qux
1493 2968 1518 3006 ἰι
1529 2968 1679 3006 culmine
1688 2967 1873 3021 adtegul.zs

1765 3037 1873 3076 twigs!-
