2023 3162
342 83 825 125 VoCAszonvM
884 83 1449 127 Virnuvranonvm.
1622 99 1670 139 89

95 165 205 194 canus
223 152 285 192 lib.
299 166 333 191 x.
353 153 416 191 ubi
436 154 481 191 de
501 151 681 203 AEgyptio
701 153 790 190 luxu
808 155 846 192 δε
864 151 1110 191 ostentatione
1131 153 1343 205 Cleopatrae
1356 170 1364 193 :

369 211 434 247 Hic
445 220 550 253 torus,
563 205 691 259 Assyrio
700 211 792 258 cujus·
807 220 888 262 pars
899 207 1152 259 maximaficcco

368 271 494 302 Strata
504 266 630 301 micant
640 277 653 299 .·
674 266 773 315 Tyrio
786 293 796 308 ‚
817 277 962 317 quorum
974 273 1058 316 pars
1069 265 1222 302 maxima
1231 263 1363 303 lentum

371 319 471 357 Coc'tiz
480 317 541 355 dm
551 321 652 356 virus
667 333 735 354 non
744 333 812 355 uno
823 318 928 358 duxit
938 316 1044 356 aheno
1055 333 1066 357 :

368 382 452 412 Pars
463 389 545 412 auro
557 372 714 427 plumata
725 375 823 412 nitet.

91 428 268 476 plumata,
290 433 339 468 ait
355 431 527 481 Sulpitius
539 459 550 475 ‚
567 431 605 465 in
624 428 761 466 modum
785 429 991 482 plumarum
1009 439 1180 467 contemti.
1211 431 1454 470 Omnibonus
1469 462 1479 479 ‚
1493 432 1666 485 plumata,

90 485 186 523 ideft
198 512 205 524 ‚
226 489 265 523 in
275 486 475 539 plumarum
486 483 626 521 modum
636 483 821 536 squamata
832 499 927 522 auro.
940 486 1139 523 Turnebus
1150 486 1211 523 lib.
1231 500 1243 523 1
1259 499 1287 523 1.
1301 500 1381 539 cap.
1397 500 1455 531 25.
1478 490 1558 527 Hac
1571 491 1615 527 de
1627 504 1667 527 re

90 543 194 592 plura
204 541 240 578 &
252 541 404 592 pulchra
414 540 458 577 ad
469 542 597 578 locum
609 540 885 592 Vopiseiipsum
897 541 1056 579 consule.
1081 542 1235 580 Videtur
1245 542 1320 579 hoc
1331 545 1486 581 nomine
1498 546 1597 583 bona
1607 547 1668 583 illa

91 599 290 646 antiquitas
299 597 522 634 artemillam
533 595 721 634 somniasse
733 625 744 641 ,
764 608 838 644 qua
857 597 935 634 Indi
945 609 1059 647 nuper
1071 596 1117 634 ad
1129 598 1367 636 occidentem
1383 600 1510 637 Solem
1522 603 1669 651 reperti,

90 653 203 690 vestes
214 653 379 702 [tragulas
393 681 402 696 ,
414 651 584 689 barbaras
596 653 734 688 tunicas
748 680 757 694 ‚
768 653 919 700 ingenio
930 664 1009 688 non
1020 663 1145 689 tamen
1156 652 1311 690 barbaro
1325 684 1334 699 ‚
1345 667 1388 691 ex
1401 658 1522 692 avium
1534 659 1672 707 plumis

90 709 140 745 ita
150 709 252 745 fabre
263 718 399 747 texunt,
414 718 454 744 ut
465 708 523 744 vel
534 705 755 755 ingeniofiffi
762 708 829 743 mis
840 706 1027 755 Europaeis
1037 708 1082 744 de
1091 708 1124 744 se
1134 708 1419 747 admirationem
1428 710 1670 749 faciantHaec

90 765 161 801 ille.
192 764 389 801 Turnebus
400 764 492 799 loco
503 764 627 800 citato.
660 761 776 812 Qod
787 772 912 798 autem
927 761 1149 812 (Vopiscus)
1162 762 1283 800 scribit
1295 794 1304 808 ‚
1318 764 1504 816 plumandi
1522 765 1672 819 dzfflcul-

88 828 160 855 tate
171 816 376 871 pwvwbzles,
387 820 597 867 exponitur,
612 820 789 860 texendo,
801 816 820 852 a
831 816 1066 865 quibusdam,
1077 816 1122 852 ab
1132 818 1219 856 aliis,
1235 830 1302 856 acu
1313 821 1517 868 pingendo:
1538 824 1574 859 &
1587 821 1669 860 sane

90 875 203 913 videri
214 873 334 924 potest
344 886 410 924 pto
420 885 488 910 acu
499 874 648 924 pingere
658 872 848 909 interdum
859 874 1034 923 accipi‚ut
1044 873 1063 909 a
1074 873 1111 908 D
1129 872 1379 922 Hieronymo:
1393 875 1527 924 species
1537 888 1670 916 tamen

90 931 257 980 quaedam
267 930 413 979 proprie
423 929 471 965 est
481 941 551 966 acu
564 928 754 978 pingendi,
767 939 852 964 cum
863 928 957 965 clavi
967 939 1031 966 aut
1040 929 1195 978 parergia,
1210 939 1271 966 aut
1283 928 1468 978 segmenta
1477 943 1539 969 aut
1548 932 1670 969 scutu-

91 987 143 1025 lae‚
158 995 222 1022 aut
231 985 369 1023 tell'elloe
379 985 455 1021 aliae
467 985 544 1021 aliis
556 985 592 1020 in
603 983 699 1020 veste
711 982 1010 1033 lhperasshuntur,
1024 994 1064 1021 ut
1073 985 1240 1034 plumam
1250 986 1371 1022 avium
1383 986 1558 1024 referant:
1572 988 1670 1024 unde

89 1044 128 1078 ὅ(
146 1042 415 1090 plumariorum
434 1041 470 1077 δε
492 1040 685 1090 plumandi
702 1050 847 1076 nomen
865 1049 989 1076 ortum
1009 1039 1058 1076 est
1079 1051 1145 1088 per
1156 1038 1432 1078 fimilitudinem
1443 1042 1670 1080 traductum:

90 1107 151 1133 aut
163 1107 247 1133 eum
262 1095 335 1134 line
347 1093 555 1132 affumento
567 1107 635 1133 acu
648 1095 855 1146 pingendo,
869 1096 1003 1146 plumae
1013 1096 1137 1133 avium
1146 1094 1373 1133 referuntur:
1392 1097 1429 1134 id
1440 1097 1577 1136 indicat
1586 1100 1672 1136 Pru-

90 1151 231 1190 dentius
240 1152 276 1189 in
290 1152 498 1200 Hamartig.
511 1151 566 1187 his
577 1150 753 1188 verlibus:

440 1211 541 1243 Hunc
561 1204 682 1243 videas
700 1203 846 1258 lascivas
860 1215 1006 1260 praepete
1022 1202 1124 1257 curfit

254 1264 442 1300 Venatztem
458 1264 593 1300 ttmicaes
607 1291 617 1307 ,
639 1263 763 1299 avium
785 1276 916 1315 quoque
931 1261 1172 1312 ‘versicolorum

254 1314 464 1354 Indumenta
483 1323 584 1355 novbs
601 1327 775 1354 texentem
789 1317 931 1370 plumea
950 1317 1036 1355 tela.

91 1375 136 1413 Et
145 1374 257 1412 Maro
268 1372 329 1409 lib.
347 1385 361 1408 1
374 1385 404 1409 1.
416 1386 480 1425 per
491 1374 786 1419 fimilitudinem‚
796 1373 858 1411 etsi
870 1373 915 1411 de
926 1384 1002 1411 arte
1012 1374 1287 1425 plumariorum
1298 1386 1378 1414 non
1387 1374 1559 1421 scribens,
1572 1375 1642 1412 ait:

443 1433 568 1482 Qtem
580 1430 676 1482 pellbs
691 1429 811 1466 altenis

254 1491 298 1520 In
309 1483 668 1537 plumamsquammis
686 1498 771 1522 auro
788 1481 936 1537 confirma
953 1483 1093 1538 tegebat.

89 1540 137 1577 Et
147 1539 318 1577 Salustius
331 1541 427 1590 apud
437 1538 600 1579 Servium
611 1543 648 1579 in
666 1554 679 1578 1
692 1553 723 1578 1.
736 1538 888 1579 AEneid.
909 1547 1014 1595 Equis
1026 1543 1126 1594 paria
1134 1543 1341 1594 operimenta
1349 1549 1447 1578 erant
1457 1567 1465 1581 ,
1486 1553 1556 1593 quae
1565 1538 1671 1577 lintea

79 1594 209 1648 ferreis
219 1593 352 1632 laminis
362 1597 398 1632 in
409 1594 544 1632 modum
547 1595 670 1649 plumae
681 1595 928 1635 adnexuerant.
959 1600 1005 1636 Et
1017 1599 1185 1648 Papinius
1196 1596 1364 1635 Thebad.
1382 1609 1395 1633 1
1409 1609 1422 1633 1
1431 1626 1439 1633 .

263 1654 358 1701 Qu
375 1651 462 1687 male
470 1654 549 1701 jma
562 1651 690 1704 plumts
709 1654 800 1689 imm
821 1654 909 1705 tegit
925 1654 1073 1705 inguina
1091 1650 1228 1690 thorax.

91 1706 186 1743 Haee
203 1707 276 1744 ille.
304 1704 432 1760 Johan.
446 1710 477 1744 V
485 1709 654 1745 Veitzius
672 1708 717 1745 ad
737 1708 873 1745 locum
892 1709 996 1746 illum
1017 1709 1212 1746 Prudentii.
1247 1705 1539 1745 Delicatioribus
1559 1706 1671 1742 etiam

89 1762 205 1800 Vestes
225 1773 268 1798 ex
280 1764 417 1811 plumis
427 1765 534 1800 variis
547 1774 738 1801 contextae.
759 1763 900 1800 Seneca
911 1763 1019 1813 Epist.
1032 1776 1094 1808 91.
1113 1769 1217 1812 Qam
1235 1764 1359 1798 avium
1373 1760 1497 1813 plume
1514 1762 1551 1796 in
1570 1757 1671 1809 ufitm

88 1819 197 1852 vestis
215 1814 476 1867 confir-vantur.
508 1819 609 1855 Hine
624 1816 815 1869 plumarius
826 1847 836 1863 ,
854 1820 917 1867 qui
937 1818 1150 1857 vestimenta
1162 1831 1205 1855 ex
1219 1818 1352 1869 plumis
1363 1818 1487 1854 avium
1500 1814 1672 1852 conficit:

89 1884 168 1921 quo
179 1884 313 1920 genere
326 1872 497 1911 delcetata
509 1875 557 1911 est
567 1875 679 1924 prisca
690 1875 842 1911 luxuria.
858 1875 916 1911 Cl.
932 1874 1126 1912 Salmasius
1135 1876 1173 1911 in
1186 1875 1302 1910 Notis
1316 1872 1361 1908 ad
1372 1870 1579 1922 Vopiscum
1588 1882 1670 1920 pag.

95 1939 180 1973 507.
195 1927 387 1964 Plumandi
399 1941 466 1972 ars,
479 1928 550 1966 five
561 1928 783 1978 pluinaria‚n‘
795 1926 970 1972 πικιλῖικῆ
976 1926 1084 1975 τέχνη.
1107 1928 1270 1966 plumare
1281 1926 1442 1962 mtus'mffl
1456 1955 1463 1963 .
1480 1924 1604 1977 plamae
1613 1940 1675 1960 mc-

91 1976 255 2031 κίλμαῷ.
269 1984 354 2020 inde
367 1985 402 2020 ὅ(
415 1986 582 2034 plumarii
594 1986 808 2033 quiplumas
819 1987 855 2021 in
867 1984 1023 2023 vestibus
1034 1985 1188 2027 faciunt,
1198 1985 1235 2020 ὃ(
1247 1984 1380 2034 plumis
1391 1993 1451 2018 eas
1461 1982 1600 2018 variant
1612 2010 1621 2024 ‚
1635 1983 1674 2018 δε

93 2051 161 2075 acu
173 2040 340 2088 pingunt.
351 2037 490 2075 Plumae
501 2050 623 2077 autem
634 2049 822 2077 vocarunt
832 2050 974 2077 veteres
985 2049 1093 2076 notas
1101 2051 1144 2076 ex
1155 2050 1245 2076 auro
1253 2038 1311 2076 vel
1318 2049 1475 2087 purpura
1484 2036 1677 2079 rotundas,

95 2096 131 2131 ὅς
144 2095 181 2130 in
192 2093 351 2130 modum
362 2096 570 2142 plumarum
580 2095 703 2139 factas,
714 2095 846 2144 quibus
856 2095 969 2133 vestes
980 2094 1291 2132 intertexebantur
1303 2105 1346 2130 ac
1357 2094 1602 2131 variabantur.
1614 2090 1675 2126 Sic

94 2150 249 2186 laminas
260 2149 438 2185 rotundas
450 2178 459 2193 ,
478 2152 535 2186 vel
556 2151 719 2187 circulos
729 2150 868 2187 ferreos
882 2149 902 2187 ὲ
913 2152 1046 2198 quibus
1056 2151 1180 2187 loricae
1192 2149 1486 2185 succridebantur
1499 2175 1508 2190 ‚
1528 2145 1673 2195 plumas

95 2207 203 2241 etiam
216 2204 398 2247 dixerunt,
409 2204 517 2252 quod
527 2206 734 2254 plumarum
749 2204 1028 2241 similitudinem
1038 2204 1223 2243 referrent,
1238 2200 1565 2253 &squanms‚quod
1576 2198 1676 2247 squa-

95 2271 243 2297 marum
258 2286 264 2293 .
297 2256 413 2295 Unde
433 2260 609 2307 plumatae
630 2260 752 2294 lorieae
764 2283 772 2296 ‚
803 2270 847 2294 ex
867 2260 1015 2295 laminis
1035 2258 1158 2295 ferreis
1178 2259 1215 2294 in
1237 2257 1397 2294 modum
1415 2259 1552 2306 plumae
1572 2255 1675 2292 factis

97 2314 284 2352 consertae.
316 2313 375 2349 Sic
383 2311 541 2364 plumatae
549 2314 662 2348 ves‘tes
676 2341 685 2356 ‚
697 2315 734 2348 &
741 2310 936 2363 plumattles
951 2341 960 2356 ‚
971 2311 1172 2364 &plumata
1180 2309 1373 2362 Babylonica
1386 2340 1396 2356 ,
1415 2323 1493 2360 quat
1506 2311 1676 2360 plurimis

97 2370 281 2415 ejusmodi
292 2370 390 2406 notis
402 2380 444 2404 ex
457 2380 547 2404 auro
559 2379 764 2417 purpurave
777 2392 786 2406 2
807 2379 879 2404 acu
890 2369 1095 2405 intertextis
1107 2367 1215 2417 sparsa
1227 2377 1328 2404 erant
1339 2369 1373 2403 ὅ(
1386 2368 1532 2405 variata.
1554 2368 1677 2412 οημρᾶοι

96 2427 252 2469 Graecis,
265 2426 402 2462 Latinis
413 2434 511 2461 notae
520 2423 557 2459 ὃ(
569 2422 679 2472 signa,
691 2423 766 2461 haec
775 2422 927 2460 vestium
936 2419 1147 2472 πικῖλμοιῖξι.
1160 2422 1276 2460 Unde
1278 2419 1505 2473 χξυαόοημῶ
1516 2421 1620 2460 vestis
1633 2423 1674 2457 <Sc

98 2479 359 2532 mppvpo‘mpa&
369 2481 484 2516 aureis
496 2477 723 2529 purpureisve
736 2479 836 2515 notis
846 2478 1024 2529 insignita,
1039 2490 1079 2516 ut
1089 2489 1220 2516 contra
1229 2476 1376 2526 σι”οημΘυ
1388 2507 1396 2522 ,
1407 2490 1487 2527 quae
1500 2477 1588 2513 nihil
1598 2475 1674 2512 auri

97 2548 158 2576 aut
169 2548 334 2588 purpurae
345 2538 527 2573 intextum
539 2534 698 2571 haberet.
727 2535 851 2571 Latini
861 2546 966 2572 notas
978 2534 1014 2571 ὃς
1027 2534 1125 2585 ligna
1136 2534 1314 2571 dixerunt.
1345 2534 1519 2583 Virgilius
1534 2546 1541 2569 ε

449 2588 577 2627 Pallam
585 2588 699 2642 signis
716 2602 866 2641 auroque
882 2592 1063 2642 rigentem.

99 2649 176 2687 hoc
187 2646 363 2699 est‚stgm's
375 2649 483 2682 aureis
493 2647 640 2696 qsperam
650 2642 858 2698 gudwalum
879 2644 1005 2683 Notas
1014 2646 1171 2697 appellat
1182 2637 1337 2683 Ovidius
1354 2658 1362 2681 :

267 2698 525 2754 Purpureusque
544 2701 724 2751 notizsfilt‘s
742 2702 898 2737 intexuit
914 2698 1008 2738 albis.

104 2760 325 2809 Qlintilian.
335 2758 398 2794 lib.
408 2764 445 2794 ’8.
458 2768 490 2792 e.
509 2769 539 2799 5.
552 2762 655 2793 Porro
665 2766 704 2792 ut
713 2754 830 2806 adfert
838 2754 954 2792 lumen
963 2755 1252 2809 clavttspmpurae
1262 2753 1327 2791 loco
1335 2750 1499 2805 insertus,
1508 2752 1558 2788 ita
1567 2752 1677 2789 nemi-

101 2828 178 2852 nem
195 2812 308 2851 deceat
332 2813 531 2849 intertextis
557 2812 644 2848 notis
667 2808 820 2862 pluribus
839 2810 955 2860 vestis.
993 2810 1119 2848 clavos
1146 2821 1270 2848 autem
1289 2811 1400 2848 etiam
1427 2809 1549 2845 Latini
1566 2820 1677 2847 voca-

103 2871 190 2908 bant
202 2867 456 2916 hujuscemodi
466 2877 587 2906 notas,
601 2878 641 2903 ut
652 2867 772 2904 Graeci
781 2866 866 2908 ἕλες
879 2895 888 2911 ,
906 2865 924 2902 ὲ
934 2866 1062 2915 figura.
1094 2868 1215 2905 Variis
1227 2867 1329 2903 enim
1338 2864 1478 2914 figuris,
1492 2865 1677 2907 rotundis,

105 2925 287 2975 quadratis
298 2954 308 2971 ‚
321 2935 492 2964 veterum
514 2923 657 2962 luxuria
673 2923 759 2962 lusit
775 2924 814 2961 in
833 2923 988 2963 vestibus
1007 2934 1098 2960 auro
1116 2931 1319 2975 purpurave
1338 2919 1547 2959 illudendis.
1579 2921 1679 3008 Qgae

986 2983 1058 3015 (M
1506 2984 1619 3013 rotun
1648 2983 1677 3010 :e
