2023 3162
483 60 550 87 ne
597 47 1108 88 Ancurrrcrvna
1165 46 1361 87 L113.]I.
1666 64 1714 97 19

128 113 401 156 inventionibus
412 115 610 166 gloriantes
622 145 632 160 ‚
653 116 732 154 aliis
742 117 802 154 alii
811 116 1053 155 ostendebant
1063 115 1306 155 <edificiorum
1319 114 1467 156 effectus
1481 146 1491 163 ‚
1503 117 1539 155 &
1551 119 1600 158 ita
1612 132 1714 159 exer-

129 183 254 209 centes
266 173 413 222 ingenia
424 173 704 216 certationibus,
725 171 841 210 indies
852 173 1071 210 melioribus
1085 173 1230 220 judiciis
1241 172 1506 212 efficiebantur.
1528 176 1711 214 Primum-

129 240 206 277 que
217 227 326 265 furcis
337 228 461 264 ereffis
474 231 511 266 ὃς
525 227 686 276 virgultis
698 227 930 278 interpositis,
946 229 1027 265 luto
1038 229 1195 279 parietes
1208 239 1391 266 texerunt.
1423 229 1625 268 Aliilutcas
1635 233 1711 280 gle-

128 284 192 320 bas
204 283 439 321 arefacientes
451 309 459 322 ‚
479 283 666 320 struebant
678 285 831 333 parietes
843 312 853 328 ‚
874 285 1025 321 materia
1037 295 1102 320 cos
1114 283 1178 330 [d]
1200 286 1493 334 jugumeutantes
1505 311 1513 324 ‚
1538 287 1712 324 vitando-

129 350 203 387 que
214 339 350 376 imbres
361 340 398 376 ὅ(
410 338 512 375 aestus
525 367 535 382 ,
553 337 727 387 tegebant
737 338 974 376 arundinibus
993 339 1028 376 &
1039 339 1187 377 fronde:
1211 340 1337 390 postea
1348 369 1358 385 ‚
1378 342 1561 390 quoniam
1573 353 1638 391 per
1648 342 1714 389 hy-

130 393 263 431 bernas
275 393 504 444 tempestates
515 394 607 431 resta
618 405 695 430 non
707 405 882 444 poterant
891 394 1026 432 imbres
1039 395 1057 431 s
1053 395 1361 446 ustinere,fastigia
1371 395 1557 435 facientes,
1568 398 1649 434 luto
1662 399 1713 434 in»

131 449 178 486 du
185 451 260 494 cto,
273 450 486 499 proclinatis
497 449 600 486 testis
618 448 794 487 stillicidia
807 449 1054 487 deducebant.
1074 450 1165 487 Haec
1175 462 1302 488 autem
1314 454 1421 492 exiis,
1435 465 1514 501 quae
1524 452 1624 504 supra
1635 452 1715 489 scri-

131 516 193 555 pte
206 505 501 554 sunt,originibus
513 504 675 542 instituta
685 503 872 555 ess'e‚poss'u
879 517 960 542 mus
971 505 1017 542 fic
1028 506 1438 556 animadvertere-,quod
1447 508 1492 545 ad
1502 508 1603 545 hunc
1614 509 1717 546 diem

132 561 344 598 nationibus
356 562 489 597 exteris
500 573 543 596 ex
554 559 608 596 his
620 561 726 597 rebus
738 560 891 598 aedificia
903 560 1194 605 constituuntur,
1204 571 1244 598 ut
1255 563 1292 597 in
1306 561 1626 613 Gallia‚Hispania‚
1642 563 1716 601 Lu-

133 616 283 659 sitania,
306 615 511 664 Aquitania
524 644 533 659 ,
555 618 611 660 [e]
632 615 813 653 scandulis
833 615 1010 653 robusteis
1023 646 1033 661 ‚
1053 627 1117 653 aut
1138 616 1355 654 stramentis.
1386 617 1505 668 Apud
1524 620 1718 657 nationem

135 672 373 710 Colchorum
384 672 423 706 iu
434 672 558 708 Ponto
570 681 723 722 propter
735 671 910 720 sylvarum
921 671 1179 709 abundantiam
1190 671 1381 709 arboribus
1392 675 1589 723 perpetrm,
1601 675 1720 725 planis

134 727 258 765 dextra
269 739 310 764 ac
321 725 455 763 sinistra
474 728 511 763 in
523 737 617 763 terra
629 725 753 775 positis
767 753 775 766 ‚
796 725 912 776 spatio
923 728 1016 764 inter
1036 739 1096 764 eas
1109 727 1238 764 relisto
1252 756 1262 772 ‚
1284 737 1427 777 quanto
1449 729 1625 767 arborum
1635 731 1722 767 lon-

135 784 314 832 gitudines
325 783 531 831 patiuntur,
546 782 795 819 collocantur.
825 783 866 818 ln
878 783 1050 820 extremis
1061 783 1221 832 parribus
1231 795 1357 820 earum
1369 783 1469 833 supra
1481 786 1598 822 alterae
1609 783 1720 823 trans-

135 839 261 883 versae,
283 849 364 887 qua:
384 835 686 874 circumcludunt
705 838 873 874 medium
890 838 1047 888 spatium
1064 837 1306 876 habitationis
1320 867 1329 883 ,
1348 849 1439 876 tunc
1455 839 1599 890 insuper
1618 843 1724 878 alter-

136 896 191 932 nis
202 894 359 932 trabibus
370 904 414 930 ex
425 903 585 942 quatuor
594 892 758 943 partibus
771 894 924 942 angulos
934 896 1230 943 iugumentantes
1241 924 1252 939 ‚
1271 895 1370 931 &ita
1394 896 1550 944 parietes
1562 908 1606 933 ex
1617 895 1724 932 arbo-

135 950 232 987 ribus
250 949 442 986 statuentes
462 977 472 992 ‚
501 948 546 984 ad
570 948 876 1000 perpendiculum
903 951 1063 987 imarum
1084 949 1249 987 educunt
1277 949 1323 987 ad
1341 950 1574 988 altitudinem
1592 960 1722 995 turres,

136 1006 398 1053 intervallaque
412 1016 494 1053 qua:
506 1004 760 1053 relinquuntur
779 1016 929 1055 propter
947 1004 1220 1043 crassitudinem
1240 1007 1400 1043 materia:
1421 1004 1495 1054 [f]
1514 1006 1658 1042 schidiis
1680 1008 1719 1043 ὃς

136 1061 217 1098 luto
235 1060 441 1097 obstruunt.
474 1061 564 1096 Item
575 1061 668 1096 tecta
677 1060 881 1098 recidentes
893 1060 938 1099 ad
961 1072 1148 1099 extremos
1169 1062 1325 1111 angulos
1346 1061 1498 1098 transtra
1517 1063 1719 1108 trajiciunt,

136 1117 316 1166 gradatim
331 1114 604 1153 contrahentes.
637 1117 692 1152 Ita
712 1128 756 1153 ex
777 1126 945 1164 quatuor
963 1117 1123 1167 partibus
1149 1117 1195 1154 ad
1216 1117 1445 1154 altitudinem
1465 1116 1628 1155 educunt
1641 1129 1723 1155 me-

137 1172 200 1210 dio
212 1181 328 1209 metas
339 1200 348 1215 ‚
369 1182 459 1221 quas
479 1171 516 1208 ὃς
533 1170 668 1208 fronde
689 1171 726 1208 ὃς
747 1172 830 1209 luto
851 1182 1016 1221 tegentes
1027 1199 1035 1213 ,
1058 1171 1220 1210 efficiunt
1241 1172 1434 1210 barbarico
1455 1185 1564 1210 more
1576 1172 1724 1210 testudi-
1773 1170 1786 1178 ⁵

136 1237 221 1265 nata
238 1228 393 1264 turrium
418 1227 531 1264 testa.
573 1226 734 1277 Phryges
753 1240 845 1269 vero
857 1254 865 1268 ‚
895 1229 960 1277 qui
979 1227 1238 1278 campestribus
1261 1230 1357 1266 locis
1385 1227 1465 1265 suut
1494 1227 1700 1266 habitantes
1712 1256 1724 1271 ,

136 1293 289 1334 propter
307 1284 474 1333 inopiam
493 1281 665 1320 silvarum
684 1293 836 1332 egentes
854 1286 1009 1321 materia
1022 1313 1032 1329 ,
1064 1285 1205 1333 eligunt
1226 1285 1391 1322 tumulos
1413 1286 1615 1325 naturales,
1642 1283 1723 1320 eos-

137 1350 211 1387 que
229 1339 374 1376 medios
391 1338 523 1375 fossura
541 1340 791 1376 exinanientes
807 1341 845 1377 &
863 1341 994 1378 itinera
1009 1339 1274 1391 perfodiente5‚
1292 1339 1443 1378 dilatant
1460 1339 1568 1390 spatia
1584 1369 1594 1385 ‚
1608 1351 1722 1389 quan‘

137 1404 219 1431 tum
229 1404 353 1432 natura
366 1394 438 1431 loci
448 1396 596 1444 patitur.
627 1395 779 1447 Insuper
788 1405 912 1433 autem
923 1396 1058 1446 stipites
1067 1397 1162 1433 inter
1172 1396 1205 1432 se
1215 1397 1424 1446 religantes,
1438 1398 1508 1447 [g]
1522 1405 1638 1434 metas
1648 1393 1724 1432 effi-

138 1451 265 1496 ciunt,
284 1462 373 1499 quas
383 1450 619 1489 arundinibus
638 1450 886 1490 &stramentis
906 1462 1071 1502 tegentes
1083 1482 1093 1498 ‚
1114 1462 1334 1503 exaggerant
1352 1453 1454 1502 supra
1471 1452 1724 1489 habitationes
1736 1456 1783 1484 Al.
1803 1461 1863 1502 sar.

137 1508 324 1544 maximos
334 1503 396 1551 [h]
406 1518 559 1556 grumos
573 1504 594 1543 ὲ
606 1517 708 1545 terra.
748 1509 802 1545 Ita
812 1508 960 1557 hyemes
972 1507 1203 1546 calidiffimas
1215 1538 1225 1554 ‚
1242 1508 1378 1547 aestates
1388 1505 1635 1557 frigidissimas
1645 1505 1723 1544 effi·
1736 1504 1838 1527 mmm.

139 1563 245 1599 ciunt
254 1562 439 1600 testorum
452 1564 605 1600 ratione.
636 1564 826 1602 Nonnulli
840 1577 882 1602 ex
896 1565 944 1611 [i]
957 1565 1041 1603 ulva
1053 1563 1196 1616 palustri
1206 1573 1447 1615 componunt
1457 1564 1601 1612 tuguria
1613 1562 1719 1602 tecta.

138 1617 254 1667 Apud
266 1628 409 1655 caetcras
420 1632 576 1668 quoque
588 1630 714 1669 gentes
725 1623 763 1658 ὃς
775 1622 956 1659 nonnulla
967 1622 1054 1658 loca
1068 1650 1077 1665 ‚
1087 1622 1163 1671 pari
1175 1620 1355 1668 similique
1367 1621 1510 1656 ratione
1522 1647 1531 1663 ,
1556 1617 1723 1657 casarum

136 1673 379 1722 perficiuntur
397 1674 695 1712 constitutiones.
725 1677 816 1714 Non
837 1680 959 1714 minus
977 1679 1086 1714 etiam
1107 1674 1272 1713 Maffiliae
1290 1675 1580 1712 animadvertere
1600 1673 1726 1724 possu—

137 1740 224 1765 mus
235 1728 307 1765 fine
317 1730 448 1777 tegulis
469 1729 613 1767 subaffih
622 1742 707 1767 cum
724 1732 836 1780 paleis
854 1743 946 1769 terra
964 1732 1068 1769 testa.
1103 1730 1263 1768 Athenis
1282 1729 1473 1779 Areopagi
1495 1730 1725 1778 antiquitatis

137 1784 327 1834 exemplar
335 1785 380 1821 ad
390 1785 463 1822 hoc
475 1787 710 1837 tempusluto
722 1787 868 1825 testum.
895 1789 988 1826 Item
1000 1789 1037 1824 in
1049 1786 1245 1836 Capitolio
1258 1783 1594 1830 commonefacere
1604 1784 1726 1836 potest

1086 1842 1121 1878 C
1158 1856 1180 1879 2
1629 1841 1666 1877 δί
1684 1839 1725 1877 fi-

138 1953 168 1990 d]
186 1953 328 1983 Barbarus:
352 1955 383 1983 Id
394 1956 429 1983 est
442 1978 447 1989 ,
463 1955 594 1985 substratis
605 1958 684 1997 lignis
693 1980 699 1990 ,
711 1968 740 1986 ac
753 1959 845 1987 ordine
853 1959 970 1998 quodam
989 1960 1106 1987 invicem
1116 1959 1256 1988 collocatis
1267 1958 1460 1992 transversario.
1473 1959 1635 1996 diresteque‚
1657 1965 1726 1994 opus

179 1997 311 2023 contineri
329 1994 478 2029 faciebant,
498 2007 525 2024 ur
543 1997 625 2026 luteas
644 1999 734 2038 glebas
746 1999 896 2035 sustineret.
920 2000 971 2029 hoc
983 2001 1009 2028 in
1020 2001 1115 2040 Anglia
1128 2001 1276 2031 cernimus,
1293 2003 1318 2028 ὃς
1336 2009 1401 2028 tunc
1420 2000 1549 2037 temporis
1568 2000 1652 2026 etiam
1669 1997 1728 2025 ficri

180 2034 419 2065 virruwaffinmt.
442 2038 596 2066 Philander:
621 2041 811 2079 lugumentare
822 2042 875 2074 est,
895 2050 956 2069 cum
968 2041 1097 2069 substratis
1109 2041 1216 2081 lingulis
1230 2041 1292 2068 hinc
1313 2049 1391 2078 atque
1402 2040 1462 2068 iude
1475 2038 1592 2067 trabibus
1611 2038 1728 2068 direffis,

179 2075 252 2114 supra
263 2076 450 2105 transversaria:
461 2078 518 2106 alix
529 2078 590 2106 hinc
601 2079 661 2106 inde
672 2080 781 2121 lingula:
792 2082 820 2108 in
828 2081 942 2121 angulis,
953 2082 1051 2114 rudius,
1061 2081 1088 2109 id
1099 2082 1144 2114 est,
1155 2091 1184 2109 ut
1196 2081 1364 2109 intervallum
1381 2080 1489 2120 quidem
1498 2079 1528 2107 fit
1538 2099 1545 2111 ,
1557 2077 1599 2106 sed
1610 2087 1665 2105 non
1674 2077 1728 2104 alta.

180 2115 300 2149 incisura,
311 2118 362 2145 five
373 2128 451 2146 crena
460 2139 466 2148 ‚
477 2121 689 2148 committuntur
699 2123 744 2152 ita,
761 2130 789 2149 ut
799 2125 870 2160 quali
881 2122 949 2150 binae
961 2132 1005 2160 per
1015 2121 1146 2150 diversum
1158 2122 1377 2161 contignationes
1386 2141 1393 2152 ,
1412 2120 1517 2159 angulis
1529 2127 1644 2156 quatuor
1654 2117 1729 2145 fiant.

180 2159 342 2197 lugumenta
351 2158 425 2185 aliter
436 2161 539 2197 accepit
551 2161 590 2186 M.
601 2163 673 2188 Cato
681 2161 712 2190 de
721 2172 750 2190 te
760 2163 861 2191 Rustic.
873 2172 931 2201 cap.
941 2173 1000 2191 x1v.
1024 2163 1088 2189 Villa
1100 2181 1108 2191 ‚
1127 2162 1213 2199 inquit
1226 2182 1233 2194 ‚
1243 2161 1419 2197 fundamenta
1433 2169 1464 2187 ex
1480 2160 1599 2187 carmentis
1614 2155 1647 2190 ὅ
1662 2157 1729 2185 calce

174 2198 254 2235 fi¹?⁷-²
263 2205 360 2225 terram
367 2218 373 2227 ι
392 2198 469 2234 pede;
488 2208 529 2226 Mt
531 2210 583 2227 eros
594 2204 702 2237 parietes
712 2202 828 2230 exlatere
839 2215 845 2234 ς
859 2204 1020 2240 jugumema
1030 2203 1063 2237 (3-
1073 2202 1272 2238 anfepagmenta
1281 2210 1333 2239 qua
1343 2208 1401 2237 opus
1413 2207 1497 2230 erunt,
1508 2209 1539 2227 ex
1547 2198 1629 2236 lapide
1637 2198 1728 2225 indito.

180 2240 343 2278 iugumenta
353 2238 456 2266 videtur
465 2240 615 2279 intelligere
625 2240 821 2278 superliminare
832 2246 854 2270 8.-
866 2242 1032 2281 supercilium
1041 2250 1177 2281 portarurn
1186 2245 1210 2269 δε
1219 2238 1399 2269 fenestrarum.
1410 2241 1491 2268 Dicta
1500 2238 1653 2268 autemhaec
1663 2238 1725 2266 exi-

179 2278 341 2306 stimaverim
362 2277 376 2305 a
386 2279 458 2318 jugis
471 2299 477 2311 ,
490 2289 548 2316 quae
557 2281 702 2308 attestatus
713 2281 856 2309 transversa
867 2282 1087 2321 superponuntur.
1107 2282 1172 2308 Inde
1185 2281 1299 2309 militare
1308 2281 1413 2320 jugum,
1426 2280 1499 2318 quod
1510 2278 1589 2308 fiebat
1600 2301 1608 2312 ,
1627 2277 1729 2307 duabus

180 2317 256 2347 humi
266 2317 358 2346 defixis
371 2319 445 2347 hastis
458 2340 464 2351 ,
482 2321 561 2347 tertia
576 2319 736 2360 superligata
747 2341 753 2353 ,
773 2330 801 2349 ut
820 2322 927 2351 testatur
943 2324 1033 2350 Livius
1046 2322 1145 2349 Decad.
1160 2331 1180 2348 1.
1192 2321 1235 2349 lib.
1251 2331 1274 2356 3.
1297 2323 1331 2349 Et
1343 2331 1405 2360 juga
1417 2321 1442 2348 in
1453 2320 1550 2349 vitibus
1561 2340 1568 2352 ‚
1580 2329 1638 2359 quae
1650 2319 1730 2359 peda-

182 2361 278 2387 mentis
289 2359 384 2398 quibus
398 2361 469 2388 resta
480 2360 527 2387 stat
540 2361 615 2388 vinea
625 2381 631 2391 ,
643 2360 786 2390 transversa
796 2362 932 2401 jugantur;
943 2362 1011 2390 unde
1021 2366 1044 2390 ἃ
1055 2363 1153 2402 jugata:
1164 2363 1245 2390 vineae
1257 2362 1393 2390 dicuntur.

141 2401 175 2435 e]
199 2399 356 2428 Philander:
381 2401 410 2429 ld
422 2401 457 2428 est
469 2421 476 2431 .
496 2400 593 2428 robore
603 2397 734 2429 assulatim
746 2401 825 2431 sesto.
847 2406 912 2431 Sunt
923 2411 1012 2430 autem
1020 2403 1147 2431 scandula:
1159 2403 1263 2431 tabellae
1276 2424 1283 2434 ,
1303 2404 1391 2430 vicem
1407 2401 1559 2441 tegularum
1571 2400 1731 2438 praestantes,

182 2440 276 2479 quibus
289 2443 442 2470 contectam
452 2437 528 2469 fuiffe
539 2444 655 2470 Romam
665 2444 738 2470 anuis
759 2453 774 2474 4
787 2453 802 2475 7
815 2452 843 2470 ο.
859 2452 935 2471 autor
948 2443 983 2471 est
993 2446 1059 2471 Cor.
1069 2445 1159 2481 Nepos
1171 2444 1238 2482 apud
1251 2444 1415 2473 Plin.1.xv1.
1425 2452 1481 2481 cap.
1495 2451 1536 2469 10.
1555 2441 1646 2469 liidor.
1664 2441 1734 2478 Ιὶῐγ-Δ

183 2481 288 2520 molog.
300 2493 308 2509 1
317 2493 344 2509 x.
357 2493 463 2520 cap.19.
483 2483 549 2510 dicit
561 2481 699 2514 scindulas,
713 2492 840 2521 putatque
852 2493 951 2512 nomen
962 2482 1066 2513 sortitas
1077 2484 1092 2512 a
1103 2484 1257 2512 scindendo.

136 2521 174 2560 f]
198 2522 286 2549 Idem:
314 2523 426 2551 Seliidia:
443 2521 490 2551 >⁵³⁷2
499 2521 522 2554 ΞΓ
531 2522 600 2563 χὶξέν
611 2545 617 2555 ,
635 2524 660 2552 id
670 2525 714 2553 cst,
725 2536 739 2551 a
749 2522 925 2558 diffindendo‚
937 2525 988 2553 five
998 2523 1161 2558 dissecando,
1170 2525 1215 2553 hic
1226 2528 1250 2553 Sl-
1261 2524 1279 2553 l.
1291 2534 1345 2553 vri.
1357 2532 1380 2553 c.
1392 2534 1434 2551 ro.
1443 2521 1500 2552 sunt
1514 2521 1580 2561 ligni
1591 2519 1730 2561 fragmen-

185 2571 210 2589 ta
222 2583 228 2593 ,
250 2573 308 2601 qux
318 2564 344 2590 in
356 2574 489 2592 marmore
500 2564 626 2592 dicuntur
637 2562 723 2592 ass'ulae
734 2564 849 2600 ejusdem
858 2565 904 2592 lib.
913 2575 970 2605 cap.
980 2571 1006 2593 6.

139 2604 174 2640 g]
194 2602 350 2631 Philander:
370 2605 445 2632 Meta
457 2625 464 2637 ,
483 2605 577 2632 Graece
592 2607 706 2644 pyramis
719 2626 726 2638 ‚
741 2606 777 2633 est
788 2606 840 2633 ima
850 2615 924 2643 parte
933 2607 1000 2637 lata,
1017 2605 1142 2645 superiori
1159 2606 1277 2645 angusta.
1302 2607 1344 2634 Ita
1363 2605 1459 2633 struem
1477 2603 1520 2630 M.
1531 2603 1603 2630 Cato
1615 2600 1730 2640 appellat

185 2653 241 2682 cap.
254 2654 296 2672 zv.
316 2644 348 2672 de
359 2644 436 2683 liguo
446 2644 588 2673 condendo
598 2645 720 2684 loquens.
737 2647 771 2673 Et
783 2646 917 2674 Columel.
928 2646 974 2674 lib.
985 2656 1020 2674 11.
1030 2656 1140 2685 cap-19.
1153 2647 1185 2674 de
1198 2648 1292 2674 Foeno.
1307 2652 1339 2674 ln
1349 2652 1430 2673 metas
1443 2664 1450 2673 ,
1469 2643 1573 2681 inquit,
1590 2644 1732 2672 conveniet,

184 2683 275 2723 easque
283 2687 311 2712 in
319 2684 505 2722 angusstffimos
514 2687 623 2713 vertites
632 2687 730 2713 exacui.
753 2687 830 2714 Meta
839 2686 938 2715 inversa
948 2687 1035 2715 cidem
1046 2687 1091 2714 lib.
1104 2697 1143 2714 1x.
1157 2696 1251 2725 cap.15.
1261 2686 1307 2719 est,
1321 2683 1457 2723 custaefinodi
1465 2682 1566 2722 qualus,
1573 2692 1623 2721 quo
1633 2684 1727 2710 vinum

184 2724 310 2763 liquatur.
327 2725 495 2753 Plin.lib.11.
508 2736 563 2764 cap.
577 2736 618 2753 io.
630 2735 693 2755 cum
703 2723 807 2754 dixiffet
819 2735 917 2754 metam
927 2748 934 2759 ,
955 2727 978 2755 sc
997 2727 1130 2766 explicans
1148 2726 1303 2765 subjungit,
1320 2725 1456 2754 turbinem
1468 2722 1599 2752 inversum
1610 2743 1618 2749 .
1634 2726 1658 2751 δε
1672 2731 1730 2761 cap.

187 2766 313 2803 proximo
325 2767 463 2798 monstrat,
474 2765 586 2794 turbinis
597 2767 664 2796 resti
673 2767 757 2795 imum
768 2764 820 2795 effe
830 2764 1049 2807 angustissimum,
1061 2777 1161 2795 meram
1172 2777 1235 2795 vcro
1244 2777 1269 2794 ιιι
1279 2765 1424 2794 cacuminis
1435 2763 1515 2792 finem
1523 2763 1649 2792 definere.
1695 2797 1698 2801 .

147 2805 179 2839 h]
198 2805 291 2833 Idem:
311 2807 495 2847 Congessitios
514 2806 629 2846 globos,
648 2807 776 2835 tumulos.
799 2807 929 2846 Alioquin
940 2817 1048 2845 grumus
1060 2808 1186 2835 collcstio
1202 2807 1236 2835 est
1255 2815 1340 2834 terrae.
1362 2804 1496 2834 Columel.
1508 2803 1600 2832 lib.11.
1619 2812 1732 2841 capdo,

191 2846 345 2885 Grumosque
361 2858 422 2886 quos
440 2848 477 2875 ad
484 2848 618 2883 verfiaeram
635 2848 784 2886 plerumque
802 2850 886 2875 trac'lae
897 2842 1003 2884 faliunt
1021 2856 1122 2880 crates,
1140 2846 1322 2885 ds'ffipabimus.
1341 2845 1417 2875 Vnde
1428 2844 1622 2885 Exgruminarc
1632 2844 1730 2873 dicitur

188 2885 263 2913 Varr.
272 2886 318 2914 lib.
329 2897 378 2916 ιιι.
389 2899 412 2917 c.
426 2898 466 2921 ¹4·
489 2898 538 2927 pro
548 2886 562 2916 ὲ
574 2889 678 2928 grumis
688 2888 788 2916 exilire.
811 2890 844 2915 V.
855 2888 926 2915 Cod.
938 2888 1013 2927 legit.
1023 2897 1140 2916 crumos.

149 2924 178 2959 i]
198 2924 294 2953 Idem*
305 2928 387 2967 Qod
404 2929 463 2970 alga
473 2929 510 2958 est
521 2930 604 2962 mari,
621 2928 646 2958 id
655 2928 744 2968 paludi
753 2924 807 2958 effe
817 2928 906 2958 ulvam
918 2927 999 2958 visum
1009 2929 1044 2958 est
1054 2929 1147 2958 Servio
1156 2928 1254 2957 Mauro
1263 2948 1271 2962 ,
1286 2926 1390 2958 AEneid.
1398 2926 1446 2956 lib.
1454 2936 1494 2956 vr.
1602 2967 1630 3001 ι]
1640 2962 1669 2992 Id
1690 2962 1697 2965 μ

1611 2978 1616 2982 ”
1671 2971 1732 2992 em:
