2023 3162
326 135 344 163 s
682 119 1535 159 DESIGNIFICATloNE

315 196 453 232 Gtaecis
464 191 584 241 α’γκών
597 193 741 230 dicitur.
772 188 926 232 Baldus:
950 199 1022 225 nos
1032 185 1210 225 mensulas
1223 199 1332 226 more
1341 188 1470 232 veteri,
1481 188 1542 227 vel
1559 192 1758 229 recentiori
1784 201 1898 228 voca-

316 251 408 289 bulo
425 249 577 287 cartclLis
590 279 600 295 ‚
621 244 828 296 cartociosve
839 245 1011 282 dicimus.

374 307 413 344 A
425 320 448 343 Ν
459 318 486 343 D
499 321 518 343 κ
531 320 556 343 O
570 319 593 340 N
607 318 624 340 E
640 317 666 340 s.
697 302 780 339 Lib.
793 313 835 339 v1
846 330 854 337 .
874 313 907 337 c.
925 313 984 338 10.
1017 306 1115 336 Inter
1133 296 1197 335 haec
1215 306 1330 334 autem
1346 296 1493 351 epistylia
1513 296 1555 343 ά
1566 297 1754 352 hospitalia,
1776 304 1899 341 itinera

307 360 484 415 fiamque
493 358 647 411 mcfimlae
656 354 924 408 dicuntur,quod
931 356 1023 392 inter
1033 353 1118 391 duas
1128 353 1224 391 aulas
1233 351 1419 405 mediasz'nt
1429 355 1634 406 interposita.
1652 357 1775 407 Rostri
1784 369 1899 396 autem

315 431 373 455 ειις
384 414 564 455 Andronas
573 414 750 466 appellant.
782 412 851 449 Sed
857 409 916 448 hoc
925 409 1028 448 valde
1039 413 1089 447 essi
1098 408 1298 448 mirandum
1311 439 1322 455 ‚
1339 423 1398 446 nec
1410 410 1500 446 enim
1511 416 1622 448 Graece
1636 425 1694 449 nec
1714 417 1836 452 Latine
1837 427 1900 468 po-

316 475 382 510 tesi
392 471 429 509 id
448 482 643 508 convenire.
676 470 781 506 Graecz'
799 470 891 505 enim
913 464 1080 515 oivo'poivoie
1091 465 1254 519 appellant
1275 479 1351 503 aecos
1363 493 1371 506 ,
1391 463 1449 502 ubi·
1467 467 1635 503 convivia
1653 467 1776 505 virilia
1782 469 1899 519 solent

316 528 378 580 effe
390 557 400 573 ‚
418 524 506 579 quod
515 539 549 562 eo
559 524 721 562 mulieres
734 538 801 561 non
810 522 978 561 accedant.
1008 522 1174 560 Philand.
1198 523 1411 562 Andronas‚
1435 523 1565 570 inquit.
1579 524 1766 575 appellant
1776 526 1900 566 itinera

317 586 410 620 inter
421 584 529 621 aulas,
544 581 654 624 idest,
667 583 765 620 atria,
784 593 871 618 cum
885 581 1024 617 Graecis
1036 581 1179 616 andron
1189 579 1295 615 locus
1305 577 1345 615 fit
1357 579 1538 615 domicilii
1550 578 1783 629 longitudine
1793 592 1900 631 angu.

319 639 406 675 stior
419 668 429 683 ‚
447 640 484 674 in
497 650 576 687 quo
588 638 654 674 viri
673 637 823 686 plurimi
834 637 1089 679 morabantur,
1100 645 1232 672 autore
1243 636 1357 673 Sexto
1375 635 1571 684 Pompeio.
1600 634 1818 673 Secundum
1837 639 1901 676 Vi-

318 696 488 732 truvium
500 704 625 731 autem
637 694 747 730 Occi,
766 692 830 729 ubi
841 693 957 730 virilia
969 693 1143 730 convivia
1154 690 1254 728 fiunt.
1268 690 1364 728 Vide
1375 690 1527 727 Suidam
1538 693 1575 728 ὃς
1587 691 1782 730 Pollucem
1794 690 1855 728 lib.
1869 705 1883 729 1
1892 721 1901 730 .

318 761 399 800 cap.
417 758 448 787 8.
481 751 577 787 Nam
589 749 750 786 &virilia
772 749 948 787 convivia
965 747 1145 784 andronas
1157 747 1231 783 dici
1252 749 1300 783 ait
1319 746 1558 784 Hermolaus.
1589 747 1705 797 Apud
1724 746 1904 785 Aristote-

318 806 394 842 lem
407 805 559 855 quidem
571 815 669 842 certe
681 805 827 840 Politic.
841 804 900 841 lib.
920 816 933 839 1
947 815 976 839 1.
992 805 1148 852 legimus
1158 803 1339 839 Solennes
1351 804 1494 853 epulas,
1519 804 1705 848 convivia,
1718 801 1738 838 ὲ
1751 802 1906 841 Creten-

318 861 416 899 sibus
427 863 591 912 primum
604 890 614 905 ‚
636 859 768 897 deinde
780 859 800 895 a
820 859 1108 897 Lacedemoniis
1131 859 1254 895 andria
1274 869 1408 896 vocata
1419 887 1429 902 ‚
1455 870 1537 907 quae
1551 858 1677 907 postea
1696 859 1734 896 hi
1744 857 1906 908 phidicia

318 919 633 968 nuncupaverint.
666 916 829 952 Patavini
842 915 954 952 hodie
970 915 1164 951 arctiorem
1176 914 1384 951 andronem
1395 915 1604 951 nominant.
1635 914 1738 951 Bald.
1752 914 1907 952 Andro.

317 984 383 1010 nas
393 974 531 1009 etenim
543 972 702 1008 dicimus
714 971 861 1019 angusta
872 971 933 1006 illa
945 971 981 1006 in
1001 969 1150 1007 urbibus
1161 971 1301 1010 itinera,
1318 983 1397 1019 quae
1409 969 1542 1006 Latine
1552 972 1766 1020 angiportus
1784 972 1907 1022 appel-

315 1028 446 1065 lantur.
460 1028 597 1066 Eadem
609 1027 752 1075 origine
764 1054 773 1070 ‚
785 1026 922 1062 eodem
935 1026 1067 1075 capite,
1081 1024 1332 1063 andronitides
1344 1026 1515 1062 dicuntur
1526 1025 1724 1075 Peristylia,
1740 1038 1788 1063 eo
1799 1027 1907 1075 quod

320 1084 490 1130 (ntidem
502 1095 562 1119 me
584 1082 776 1121 Vitruvius
788 1081 916 1132 docet)
938 1083 978 1118 in
997 1082 1040 1117 iis
1053 1081 1121 1119 viri
1138 1079 1212 1118 sine
1235 1079 1592 1134 interpellationibus
1611 1082 1807 1119 mulierum
1825 1095 1908 1120 ver-

318 1140 494 1175 sarentur.
1362 1181 1365 1184 ι

373 1194 410 1231 A
421 1207 445 1230 Ν
458 1205 480 1231 G
497 1208 506 1231 1
521 1205 539 1230 P
550 1207 573 1230 o
586 1206 607 1229 R
615 1205 640 1230 T
652 1205 674 1231 v
688 1206 715 1229 s.
746 1192 829 1230 Lib.
838 1205 852 1228 1
862 1222 869 1229 .
882 1204 961 1244 cap.
975 1198 996 1230 6
1005 1221 1012 1228 .
1041 1196 1130 1228 Tum
1135 1201 1200 1244 per
1207 1188 1347 1243 angulos
1357 1191 1451 1227 inter
1461 1190 1546 1228 duas
1555 1201 1745 1228 ventorum
1755 1192 1908 1246 regiones

319 1247 563 1300 &platearum
574 1243 618 1287 ὼ
630 1243 886 1301 angiportorum
897 1278 906 1293 ‚
925 1245 1096 1283 videntur
1104 1244 1222 1283 debere
1230 1246 1338 1299 dirigi
1355 1244 1605 1299 destriptlones.
1636 1248 1799 1285 Pliiland.
1828 1250 1909 1287 Pla-

319 1315 385 1341 tea:
397 1304 479 1342 sunt
490 1306 558 1343 viae
568 1306 729 1349 latiores,
740 1305 923 1355 angiporti
935 1316 1026 1341 vero
1035 1304 1206 1340 arffiores
1217 1304 1254 1340 ὃς
1266 1302 1502 1352 angustiores,
1515 1315 1619 1352 quas,
1631 1303 1695 1339 nisi
1710 1304 1830 1343 fallor,
1848 1318 1907 1342 ex-

318 1358 442 1410 pressit
453 1360 502 1396 A.
518 1360 659 1397 Hirtius
671 1390 681 1405 ‚
694 1360 765 1398 five
783 1361 811 1396 is
824 1359 874 1398 cst
885 1361 1048 1410 Oppius,
1065 1360 1127 1397 lib.
1143 1359 1188 1395 de
1199 1358 1287 1394 Bell.
1309 1358 1508 1396 Alexandr.
1522 1359 1576 1395 his
1596 1360 1733 1395 verbis:
1757 1358 1908 1396 omnibus

317 1417 388 1452 viis
409 1424 511 1467 atque
526 1417 711 1469 angiportis
729 1414 863 1452 vallum
881 1413 1107 1452 obdaxerant.
1142 1415 1385 1452 Vocabulum
1404 1417 1561 1464 antiquis
1580 1414 1677 1451 haud
1695 1415 1908 1465 infrequens

318 1471 402 1508 Cic.
415 1472 520 1509 Vert.
531 1485 566 1517 4.
600 1477 644 1509 Vt
654 1468 807 1508 omnibus
817 1472 854 1507 in
874 1472 1060 1524 angiportis
1073 1468 1236 1524 praea'onis
1253 1469 1614 1523 irnprobtfflmtslatuae
1628 1482 1815 1523 ponantur.
1845 1474 1909 1511 De

317 1536 448 1576 etymo
462 1527 580 1565 Festus
591 1526 837 1581 3²Angiportus‚
848 1530 914 1565 iter
924 1526 1212 1580 compendiariam
1222 1528 1261 1564 in
1269 1525 1397 1580 oppido,
1417 1540 1452 1563 eo
1465 1524 1600 1580 quodstt
1610 1526 1909 1580 angustiosportm,

319 1581 359 1618 id
367 1583 427 1621 eff,
439 1580 552 1619 aditus
560 1585 599 1619 in
605 1593 757 1637 portum.
787 1584 892 1623 Varr.
910 1586 948 1621 in
960 1584 1064 1634 Orig.
1081 1585 1342 1637 &Angiportum
1362 1578 1406 1621 ὠ
1427 1583 1467 1620 id
1483 1582 1665 1636 angustum
1677 1609 1685 1621 ‚
1706 1581 1746 1619 ab
1756 1584 1910 1636 augendo

321 1630 487 1690 &porm-
520 1640 696 1677 Donatus
715 1651 805 1677 vero
817 1641 855 1677 in
877 1640 1078 1691 Adelphis:
1101 1640 1350 1691 Angiportus‚
1362 1639 1401 1677 id
1410 1639 1476 1687 est,
1493 1639 1817 1690 angusta&curva
1836 1642 1906 1680 via,

322 1692 421 1742 quasi
432 1696 687 1745 anguiportus‚
699 1706 740 1733 ut
750 1696 888 1745 angitia
899 1726 909 1742 ‚
929 1696 1104 1747 angustia.

380 1749 418 1785 A
429 1761 456 1787 N
472 1764 482 1788 1
499 1765 521 1788 A
531 1763 557 1788 T
567 1763 591 1790 R
601 1763 627 1789 o
641 1766 660 1788 L
672 1765 695 1788 o
708 1763 732 1788 G
749 1766 759 1789 1
776 1766 797 1789 c
809 1763 835 1789 o
845 1764 872 1789 s.
885 1753 969 1790 Lib.
981 1766 993 1789 1
1006 1781 1013 1789 .
1028 1765 1106 1803 cap.
1123 1765 1137 1789 1
1148 1781 1156 1788 .
1185 1757 1256 1789 Nec
1266 1749 1374 1790 denuo
1383 1751 1543 1790 Medicus
1554 1762 1594 1789 ut
1603 1754 1817 1805 Hippocrates
1831 1748 1909 1801 ,βτί

324 1817 390 1839 non
401 1806 652 1860 aniatrologicos
660 1820 670 1842 .·
683 1808 851 1845 Philand.
863 1806 951 1846 alifis
962 1807 1223 1860 aniatrologettos
1233 1808 1411 1846 scribitur.
1433 1807 1655 1858 Utrumque
1666 1819 1756 1846 vero
1766 1806 1906 1843 dietum

323 1871 393 1908 pro
405 1860 672 1912 usquequaque
684 1863 886 1901 Medicinae
905 1866 1060 1914 experti.

379 1914 416 1950 A
428 1927 454 1952 N
469 1929 480 1951 1
492 1928 507 1952 s
520 1929 546 1953 o
559 1931 579 1953 c
593 1930 615 1952 Y
627 1928 648 1953 c
663 1931 682 1954 1.
693 1930 727 1953 Α.
758 1918 840 1956 Lib.
854 1931 913 1956 10.
928 1931 1007 1971 cap.
1020 1932 1050 1956 1.
1084 1926 1221 1971 Organa
1238 1929 1353 1956 autem
1370 1918 1473 1955 unius
1491 1928 1591 1969 operae
1605 1914 1770 1968 prudenti
1786 1916 1905 1952 tracen

315 1968 517 2020 perficiunt,
529 1969 826 2021 quodpropcfitum
835 1976 897 2017 eft‘,
906 1984 959 2009 im
969 1975 1159 2023 Scorpionis
1165 1972 1231 2024 seu
1241 1971 1497 2023 anficyclorum
1507 1969 1727 2023 verstztioncs.
1756 1971 1903 2008 Baldus.

323 2025 520 2062 Turnebus
530 2024 591 2061 lib.
609 2035 622 2061 1
630 2039 663 2062 x.
678 2037 755 2075 cap.
775 2038 836 2063 20.
846 2026 1059 2077 suspicatur,
1068 2040 1197 2078 organa
1197 2025 1317 2076 sitisse,
1328 2026 1452 2063 multos
1462 2023 1552 2064 orbes
1562 2023 1731 2065 habentia,
1744 2025 1907 2079 quosdam

321 2079 466 2126 majores
477 2106 484 2119 ,
505 2077 663 2132 quosdam
673 2081 818 2117 minores
832 2111 842 2126 ‚
863 2090 902 2117 ut
916 2080 1015 2131 facili
1024 2079 1099 2132 nisti
1111 2110 1122 2126 ‚
1143 2084 1311 2131 majorum
1329 2080 1526 2133 imputssone
1543 2081 1671 2133 reliqui
1686 2079 1778 2118 orbes
1788 2094 1907 2119 move-

321 2143 447 2170 rentur
457 2161 468 2177 ,
489 2135 531 2179 &
541 2134 667 2172 molitio
677 2134 820 2185 alicujus
829 2137 879 2173 rei
878 2136 982 2186 fieret
992 2147 1052 2173 aut
1061 2135 1220 2188 expulsio.
1250 2137 1430 2174 Budaeum
1442 2139 1546 2183 hujus
1557 2136 1673 2174 sensus
1684 2136 1771 2174 facit
1781 2138 1907 2175 audio-

321 2202 399 2227 rcm
412 2220 422 2235 ‚
442 2203 603 2240 quorum
615 2193 791 2241 opinioni
811 2204 856 2229 ne
866 2192 950 2228 dem
969 2204 1126 2229 manum
1140 2220 1150 2236 ,
1170 2191 1258 2230 facit
1269 2219 1277 2233 ‚
1300 2193 1405 2242 quod
1415 2189 1478 2229 hic
1490 2193 1534 2229 de
1545 2205 1691 2242 organo
1706 2194 1906 2234 ,Vitruvius

323 2248 398 2294 agit
410 2275 418 2289 ,
437 2258 515 2283 non
525 2247 569 2283 de
581 2247 762 2284 machina.
792 2246 970 2284 Barbarus
990 2247 1036 2284 ad
1046 2247 1206 2284 helicam
1219 2276 1229 2292 ‚
1249 2248 1496 2286 cochleamve
1509 2278 1518 2292 ‚
1537 2261 1652 2298 quam
1664 2247 1843 2286 nostrates
1855 2250 1906 2286 vi-

322 2311 399 2337 tem
410 2303 592 2351 appellant
604 2332 613 2346 ‚
631 2302 710 2339 haec
721 2304 929 2352 anisocycla
940 2303 1060 2340 refert.
1091 2303 1208 2349 Cujus
1218 2305 1350 2353 opinio
1361 2316 1439 2340 non
1450 2305 1654 2355 displiceret
1664 2305 1703 2340 ni
1714 2303 1905 2343 Vitruvius

320 2356 394 2406 ipse
404 2358 494 2393 inter
509 2358 697 2396 machinas
711 2385 718 2398 ‚
739 2360 983 2396 torcularium
994 2359 1094 2409 prela
1108 2388 1117 2403 ‚
1128 2360 1348 2396 collocaret.
1380 2360 1482 2415 Qid
1492 2359 1515 2397 si
1527 2359 1824 2396 deinstrumento
1836 2361 1904 2397 illo

321 2412 542 2449 intellexerit
556 2442 565 2457 ‚
584 2416 685 2459 cujus
702 2412 904 2452 versatione
926 2416 1153 2464 Scorpiones
1172 2414 1231 2452 seu
1253 2415 1505 2453 manubalistae
1522 2415 1904 2464 intenduntut?quod

320 2467 435 2504 nostri
446 2470 680 2505 molincllum
690 2469 819 2507 dicunt
832 2485 838 2506 :
861 2469 1067 2518 anisocycla
1079 2482 1170 2507 vero
1182 2469 1228 2507 ad
1240 2482 1283 2507 ea
1294 2470 1487 2508 manubria
1499 2472 1674 2515 retulerit,
1687 2483 1766 2519 quae
1779 2471 1823 2506 ad
1835 2472 1903 2506 cir-

322 2525 397 2559 culi
408 2524 560 2573 quidem
572 2552 581 2567 ‚
600 2524 659 2560 scd
670 2525 876 2573 imperfce‘ti
886 2526 1046 2563 modum
1057 2527 1190 2562 inflexa
1204 2552 1211 2564 ‚
1224 2527 1314 2563 rotis
1326 2526 1394 2562 illis
1405 2519 1555 2575 lapideis
1566 2536 1737 2576 aptantur
1748 2555 1757 2571 ‚
1768 2525 1900 2574 quibus

320 2579 424 2628 pedis
435 2577 620 2629 prcssione
639 2578 784 2617 versatis
798 2607 806 2620 ‚
830 2582 940 2629 gladii
952 2583 1156 2619 acuuntur?
1175 2578 1468 2618 Dan.Barbarus:
1491 2581 1717 2629 Anisocycla
1734 2581 1901 2629 intelligo

1201 2636 1375 2673 cochleas
1387 2666 1397 2681 ‚
1424 2649 1513 2686 quas
1532 2649 1602 2674 nos
1620 2635 1723 2672 vidos
1742 2636 1898 2686 appella-

1200 2704 1296 2736 mus,
1306 2692 1473 2729 constant
1483 2695 1583 2729 enim
1596 2704 1639 2728 ex
1651 2692 1794 2727 circulis
1805 2702 1900 2727 con-

1202 2748 1311 2784 tinuis
1323 2774 1332 2787 ‚
1352 2748 1512 2797 ideoque
1522 2747 1760 2795 inaequalibus
1774 2774 1784 2789 ‚
1802 2746 1898 2783 unde

1203 2815 1347 2840 nomen
1366 2803 1566 2841 deduecum
1583 2802 1632 2839 est
1652 2830 1662 2845 ‚
1691 2812 1779 2836 cum
1797 2804 1898 2838 enim

1204 2858 1429 2908 Scorpiones
1446 2858 1666 2900 tenduntur,
1685 2856 1764 2892 solo
1783 2869 1898 2907 opere

1205 2914 1501 2962 anisocyclorum
1527 2912 1736 2950 tenduntur.
1768 2912 1899 2948 Aniso-

320 2964 423 3012 cycla
433 2964 572 3004 faciunt
582 2969 782 3007 muliebres
793 2970 914 3020 capilli
925 2980 1013 3008 cum
1032 2980 1337 3020 contorquentur,
1343 2969 1438 3007 unde
1449 2971 1561 3008 etiam
1570 2967 1773 3016 anisocycla
1783 2966 1897 3004 fei-tea

1782 3021 1896 3061 confi-
