2023 3162
9 3067 18 3162 ιρι-ψ
8 2932 16 3058 mm...
6 2831 12 2928 vm*
8 2808 10 2825 -

558 72 635 97 DE
691 59 1040 115 B1CTV1³.A
1097 57 1294 97 L113.1.
1709 71 1730 103 7

134 135 229 174 dum
242 163 251 179 ‚
266 144 346 183 quae
358 141 498 182 quanta
509 131 562 171 sit,
576 130 663 168 hinc
674 130 890 180 intelligitur
900 158 910 174 ,
923 129 1028 178 quod
1040 129 1179 166 lumine
1188 139 1369 180 pereunte
1378 157 1387 173 ,
1404 130 1550 169 colores
1561 132 1625 182 ipsi
1636 145 1732 182 quo-

132 203 208 241 que
219 187 517 227 obscurescendo
530 186 658 225 sensim
670 197 837 237 pereunt.
869 185 1142 235 Redeunteque
1153 186 1239 224 luce
1250 215 1260 231 ‚
1273 199 1347 224 una
1360 188 1397 223 δε
1411 185 1477 236 ipsi
1488 199 1576 224 cum
1592 190 1730 228 viribus

133 247 322 284 luminum
344 246 494 282 colores
514 244 613 282 cons
608 244 734 294 pcstui
745 242 997 280 restaurantur.
1034 243 1128 295 Qae
1138 254 1194 279 res
1215 245 1365 280 cumita
1382 241 1444 287 fit,
1462 243 1665 282 videndum
1678 246 1731 282 est

132 314 225 351 ergo
237 302 282 338 de
296 301 490 339 coloribus
509 301 634 350 primo
647 313 654 335 :
676 299 812 336 dehine
822 298 1119 348 investigabimus
1131 299 1280 337 colores
1294 324 1302 339 ‚
1323 298 1653 348 quemadmodum
1665 301 1685 337 s
1680 301 1732 338 ub

132 358 335 396 luminibus
357 358 554 394 varientur.
591 354 736 391 Mill'am
756 353 933 392 faciamus
948 355 1050 391 illam
1067 354 1386 406 Philosophorum
1404 354 1732 405 disceptationem,

133 423 206 463 qua
218 415 327 463 primi
339 423 442 451 ortus
457 413 632 449 colorum
644 411 918 460 investigantur.
950 412 1052 447 Nam
1064 412 1155 460 quid
1168 413 1269 459 juvat
1279 411 1462 461 pictorem
1481 411 1620 450 novisse
1632 424 1734 461 quo-

132 481 221 507 nam
233 470 341 520 pasto
352 480 395 506 ex
405 469 523 505 rari&
536 466 648 511 denfi,
659 478 720 504 aut
732 479 775 503 cx
787 467 907 506 calidi,
925 466 962 503 &
972 466 1057 504 sicci
1070 493 1079 508 ‚
1103 467 1240 517 frigidi,
1252 467 1474 516 humidique
1486 467 1735 518 permistioni-

133 519 202 562 bus
223 526 334 563 color
343 526 464 561 extet?
487 525 627 573 Neque
648 533 771 560 tamen
784 535 849 560 eos
867 521 1174 573 philosophantes
1195 523 1366 574 aspernor
1378 550 1386 563 ‚
1408 525 1473 573 qui
1483 524 1528 561 de
1540 524 1734 561 coloribus

133 582 184 618 ita
196 580 381 632 disputant
393 609 401 623 ,
422 590 464 616 ut
483 579 618 629 species
640 580 821 616 colorum
842 578 911 615 effe
930 590 1092 616 numero
1114 577 1254 629 septem
1275 579 1432 617 statuant
1442 608 1452 623 ‚
1476 581 1603 617 album
1625 591 1736 629 atque

132 639 296 687 nigrum,
307 636 387 673 duo
399 637 576 672 colorum
590 645 765 672 extrema.
786 635 915 672 Vnum
926 635 1082 683 quidem
1103 635 1367 673 intermedium
1381 665 1392 680 ‚
1412 646 1493 672 tum
1511 638 1603 673 inter
1613 636 1735 685 quod-

134 704 210 741 que
229 686 441 744 extremum
459 701 569 739 atque
590 691 707 740 ipsum
727 690 894 726 medium
913 690 1025 727 binos
1037 718 1047 734 ‚
1067 690 1172 738 quod
1183 692 1272 728 alter
1283 693 1366 742 plus
1378 692 1495 728 altero
1505 692 1551 729 de
1564 702 1734 730 extremo

132 748 244 798 sapiat
257 777 266 792 2
278 746 378 797 quafi
388 747 433 783 de
444 748 562 784 limite
573 747 820 795 ambigentes,
831 745 1038 782 collocant.
1068 746 1254 783 Pictorem
1266 747 1348 784 sane
1367 746 1505 786 novisse
1516 747 1565 785 sat
1576 749 1625 785 est
1637 778 1645 792 ‚
1669 750 1735 797 qui

133 803 201 841 siut
214 805 364 841 colores
377 828 385 842 ‚
410 805 448 840 ὃς
459 802 592 851 quibus
603 803 640 837 in
658 802 796 851 pietura
806 800 929 837 modis
948 801 1076 838 iisdem
1086 801 1271 838 utendum
1288 802 1341 839 fit.
1374 803 1509 840 Nolim
1519 803 1539 839 a
1555 806 1735 853 peritiori-

133 859 202 896 bus
215 861 403 908 redargui,
418 859 482 908 qui
493 858 583 894 dum
594 856 842 907 philosophos
851 855 1032 894 seE'rantur
1045 886 1055 902 ,
1075 856 1172 893 duos
1184 866 1331 894 tantum
1343 858 1412 894 ess'e
1422 860 1458 894 in
1471 871 1595 896 rerum
1605 871 1736 897 natura

132 917 297 965 integros
312 916 459 952 colores
471 911 631 951 afferunt
644 939 652 953 ‚
677 914 806 950 album
818 912 856 949 &
868 915 1016 961 nigrum
1031 937 1038 951 ‚
1061 923 1216 950 caeteros
1229 923 1352 951 autem
1364 925 1501 951 omnes
1514 927 1557 951 ex
1570 915 1735 953 duorum

131 971 370 1023 permistione
380 970 535 1007 istorum
546 971 645 1006 oriri.
677 969 761 1019 Ego
773 968 939 1018 quidem,
955 979 997 1005 ut
1007 968 1128 1019 piCtor
1139 998 1148 1012 ‚
1167 968 1212 1005 de
1224 971 1418 1007 coloribus
1429 972 1478 1008 ita
1489 970 1605 1008 sentio
1618 1000 1627 1014 ‚
1654 983 1737 1021 per-

131 1026 369 1064 mistionibus
382 1026 560 1063 colorum
581 1027 672 1062 alios
682 1027 772 1062 oriri
792 1025 942 1062 colores
961 1036 1056 1075 pene
1074 1024 1252 1062 infinitos.
1283 1026 1356 1063 Sed
1366 1026 1434 1062 effe
1455 1026 1554 1076 apud
1574 1027 1736 1076 pititores

132 1084 312 1120 colorum
324 1094 409 1120 vera
420 1093 566 1131 genera,
580 1093 649 1132 pro
660 1093 824 1118 numero
835 1081 1114 1119 elementorum
1128 1107 1135 1120 ‚
1160 1091 1340 1130 quatuor,
1366 1094 1410 1118 ex
1421 1083 1554 1131 quibus
1567 1083 1733 1131 plurimae
1746 1094 1865 1122 Colorum

132 1137 268 1189 species
280 1139 497 1175 educantur.
528 1138 706 1186 Namque
717 1137 765 1174 est
775 1139 905 1186 igneus
915 1162 923 1176 ‚
946 1147 986 1173 ut
996 1138 1045 1174 ira
1056 1137 1205 1186 loquar,
1218 1138 1327 1174 color
1338 1167 1347 1182 ‚
1368 1150 1486 1187 quem
1497 1137 1657 1176 rubeum
1667 1145 1836 1175 vo-gc’mra

133 1204 228 1231 cant.
260 1194 367 1239 Tum
380 1194 416 1231 δέ
428 1195 534 1231 aeris.
558 1193 879 1242 quicoelestis,1³eu
891 1192 1012 1230 caesius
1024 1192 1178 1230 dicitur:
1198 1205 1313 1242 aquae,
1324 1196 1434 1231 color
1451 1194 1585 1231 viridis.
1616 1195 1736 1232 Terra
1746 1184 1865 1215 quatuor.

131 1262 225 1288 vero
246 1252 440 1287 cinereum
462 1251 634 1287 colorem
655 1249 775 1286 habet.
807 1249 975 1286 Caeteros
993 1260 1130 1286 omnes
1148 1250 1297 1287 colores
1306 1250 1422 1288 veluti
1433 1249 1563 1300 diaspri
1586 1252 1624 1288 ὃς
1645 1263 1738 1301 por-

132 1305 250 1355 phyrii
268 1306 399 1356 lapidis
411 1318 455 1342 ex
474 1306 722 1356 permixtione
732 1305 850 1342 fafitos
870 1305 1048 1342 videmus.
1080 1305 1227 1342 Genera
1245 1317 1337 1355 ergo
1357 1308 1534 1343 colorum
1552 1317 1734 1355 quatuor,

133 1373 297 1411 quorum
308 1360 387 1398 sunt
395 1373 465 1411 pro
477 1363 595 1399 albi&
610 1363 703 1411 nigri
716 1361 947 1398 admixtione
957 1361 1095 1411 species
1106 1361 1318 1399 admodum
1329 1361 1736 1400 innumerabiles.Nam

131 1418 303 1454 videmus
316 1417 465 1454 frondes
483 1419 642 1455 virentes
656 1417 826 1468 gradibus
849 1415 1011 1454 deserere
1022 1416 1265 1458 viriditatem,
1287 1418 1412 1468 quoad
1424 1416 1596 1455 albescat.
1628 1418 1669 1454 Id
1682 1420 1734 1468 ip-

133 1472 212 1510 sum
221 1472 389 1510 videmus
402 1474 439 1509 in
452 1474 531 1524 ipso
543 1476 630 1511 aere
641 1503 650 1519 ‚
665 1484 705 1511 ut
716 1475 814 1510 circa
825 1473 1068 1510 horizontem
1080 1475 1289 1524 plerunque
1309 1475 1455 1512 albente
1466 1485 1607 1523 vapore
1626 1472 1738 1512 suffu-

132 1528 190 1566 sus
205 1558 214 1573 ,
236 1528 363 1566 sensim
373 1530 418 1566 ad
429 1532 623 1580 proprium
635 1531 810 1567 colorem
820 1528 955 1566 redeat.
987 1530 1092 1566 Tum
1104 1531 1141 1567 ὃς
1152 1531 1190 1566 in
1201 1528 1289 1566 rofis
1301 1530 1376 1566 hoe
1386 1530 1557 1568 videmus
1569 1555 1578 1568 ‚
1605 1539 1647 1567 ut
1656 1531 1734 1568 alia:

132 1586 281 1635 plenam
300 1588 337 1622 ὅ(
357 1586 543 1623 incensam
562 1598 784 1636 purpuram,
808 1586 882 1623 aliae
893 1597 1006 1634 genas
1015 1586 1195 1635 virgineas
1209 1615 1218 1629 ,
1240 1586 1320 1623 aliae
1330 1586 1531 1624 candidum
1550 1585 1641 1622 ebur
1652 1587 1736 1623 imi-

132 1651 270 1678 rentur.
302 1643 426 1678 Terrae
437 1654 593 1691 quoque
607 1644 726 1681 color,
745 1641 866 1679 albi&
878 1643 974 1690 nigri
987 1641 1217 1679 admixtione
1229 1670 1238 1685 ‚
1249 1640 1324 1679 suas
1335 1641 1470 1692 species
1483 1641 1608 1679 habet.
1641 1643 1737 1679 Non

133 1698 242 1746 igitur
253 1696 324 1734 albi
335 1699 537 1747 permixtio
548 1711 663 1747 genus
675 1698 849 1735 colorum
862 1699 1048 1737 immutat,
1064 1696 1122 1733 sed
1133 1697 1270 1748 species
1282 1697 1370 1748 ipsas
1384 1707 1497 1735 creat:
1510 1699 1569 1734 cui
1581 1698 1735 1747 quidem

132 1752 358 1804 persimilem
377 1754 452 1790 vim
472 1757 575 1803 niger
586 1755 695 1791 color
705 1753 826 1791 habet.
859 1754 960 1791 Nam
981 1754 1074 1803 nigri
1087 1753 1319 1791 admixtione
1332 1755 1455 1791 multae
1468 1755 1645 1791 colorum
1655 1753 1735 1804 spe-

134 1809 208 1844 cies
220 1810 409 1856 oriuntur3
423 1811 528 1857 quod
540 1810 695 1859 quidem
708 1809 862 1860 pulchre
873 1822 917 1846 ex
929 1810 1075 1853 umbra,
1087 1822 1159 1858 qua
1170 1808 1243 1859 ipse
1257 1811 1367 1846 color
1377 1809 1538 1860 patebat,
1552 1810 1735 1847 alteratur.

131 1864 327 1913 Siquidem
341 1864 527 1903 crescente
539 1867 672 1903 umbra
686 1867 825 1903 coloris
836 1891 845 1905 ,
874 1866 1015 1903 claritas
1029 1868 1066 1903 δε
1078 1865 1214 1902 albedo
1232 1864 1370 1902 deficit.
1403 1867 1569 1902 Lumine
1581 1876 1669 1902 vero
1683 1867 1737 1901 in-

132 1920 318 1968 surgente,
340 1921 504 1958 clarescit
517 1924 553 1958 &
566 1921 607 1958 fit
619 1922 826 1959 candidior.
863 1922 962 1971 Ergo
980 1922 1112 1971 pieton
1123 1920 1212 1958 satis.
1224 1920 1430 1971 persuaderi
1441 1920 1561 1971 potest
1576 1950 1584 1964 ‚
1610 1920 1738 1959 album

134 1977 170 2012 &
185 1977 333 2023 nigrum
346 1978 503 2014 minime
514 1977 582 2014 effe
594 1989 716 2021 veros,
729 1977 788 2013 sed
799 1978 988 2016 colorum,
1003 1987 1044 2014 ut
1056 1978 1105 2013 ita
1117 1977 1526 2015 dixerim‚-altei·atores.
1541 1977 1738 2026 Siquidem

134 2030 225 2066 nihil
235 2033 379 2069 invenit
389 2033 509 2082 pietor
520 2045 599 2082 quo
621 2034 799 2070 ultimum
811 2034 960 2069 luminis
973 2032 1177 2070 candorem
1190 2032 1323 2070 referat
1336 2062 1345 2076 ‚
1366 2043 1494 2084 praeter
1506 2033 1633 2069 album
1646 2061 1655 2076 ‚
1679 2032 1737 2068 so-

134 2088 290 2135 lumque
300 2087 467 2135 nigrum,
492 2101 571 2136 quo
584 2089 729 2126 ultimas
745 2088 915 2126 tenebras
926 2088 1167 2125 demonstret.
1199 2088 1311 2125 Adde
1322 2088 1377 2125 his
1391 2117 1400 2132 ,
1417 2087 1523 2137 quod
1534 2087 1661 2125 album
1673 2098 1735 2124 aut

134 2143 282 2190 nigrum
294 2142 470 2190 nusquam
481 2143 658 2187 invenies,
668 2144 776 2191 quod
787 2144 905 2192 ipsum
916 2155 993 2179 non
1005 2143 1066 2180 sub
1081 2144 1209 2192 aliquo
1219 2155 1354 2191 genere
1365 2145 1541 2180 colorum
1554 2142 1605 2179 fit.

191 2199 370 2246 Sequitur
383 2198 428 2234 de
448 2199 483 2234 vi
494 2198 691 2235 luminum.
723 2199 886 2235 Lumina
898 2199 970 2235 alia
980 2197 1137 2235 fiderum
1149 2228 1158 2241 ,
1178 2197 1311 2235 utsolis
1330 2201 1368 2236 &
1386 2200 1479 2235 lunae
1493 2228 1502 2242 ‚
1523 2201 1560 2236 δε
1574 2198 1733 2237 lucifera·
1748 2200 1848 2244 [ml--

135 2254 240 2291 stella:
252 2282 260 2295 ‚
271 2254 341 2289 alia
351 2253 567 2302 lampadum
579 2255 616 2290 ὃς
627 2255 732 2303 ignis.
765 2253 820 2290 At
829 2255 926 2290 inter
937 2253 1016 2289 haec
1028 2265 1163 2303 magna
1173 2251 1376 2290 differentia
1388 2254 1447 2291 est.
1481 2256 1580 2292 Nam
1591 2255 1734 2292 lumina
1745 2247 1807 2266 '²³¹⁰'
1819 2250 1866 2268 ²²³⁵·

135 2309 295 2347 fiderum
306 2308 510 2350 admodum
523 2320 626 2358 pares
638 2310 858 2360 corporibus
869 2310 1018 2346 umbras
1031 2310 1205 2346 referunt.
1238 2311 1332 2359 Ignis
1343 2323 1433 2348 vero
1447 2313 1604 2357 majores
1617 2323 1732 2359 quam

135 2365 207 2416 ipsa
220 2375 382 2415 corpora
392 2364 480 2402 sunt¹
516 2365 634 2414 Atqui
652 2364 694 2402 fit
706 2364 858 2408 umbra,
879 2376 965 2402 cum
978 2365 1068 2401 radii
1087 2366 1276 2402 luminum
1298 2367 1590 2417 intercipiuntur.
1622 2368 1734 2404 Radii
1748 2368 1877 2415 Mhi&-

135 2422 353 2471 intercepti,
376 2431 438 2458 aut
454 2421 529 2457 alio
542 2421 757 2460 flestunuu.
772 2430 833 2458 aut
851 2422 887 2456 in
908 2420 1046 2471 seipsos
1057 2423 1347 2472 reciprocantur.
1381 2423 1604 2463 Flthuutur⁷
1618 2424 1736 2461 veluti
1747 2415 1858 2446 ‘ww'

137 2490 224 2515 cum
239 2478 258 2514 a
268 2475 459 2526 superficie
471 2488 571 2525 aquae
582 2477 672 2513 radii
682 2477 766 2513 solis
778 2478 815 2513 in
825 2477 1011 2514 lacunaria
1023 2478 1190 2515 exiliunt:
1211 2478 1328 2528 fitque
1339 2481 1462 2528 omnis
1474 2478 1664 2516 radiorum
1675 2479 1736 2516 fle-

138 2536 203 2572 xio
215 2534 355 2581 angulis
366 2534 461 2570 inter
471 2533 516 2572 se,
531 2543 572 2569 ut
582 2534 744 2582 probant
755 2532 1033 2572 Mathematici,
1057 2533 1271 2583 aequalibus.
1305 2535 1376 2571 Sed
1388 2534 1464 2572 haec
1476 2534 1520 2572 ad
1533 2535 1643 2572 aliam
1653 2547 1733 2585 par-

137 2601 214 2627 tem
227 2589 374 2638 pistura:
385 2590 552 2626 attinent.
584 2588 697 2625 Radii
708 2589 792 2625 flexi
803 2601 851 2626 eo
864 2590 997 2626 colore
1008 2591 1187 2627 nonnulla
1198 2603 1241 2627 ex
1255 2601 1354 2640 parte
1364 2592 1582 2627 imbuuntur
1594 2620 1604 2634 ,
1619 2603 1733 2639 quem
1749 2595 1827 2640 Radit*

137 2648 175 2683 in
187 2658 230 2682 ea
243 2645 261 2680 a
273 2657 344 2693 qua
363 2645 558 2681 flecC’tuntur
576 2641 766 2695 superficie
788 2646 1005 2682 invenerint.
1038 2646 1127 2683 Hoc
1145 2648 1194 2683 ita
1213 2647 1381 2683 videmus
1400 2645 1494 2684 fieri,
1519 2658 1609 2684 cum
1621 2645 1732 2685 facies
1742 2634 1815 2673 βω·

137 2701 477 2751 perambulantium
495 2703 531 2737 in
549 2703 661 2750 pratis
679 2699 877 2738 subvirides
892 2712 1077 2751 apparent.
1109 2704 1198 2739 Dixi
1214 2713 1307 2750 crgo
1317 2702 1362 2739 de
1373 2701 1627 2752 superficiebus
1641 2703 1735 2741 :dixi

139 2770 220 2806 quo
233 2757 343 2807 pasto
364 2756 515 2794 visendo
527 2769 571 2793 ex
582 2757 776 2806 triangulis
797 2756 1053 2795 coaedificetur
1064 2759 1230 2807 pyramis.
1261 2758 1509 2796 Probavimus
1528 2770 1641 2808 quam
1655 2772 1736 2797 ma-

139 2812 385 2851 ximeintersit
396 2813 877 2861 intervallum‚centticique
889 2812 977 2851 radii
988 2813 1213 2864 positionem
1226 2825 1269 2851 ac
1282 2814 1466 2852 luminum
1477 2816 1733 2865 receptionem

141 2879 281 2906 certam
292 2868 370 2907 effe.
401 2870 548 2906 Verum
562 2880 650 2906 curn
670 2880 748 2905 uno
759 2869 902 2919 aspeeru
914 2894 922 2908 ,
946 2879 1025 2906 non
1037 2881 1147 2907 unam
1158 2869 1278 2906 modo
1290 2899 1300 2914 ‚
1317 2869 1375 2906 sed
1386 2871 1563 2920 plurimas
1576 2882 1734 2920 quoque

139 2923 343 2975 superficies
368 2927 602 2964 intueamur.
647 2924 776 2964 Postea
802 2936 919 2975 quam
939 2924 985 2962 de
1003 2924 1151 2976 singulis
1176 2924 1435 2978 superficiebus
1465 2938 1544 2965 uon
1563 2928 1725 2964 omnino

1616 2992 1736 3029 jejune
