2023 3162
350 99 812 138 VOCABVLORVM
871 97 1432 138 VITRUVIANORVM.
1661 116 1710 150 29

173 172 209 209 C
225 182 248 205 o
265 181 284 205 L
299 179 323 204 v
335 181 363 205 M
375 180 400 203 N
412 179 446 204 A.
476 167 560 204 Lib.
576 180 634 207 IV·
647 180 726 218 cap.
740 182 774 206 2.
807 165 966 204 Columen
987 168 1027 203 in
1041 164 1181 218 ficmmo
1191 166 1334 221 fisttgio
1352 167 1531 209 culminis,
1553 170 1644 208 unde
1664 167 1709 211 ά

118 228 277 270 columnae
287 221 463 260 dicuntur.
476 223 620 261 Baldus:
633 224 692 260 De
705 224 894 261 columnis
901 223 1016 262 verba
1026 223 1148 262 facete
1159 223 1476 275 supervacaneum.
1542 228 1595 263 uis
1608 230 1710 267 enlm

119 285 318 323 columnas
331 279 467 324 nescit,
488 278 551 316 etsi
570 279 766 329 paululum
790 281 828 316 in
848 279 1108 318 Architestura
1126 280 1287 320 versatus
1300 310 1309 325 ‚
1327 289 1407 318 tum
1425 281 1613 327 ordinem,
1625 293 1709 321 tum

116 338 344 390 symmetrias
359 347 485 372 earum
499 347 577 371 non
592 344 694 372 tenet
706 337 716 372 ἒ
727 336 806 373 ana
817 337 1022 385 igiturnon
1034 338 1190 386 agimus.
1212 338 1366 374 Silentio
1381 339 1709 377 tameninvolven-

117 398 207 434 dum
221 391 360 431 nonest
374 421 384 437 ‚
403 391 507 440 quod
526 390 620 428 filuit
638 390 816 429 Barbarus
828 421 837 436 ‚
863 392 1079 430 Vitruvium
1102 393 1195 430 loco
1211 392 1315 444 supra
1328 395 1461 435 citato,
1476 406 1556 431 non
1572 394 1620 432 de
1640 406 1708 432 co-

115 453 253 490 lumnis
265 446 394 499 pass'im
413 447 569 496 vulgatis
580 446 705 495 egisse,
727 444 787 484 sed
799 448 923 485 deillis
935 448 1133 486 ari-cerariis
1153 449 1317 486 trabibus
1338 449 1552 488 intellexisse
1564 479 1574 495 ‚
1596 464 1676 500 quae
1688 450 1708 486 ἐι

117 507 274 546 transtris
295 503 420 541 erestae
433 531 444 547 ‚
463 502 640 552 supremo
651 505 769 553 capite
781 504 958 541 columen
977 502 1164 542 sustinent.
1197 504 1377 542 Pensitate
1396 505 1434 542 δε
1452 507 1589 544 nonde
1600 518 1708 544 more

116 561 310 602 Philandcr
322 561 450 597 locum
463 569 605 595 enarrat
622 558 678 596 his
690 559 832 597 verbis:
854 565 958 607 Ram
971 562 1112 612 proprie
1129 558 1290 597 colmam
1299 559 1387 612 fimt
1398 562 1614 603 arrectr‘artae,
1637 575 1709 615 quae

116 620 280 657 columen,
294 614 388 652 ides‘l
400 643 410 659 ‚
431 611 613 664 stcmmum
623 612 810 666 fastigium
820 625 1032 667 percurrens
1041 617 1181 668 tignum
1189 615 1376 667 fissinent.
1405 619 1616 655 Innituntur
1624 631 1709 655 vero

116 674 288 725 transtris,
299 668 338 707 id
345 672 406 718 eff,
419 666 627 719 transverfis
638 666 790 706 trabibus
800 684 811 706 :
822 667 949 706 habent
961 668 1004 713 όν
1014 670 1181 723 capreolos
1193 701 1204 718 ‚
1214 670 1272 709 hoc
1283 674 1333 708 efc'
1342 703 1351 717 ,
1362 672 1559 724 proclinata
1570 671 1652 711 hinc
1659 683 1710 710 at-

117 745 182 784 que
192 729 271 768 lyme
293 726 388 779 ligna
409 737 480 777 quae
489 727 655 762 canterios
667 723 858 776 sustinent.
889 725 1005 776 Apud
1026 738 1099 764 nos
1119 729 1312 766 columncc
1332 729 1571 769 arrestariave
1591 727 1709 775 huiusi

116 786 354 825 modiGroeca
363 792 459 819 voce
472 781 651 818 monachi
662 782 990 832 appellanturNec
1000 782 1064 819 abs
1077 784 1212 820 re.Soli
1224 784 1452 833 enim‚quod
1462 797 1538 823 vox
1547 786 1707 836 praefert,

118 845 311 884 columen,
323 840 375 875 uti
386 837 620 881 dicebamus,
632 837 816 874 sustinent.
829 833 1001 883 Μοναχὸς,
1013 836 1127 883 solus,
1138 837 1329 876 solitarius
1349 841 1395 875 Et
1405 839 1474 876 hac
1484 844 1591 878 vocis
1602 842 1709 892 figni-

118 899 296 936 ficationc
308 894 485 932 excitatus
496 921 506 937 ‚
527 894 577 928 ita
588 892 811 931 festivissime
822 893 950 932 lusitin
960 895 1302 944 Epigrammatibus
1314 894 1529 933 Palladalib.
1544 911 1578 933 2.

284 955 321 988 EI
339 945 496 999 μοναχοῖ,
509 963 537 984 π
549 946 623 984 τᾶπι
637 942 691 992 δέ’,
707 945 781 985 τέο-ιιι
797 943 846 995 δέ,
857 966 885 986 ’π
898 951 964 990 νηῒς
976 946 1061 986 71le
1071 947 1217 1002 μένΘἻ

287 1003 335 1042 ,Of
345 1001 658 1053 ωληθόςμοναχῶν,
671 1002 871 1057 ψώσαρδψη
885 999 1033 1055 μονάδα,

281 1064 322 1100 Si
331 1057 498 1100 monachi,
512 1074 575 1098 cur
585 1070 634 1098 tot
646 1061 719 1112 estis
733 1062 750 1096 ἓ
763 1062 854 1113 sicot
863 1092 873 1106 ‚
893 1059 1013 1114 rurfiis
1024 1061 1184 1115 quomodo
1195 1063 1312 1109 muni,
1324 1064 1360 1101 id
1372 1063 1434 1103 est,
1443 1061 1541 1114 soli?

283 1125 310 1155 0
321 1115 510 1155 multitudo
520 1114 777 1163 monachorum,
789 1119 996 1155 mentientes
1007 1117 1195 1155 monadem.

118 1174 289 1225 Suspicor
305 1186 395 1225 ego,
410 1173 610 1211 columnas
628 1173 736 1211 hasce
755 1173 776 1210 a
796 1173 1013 1212 tibicinibus
1033 1187 1115 1212 non
1134 1173 1297 1216 differre,
1315 1174 1505 1226 dequibus
1523 1171 1708 1227 juvenalis

117 1234 242 1280 Satyra
257 1241 291 1271 3.

284 1292 365 1335 πρε
375 1282 494 1322 urbem
503 1283 641 1322 colimus
651 1288 750 1323 tenui
757 1283 896 1323 tibicine
905 1285 1058 1337 fultam.

116 1343 161 1380 In
179 1343 286 1392 plura
305 1352 432 1379 tamen
449 1341 525 1378 hoc
548 1342 777 1380 vocabulum
789 1372 799 1387 ,
826 1354 965 1391 nempe
983 1342 1030 1380 de
1049 1343 1177 1393 quavis
1195 1354 1233 1380 re
1252 1354 1328 1392 qua
1346 1344 1543 1394 quippiam
1563 1342 1708 1380 sustine-

116 1408 188 1435 tur.
219 1398 367 1435 Norant
378 1397 638 1438 Grammatici,
656 1398 692 1436 δε
710 1410 782 1436 uos
792 1399 932 1440 obiter,
952 1410 1165 1449 numquam
1184 1399 1257 1448 legi
1278 1411 1422 1437 nomen
1430 1401 1520 1438 -hoc
1536 1398 1601 1436 nisi
1613 1398 1709 1437 abla-

116 1456 200 1492 tivo
211 1452 306 1490 casu.

174 1509 208 1547 C
223 1524 247 1546 0
264 1524 283 1547 L
295 1519 319 1547 v
332 1522 360 1547 M
373 1519 399 1546 Ν
413 1523 437 1547 Α
450 1524 471 1547 R
481 1520 495 1547 1
505 1521 530 1547 v
541 1522 581 1547 M.
611 1512 696 1549 Lib.
706 1523 748 1550 vx
763 1523 777 1547 1
789 1522 821 1547 1.
833 1521 913 1562 cap.
925 1511 991 1548 ult.
1005 1511 1120 1549 Etiam
1130 1507 1178 1547 in
1188 1519 1314 1548 ventre
1328 1510 1541 1549 columnaria
1547 1508 1637 1562 fiant
1645 1508 1708 1560 fh-

114 1562 233 1602 cienda
243 1591 251 1605 ,
275 1575 340 1617 per
356 1577 426 1617 quae
438 1569 496 1602 vis
510 1566 654 1620 spiritus
672 1566 861 1604 relaxetur.
892 1565 1047 1604 Baldus:
1068 1566 1287 1615 Infrequens
1303 1568 1401 1618 apud
1420 1567 1514 1604 alios
1537 1566 1706 1604 austores

115 1621 346 1658 vocabulum
358 1650 369 1666 ,
387 1619 491 1658 sensu
501 1631 626 1661 tamen
645 1622 742 1661 haud
751 1621 914 1661 obscuro
926 1652 937 1668 ‚
957 1623 1016 1660 vel
1027 1622 1107 1674 ipso
1126 1622 1305 1660 Vitruvio
1316 1623 1490 1660 clarante.
1523 1620 1708 1659 AEstuaria

115 1677 290 1726 quaedam
301 1677 384 1715 sunt
396 1679 433 1714 δ(
442 1677 663 1727 spiramenta
674 1709 684 1724 ,
705 1690 745 1717 ut
754 1679 876 1718 verbis
885 1679 1074 1717 Philandri
1085 1688 1166 1715 utar
1177 1677 1215 1715 &
1226 1678 1383 1715 Barbari.
1416 1678 1507 1715 Dici
1521 1688 1647 1715 autem
1657 1679 1707 1714 ita

115 1733 287 1777 arbitror,
306 1732 414 1782 quod
425 1733 469 1769 ad
483 1734 643 1772 modum
654 1735 922 1773 columnarum
933 1735 953 1771 a
964 1735 1045 1772 solo
1055 1734 1283 1772 attollantur.
1317 1734 1459 1789 Qalia
1468 1745 1511 1771 ea
1522 1733 1612 1772 sunt,
1625 1744 1707 1782 quae

113 1800 234 1838 prope
246 1789 433 1826 Pisaurum
443 1787 488 1826 ad
498 1791 597 1827 viam
618 1789 825 1828 Fanestrem
842 1791 1048 1841 speetantut
1058 1820 1069 1835 ‚
1085 1792 1122 1827 in
1133 1791 1250 1828 veteri
1267 1789 1485 1839 aquaeduE'tu
1495 1790 1708 1840 nuperrime

113 1843 312 1881 instaurato
324 1845 370 1881 ad
381 1856 523 1881 novum
536 1848 572 1882 δε
583 1846 882 1895 pulcherrimum
902 1846 1051 1884 fontem
1061 1847 1098 1883 in
1109 1846 1236 1883 medio
1246 1844 1344 1882 foro.
1375 1844 1577 1883 Beroaldus
1591 1874 1601 1890 ‚
1621 1845 1707 1882 alias

114 1901 170 1937 vir
181 1898 358 1937 dostrinae
369 1911 448 1936 non
458 1901 613 1950 vulgaris
623 1931 634 1946 ,
655 1901 887 1939 vocabulum
899 1901 977 1939 hoc
988 1902 1089 1952 apud
1100 1901 1325 1938 Suetonium
1337 1902 1376 1937 in
1388 1900 1630 1950 August.cap.
1639 1911 1705 1944 40.

117 1954 304 1992 deformat
313 1955 406 1993 dum
419 1955 598 1992 reformat
611 1970 618 1991 :
641 1959 898 1994 colluviarium
910 1959 1011 1994 enim
1023 1957 1173 2007 reponit
1182 1968 1252 2007 pro
1265 1957 1503 1993 columnatio
1514 1981 1522 1996 ‚
1536 1958 1574 1993 ὅ(
1584 1955 1630 1992 de
1642 1967 1708 1992 co-·

115 2010 315 2057 lumnario,
327 2013 365 2049 ὅ(
377 2011 422 2047 de
434 2012 586 2056 cloacis,
599 2013 770 2062 intelligit
779 2012 849 2048 loca
861 2042 870 2057 ‚
889 2023 929 2050 ut
940 2013 1001 2050 ille
1014 2013 1063 2049 ait
1073 2038 1082 2052 ‚
1100 2022 1165 2064 per
1175 2024 1244 2064 quae
1256 2011 1415 2048 colluvies
1428 2004 1708 2050 &immunditiae

115 2065 317 2113 ejeclantur.
347 2068 430 2104 Fuit
440 2068 504 2116 qui
516 2067 730 2106 Vitruvium
743 2080 787 2105 ex
799 2069 869 2106 hac
890 2068 1061 2105 Beroaldi
1072 2066 1251 2105 sententia
1270 2067 1487 2105 emendaret
1499 2093 1507 2107 ‚
1531 2076 1572 2103 ut
1584 2066 1706 2103 videre

118 2118 217 2156 estin
229 2120 361 2157 codice
369 2119 599 2173 Jucundiano
614 2153 623 2168 ,
644 2124 760 2161 &illo
770 2126 837 2172 qui
848 2125 992 2173 aliquot
1002 2134 1086 2161 ante
1096 2136 1214 2162 annos
1226 2125 1264 2159 in
1285 2124 1487 2160 Germania
1499 2121 1602 2159 cusus
1617 2132 1704 2171 pro-

117 2175 196 2212 diit.
228 2174 424 2221 (nimirum
435 2176 677 2226 Argentorati
696 2179 815 2215 Anno
833 2192 846 2214 1
857 2185 928 2226 643
939 2181 966 2225 .)
979 2181 1072 2215 Non
1083 2180 1210 2216 desunt
1227 2179 1342 2216 etiam
1358 2178 1566 2226 quimalint
1575 2176 1648 2225 legi
1658 2189 1706 2211 co-

116 2228 294 2267 lumbaria
306 2260 316 2276 ‚
336 2243 499 2280 quorum
510 2244 583 2281 ego
603 2233 789 2270 sententiae
798 2233 967 2270 lubenter
977 2245 1056 2269 non
1076 2233 1257 2271 adhaereo.
1290 2233 1380 2270 Haec
1390 2233 1462 2268 illc.
1495 2230 1707 2268 Colluviaria

117 2298 198 2323 non
208 2286 304 2324 bene
315 2288 513 2329 convenit3
535 2287 595 2324 sed
603 2286 825 2330 columbaria,
835 2299 924 2324 meo
934 2288 1077 2334 judicio
1090 2316 1100 2332 ,
1111 2289 1256 2338 optime
1268 2316 1278 2331 ‚
1299 2289 1387 2336 quia
1398 2286 1489 2324 dicit
1501 2288 1703 2327 Vitruvius,

110 2352 176 2394 per
186 2355 258 2393 quae
267 2346 323 2379 vis
330 2343 474 2394 spiritus
483 2341 672 2379 relaxetur.
703 2342 802 2379 Vide
811 2341 928 2392 supra.

175 2399 210 2435 C
223 2411 249 2435 o
263 2410 292 2436 M
309 2412 326 2436 Ρ
343 2413 362 2435 L
375 2411 436 2436 ον
450 2412 461 2435 1
476 2409 498 2434 v
512 2411 551 2435 M.
592 2397 674 2434 Lib.
695 2410 761 2435 vt.
784 2410 859 2448 cap.
877 2409 910 2438 3.
949 2405 1038 2434 Item
1056 2394 1219 2447 asseribus
1225 2396 1483 2448 stillicidiorum
1501 2399 1540 2435 in
1556 2396 1706 2434 medium

117 2452 354 2505 compluvium
365 2452 519 2502 dejec‘lis,
530 2451 604 2497 osvo.
633 2454 769 2491 Baldus
782 2468 789 2490 ε
803 2455 1028 2505 Impluvium
1039 2455 1075 2491 ὃς
1089 2455 1355 2505 compluvium
1367 2453 1487 2492 affinia
1496 2453 1620 2493 vocab
1626 2454 1700 2497 ula,

118 2520 318 2558 utrumque
329 2509 348 2546 a
359 2511 491 2559 pluvia,
506 2510 564 2547 vel
574 2508 737 2546 docente
748 2509 868 2554 Festo,
879 2512 942 2558 qui
952 2511 1015 2554 ait,
1028 2508 1262 2562 compluvium
1271 2507 1336 2560 effl’
1345 2539 1354 2555 ,
1376 2523 1440 2562 quo
1449 2508 1490 2545 de
1500 2507 1647 2556 diverſss
1658 2516 1707 2544 te-

118 2565 182 2602 6323
190 2578 277 2617 aqua
280 2563 450 2617 pluvialis
460 2563 599 2616 confluit
606 2565 644 2601 in
655 2563 801 2601 eundem
809 2564 928 2602 locum.
965 2566 1156 2604 Caeterum
1166 2565 1242 2603 duo
1252 2566 1313 2604 illa
1323 2568 1359 2603 in
1370 2578 1419 2602 eo
1433 2591 1441 2605 ,
1468 2577 1512 2601 ex
1523 2565 1703 2600 Varronis

118 2621 311 2665 sententia,
331 2619 521 2659 differunt,
535 2621 643 2670 quod
652 2619 863 2672 impluvium
874 2619 1010 2659 dicatur
1022 2651 1031 2666 ,
1047 2634 1114 2673 qua
1123 2617 1277 2672 deorfiim
1286 2620 1445 2672 impluit3
1468 2617 1705 2671 compluvium

119 2689 205 2714 vero
217 2689 285 2729 qua
294 2673 450 2728 ficrfiim.
484 2677 578 2714 Sunt
587 2687 713 2714 autem
725 2677 976 2715 cavaediorum
986 2687 1108 2729 partes
1118 2677 1317 2716 subdivales
1329 2701 1336 2715 ‚
1351 2678 1389 2713 ὅ(
1402 2676 1509 2714 coelo
1519 2674 1701 2726 expofitae.

123 2733 215 2770 Haec
225 2733 300 2770 ille.

176 2789 212 2825 C
224 2800 251 2826 o
264 2801 289 2824 N
302 2803 323 2826 c
339 2803 358 2827 1.
372 2801 430 2827 AV
444 2802 473 2825 ε.
519 2787 604 2825 Lib.
625 2800 687 2825 vr.
721 2800 800 2839 cap.
824 2805 858 2836 9.
900 2787 1143 2826 cAltituolines
1163 2788 1313 2825 omnium
1330 2784 1583 2824 conclaviorum
1595 2815 1606 2831 ‚
1626 2779 1700 2825 &a

122 2843 205 2880 Lib.
217 2857 241 2882 v
249 2857 262 2881 1
276 2857 290 2880 1
301 2873 308 2880 .
321 2856 401 2894 cap.
413 2859 448 2890 7.
462 2848 597 2881 Ceteris
605 2842 906 2889 conclavibus,&c.
916 2847 1094 2898 Qorum
1104 2847 1266 2895 primum
1278 2843 1297 2880 a
1307 2842 1534 2891 conclavium3
1547 2844 1704 2881 alterum

124 2899 146 2936 a
156 2898 324 2937 conclave.
337 2900 480 2937 Baldus:
496 2901 691 2938 Conclave
702 2912 745 2937 ex
757 2901 915 2937 Donato
928 2903 973 2936 ad
984 2901 1138 2937 Terent.
1151 2906 1333 2953 separatus
1344 2896 1431 2936 locus
1438 2900 1476 2936 in
1486 2895 1705 2936 interioribus

123 2952 234 3000 teliu,
253 2953 315 2991 vel
322 2953 410 3008 quod
417 2956 511 2994 intra
522 2968 599 2994 euni
608 2954 678 2992 loca
687 2955 798 2993 mulla
808 2948 852 2994 ὠ
862 2952 987 2994 cubilia
997 2953 1111 3008 clauffi
1121 2955 1211 3007 sint,
1230 2952 1434 2993 adherentia
1444 2953 1611 2993 triclinio.
1644 2954 1706 2990 Ci-

1051 3018 1082 3050 D
1118 3027 1131 3052 3
1615 3019 1704 3046 CCKO
