2023 3162
262 64 306 94 ιε
609 55 991 93 ELEMENTORVM
1039 51 1472 94 Arretinae-rviam

256 121 417 175 partem)
441 119 504 158 nisi
527 120 734 174 praemisero
753 121 901 169 aliquot
919 119 1107 168 generales
1127 121 1341 159 cautiones.
1367 131 1408 157 ut
1418 120 1535 158 feeiin
1556 120 1633 159 aliis
1652 123 1843 162 membris,

312 179 478 215 Primum
492 180 611 227 igitur,
627 188 745 215 nemo
755 176 1002 213 aedificaturus
1014 202 1022 215 ,
1043 177 1210 212 animum
1222 177 1370 225 expleat
1383 176 1654 226 lchnographia
1664 180 1847 219 struetuta:

258 237 297 271 in
311 233 454 272 charta,
476 235 563 271 licet
582 244 696 282 quam
716 229 938 268 exaffissime
959 231 1120 268 dimensa
1138 241 1199 268 aut
1212 232 1327 268 nitide
1347 231 1509 282 expolita
1528 231 1729 272 secundum
1748 239 1847 286 opti-

259 301 364 327 cam:
386 291 554 326 autnuda
573 289 821 325 delineatione
840 298 928 323 arcae
942 313 952 329 ‚
974 296 1015 323 ut
1025 297 1164 323 vocant
1182 287 1487 337 Sciographiam3
1513 287 1586 324 fine
1604 290 1768 327 modulo
1786 302 1848 329 aut

259 355 352 395 typo
363 347 477 382 totius
488 346 611 395 operis
623 344 658 380 ἃ
672 342 899 391 singularum
912 344 1086 392 partium,
1098 340 1389 393 partitionisque‚
1404 341 1424 379 ὲ
1435 344 1540 392 ligno
1551 354 1614 381 aut
1626 344 1764 382 charta.
1782 348 1849 384 Se-

259 401 389 438 cundo
401 430 411 446 ‚
432 411 472 438 ut
484 400 661 438 modulus
671 407 750 434 tam
763 397 805 434 sit
818 396 971 447 simplex
983 408 1098 446 quam
1111 397 1190 434 fieri
1201 398 1320 448 potest
1330 398 1403 436 line
1416 399 1608 436 coloribus
1619 410 1681 436 aut
1692 402 1768 438 alio
1787 414 1850 439 ot-

258 467 350 494 natu
362 482 370 495 ,
391 468 437 493 ne
448 455 680 492 delce‘lamcn
690 455 896 491 oculorum
911 463 1152 503 praeoccupet
1171 453 1373 503 judicium3
1397 454 1504 504 quod
1521 455 1714 492 monitum
1728 486 1738 501 ‚
1759 469 1848 507 prte-

260 512 459 549 termifl'um
471 513 516 549 ab
527 512 623 547 Italis
636 538 646 554 ‚
667 510 811 559 reperio
821 510 921 559 apud
934 506 1126 561 Philsppum
1137 507 1177 544 de
1189 507 1320 545 l’orme
1331 539 1341 555 ‚
1362 512 1398 547 ὅ(
1411 521 1605 561 propterea
1617 510 1722 557 (licet
1733 512 1851 550 Gallia

258 579 339 605 non
352 566 392 604 fit
404 568 588 604 theatrum
599 565 879 606 stru&uraruni)
894 565 1107 603 merebatur
1119 566 1159 602 'ut
1171 564 1232 601 hic
1241 565 1338 602 illius
1350 568 1513 603 nominis
1525 567 1670 603 mentio
1680 566 1794 605 fieret.
1840 589 1843 591 -

318 624 493 671 Denique
505 633 583 670 quo
597 622 715 667 major
726 621 834 658 fuerit
845 632 963 671 typus,
979 631 1028 658 eo
1041 621 1175 658 melior
1185 622 1265 664 erit,
1278 633 1357 658 non
1368 622 1472 670 quod
1484 620 1654 660 suadeam
1666 622 1850 669 ejusmodi

262 680 544 717 enormitatem,
559 678 705 726 qualem
717 688 822 727 typus
831 678 891 714 ille
902 678 926 713 S
943 677 1035 713 Petri
1047 675 1217 713 Ecclefiae
1229 677 1367 715 Romae
1378 677 1424 715 ab
1441 679 1587 713 Antonio
1600 675 1726 714 [abaco
1737 678 1854 718 fastus

262 734 408 773 habuit,
430 735 496 782 qui
510 735 728 771 continebat
740 745 785 770 xx
796 746 854 769 11.
877 733 989 782 pedes
1001 734 1036 769 in
1048 731 1303 781 longitudine,
1318 745 1406 772 xvi.
1418 735 1453 770 in
1466 734 1671 779 latitudine,
1684 734 1720 770 ὃ(
1732 746 1754 772 x
1765 748 1777 771 1
1791 747 1804 771 1
1818 747 1849 773 1.

263 790 303 825 in
316 788 525 828 altitudine,
550 792 586 826 &
599 789 1166 837 constiterat4184.coronatis·,
1190 790 1353 837 pretium
1366 801 1488 826 revera
1509 790 1669 826 modicae
1689 791 1850 840 capellae:

263 846 473 881 attamenin
488 844 623 882 fabrica
636 859 697 890 40.
713 855 775 881 aut
793 857 851 888 50,
864 846 943 881 mill
968 844 1159 883 libratum,
1180 853 1310 893 optem
1327 859 1375 889 30
1388 845 1497 882 libras
1510 845 1555 881 ad
1570 846 1772 883 minimum
1784 848 1853 883 im-

260 900 371 950 pendi
382 902 416 936 in
429 901 599 938 exactum
611 911 745 950 typum
761 914 770 943 ·,
784 903 1013 949 namexigua
1023 900 1178 950 parcitas
1189 901 1224 936 in
1238 899 1449 951 praemiffis,
1475 900 1592 950 potest
1604 902 1642 938 in
1654 900 1726 937 fine
1738 913 1852 951 gene-

263 967 343 993 rare
352 955 606 993 absurditatem
620 957 769 1002 majoris
781 955 966 1005 impensae.

321 1010 402 1047 Post
415 1011 476 1048 has
488 1013 764 1061 praecautioncs
776 1013 886 1049 venio
896 1013 968 1056 jam
980 1010 1022 1048 ad
1035 1008 1148 1061 ipsam
1163 1011 1547 1064 Compitrtitionem5per
1556 1023 1669 1060 quam
1683 1012 1852 1052 austorcs

262 1066 367 1111 hujus
382 1068 466 1104 artis
494 1073 506 1113 l
520 1077 558 1103 ut
571 1078 654 1104 ante
668 1068 826 1112 dietum)
840 1067 1049 1116 intelligunt
1060 1065 1248 1104 venustam
1264 1069 1300 1104 <Sc
1314 1067 1446 1103 utilem
1458 1077 1545 1103 areae
1558 1067 1852 1106 distributionem

262 1123 299 1158 in
312 1133 444 1171 partes,
462 1135 542 1171 quae
553 1133 614 1159 aut
624 1123 670 1159 ad
682 1122 876 1160 ministeria
888 1151 897 1166 ,
919 1132 980 1159 aut
993 1132 1160 1171 receptus
1171 1125 1377 1173 pertinent,
1393 1131 1504 1173 prout
1516 1132 1578 1159 aut
1590 1126 1774 1174 capacitas
1788 1134 1854 1162 aut

259 1179 420 1226 regionis
432 1178 589 1226 qualitas
609 1179 757 1227 patitur.
790 1181 886 1232 Qae
899 1178 1180 1216 circumstantiae
1191 1180 1229 1214 in
1253 1178 1330 1215 hoc
1350 1176 1514 1223 subjecto
1525 1179 1704 1229 imprimis
1729 1179 1853 1216 consi·

262 1233 430 1271 derandae
442 1258 452 1274 ‚
472 1234 760 1283 longioremque
772 1239 967 1284 poscerent
977 1233 1282 1283 disquisitionem,
1300 1245 1412 1283 quam
1424 1234 1668 1270 Elementaris
1684 1234 1856 1285 Rhapso-

264 1288 324 1325 dia
336 1290 528 1339 permittit.
562 1289 689 1339 Qare
701 1291 756 1335 (ut
769 1290 928 1327 breviter
939 1291 1197 1327 anatomizem
1212 1289 1307 1326 hanc
1319 1288 1596 1336 definitionem)
1610 1289 1779 1328 venustas
1789 1319 1798 1334 ‚
1810 1292 1857 1327 de

264 1355 336 1392 qua
348 1346 485 1393 agitur,
501 1345 663 1381 conlistit
674 1346 710 1381 in
723 1346 863 1395 duplici
879 1343 1043 1398 Analogia
1055 1370 1063 1386 ‚
1084 1356 1147 1382 aut
1159 1345 1340 1396 responsu.
1360 1345 1490 1381 Primo
1511 1346 1604 1381 Inter
1614 1356 1736 1396 partes
1750 1345 1785 1382 Sc
1797 1356 1857 1383 to-

262 1409 359 1443 tum,
370 1412 433 1450 per
442 1411 556 1449 quam
575 1411 710 1450 magna
721 1401 893 1438 struC’tura
912 1413 1061 1450 magnas
1078 1400 1248 1438 habitura
1258 1400 1307 1438 est
1317 1402 1548 1451 partitiones,
1562 1402 1688 1451 ampla
1698 1402 1856 1440 lumina,

263 1466 426 1504 magnos
438 1458 624 1500 introitus,
637 1468 786 1506 magnas
799 1458 993 1494 columnas
1005 1466 1067 1494 aut
1077 1466 1178 1493 antas
1189 1485 1199 1500 ‚
1214 1457 1377 1506 denique
1390 1459 1517 1493 omnia
1528 1458 1698 1494 membra
1710 1469 1854 1507 magna.

263 1509 440 1548 Secundo
451 1513 547 1549 inter
558 1523 678 1562 partes
689 1514 798 1563 ipsas,
821 1524 901 1550 non
911 1512 1031 1549 solum
1044 1512 1313 1551 considerando
1326 1511 1482 1562 ipsarum
1494 1512 1746 1562 longitudines
1760 1516 1795 1551 δ(
1809 1513 1859 1549 la·

264 1566 501 1610 titudines‚ut
513 1577 611 1612 ante,
625 1580 714 1605 cum
725 1580 916 1618 ageremus
926 1569 971 1606 de
982 1567 1082 1605 ostiis
1096 1569 1132 1605 &
1143 1568 1328 1616 fenestris3
1342 1567 1401 1604 sed
1411 1568 1447 1604 δε
1461 1567 1520 1604 hic
1532 1568 1735 1617 ingreditur
1745 1569 1860 1619 respe-

270 1622 349 1657 &us
370 1621 592 1663 altitudinis;
613 1622 836 1670 subjeetum,
862 1624 1003 1668 fateor,
1021 1623 1219 1662 difficulter
1237 1624 1438 1661 reducibile
1456 1624 1501 1660 ad
1520 1624 1672 1673 aliquod
1690 1625 1860 1674 generale

269 1687 510 1725 praeceptum.
542 1677 688 1715 Verum
700 1679 853 1727 quidem
875 1681 943 1720 est,
970 1680 1160 1729 Antiquos
1171 1679 1370 1719 definivisse
1389 1679 1665 1729 longitudinem
1685 1682 1860 1717 omnium

273 1731 514 1768 conclavium
529 1761 538 1776 ‚
557 1746 636 1781 quae
647 1745 750 1772 erant
762 1735 935 1784 longiora
946 1734 1058 1785 dupla
1067 1737 1316 1785 proportione
1326 1735 1543 1783 latitudinis3
1556 1735 1739 1771 Vitruvius
1748 1735 1809 1772 lib.
1823 1742 1859 1772 6.

271 1797 352 1836 cap.
369 1797 399 1827 5.
421 1786 458 1823 ὃς
479 1788 713 1825 altitudinem
735 1790 887 1828 dimidia
900 1801 999 1840 parte
1019 1791 1262 1840 longitudinis
1280 1793 1317 1829 <Sc
1337 1791 1535 1827 latitudinis
1558 1790 1858 1835 conjunC‘tarum.

275 1842 420 1879 Verum
434 1853 519 1878 cum
532 1844 712 1880 conclave
723 1855 799 1881 erat
817 1846 974 1895 perfecte
986 1847 1208 1894 quadratum
1222 1872 1230 1885 ,
1251 1846 1483 1882 altitudinem
1502 1844 1687 1882 faciebant
1706 1845 1861 1883 dimidia

273 1897 606 1947 partelatitudinis:
628 1910 717 1947 quas
729 1899 979 1937 dimensiones
989 1902 1214 1938 recentiores
1234 1900 1444 1937 Architecti
1456 1911 1526 1951 pro
1538 1901 1644 1937 libitu
1663 1902 1861 1947 variarunt,

273 1964 566 2001 nonnumquam
580 1954 801 2002 quadrantes
821 1955 1056 1993 latitudinem
1072 1984 1081 1999 ,
1101 1955 1138 1992 &
1158 1957 1337 1994 ducentes
1361 1955 1574 2004 diagoniam
1587 1957 1722 1993 lineam
1743 1957 1788 1994 ab
1800 1970 1862 1995 an-

272 2009 363 2056 gulo
374 2008 419 2044 ad
439 2010 618 2058 angulum
640 2010 743 2047 dietae
759 2011 902 2060 quadrae
916 2039 925 2056 ,
944 2011 1179 2048 altitudinem
1199 2011 1588 2056 facientCS,interdt11n
1607 2013 1810 2058 majorem,
1824 2023 1860 2050 at

272 2075 356 2100 raro
369 2059 558 2101 m'inorem
577 2077 689 2114 quam
709 2065 748 2104 fit
760 2067 900 2115 integra
923 2067 1098 2104 latitudo:
1120 2079 1233 2115 quam
1254 2068 1447 2105 audaciam
1468 2067 1669 2104 omittendi
1691 2070 1861 2117 antiquas

272 2121 542 2169 proportiones
555 2150 565 2164 ‚
587 2121 742 2170 quidam
762 2123 968 2159 attribuunt
985 2119 1152 2158 Micha'elt
1172 2121 1304 2174 Angelo
1315 2120 1357 2159 da
1377 2124 1580 2165 Buonarotz',
1602 2122 1700 2160 forte
1710 2135 1863 2175 propter

274 2174 553 2215 authoritatem,
569 2188 683 2225 quam
696 2179 917 2215 consecutus
927 2188 1003 2215 erat
1013 2180 1050 2215 in
1062 2179 1139 2215 aliis
1150 2179 1291 2216 duabus
1304 2178 1470 2215 Artibus.

329 2230 505 2267 Secundo
517 2233 613 2268 rano
623 2232 673 2269 est
684 2233 853 2271 habenda
876 2232 1151 2272 Commoditms,
1175 2246 1259 2283 quse
1273 2233 1433 2271 consistit
1452 2236 1488 2270 in
1499 2233 1691 2271 sufficienti
1702 2246 1862 2271 numero

273 2286 512 2323 conclavium
531 2289 657 2323 omnis
673 2290 839 2336 generis,
861 2288 991 2340 &apta
1010 2289 1173 2340 ipsorum
1192 2291 1436 2327 connexione
1450 2318 1459 2333 ,
1478 2289 1613 2340 absque
1631 2289 1861 2326 distraffione

275 2350 338 2377 aut
351 2340 571 2378 confusione
585 2371 594 2385 ‚
612 2344 662 2378 ita
674 2354 713 2380 ut
722 2342 943 2393 speetatorcs
954 2357 1033 2382 non
1047 2344 1168 2382 solum
1189 2345 1310 2382 dicere
1329 2343 1467 2395 possint
1479 2350 1551 2380 Vna
1560 2342 1697 2396 fabrica
1707 2341 1770 2380 ben
1787 2358 1861 2382 rac-

274 2393 362 2430 colta
373 2425 382 2438 ,
403 2406 444 2433 ut
454 2398 533 2433 Itali
545 2396 662 2435 solent
674 2399 781 2448 loqui
792 2399 836 2435 de
856 2399 1039 2438 strusturis
1049 2400 1144 2438 bene
1156 2403 1266 2438 unitis
1277 2429 1287 2445 ,
1309 2399 1487 2437 sedetiam
1500 2400 1614 2437 videri
1631 2398 1742 2449 poffit
1754 2401 1861 2438 lumi-

275 2451 363 2488 nosa
373 2454 409 2489 ὅς
421 2463 503 2502 apta
514 2453 557 2489 ad
569 2455 801 2503 recipiendos
811 2454 971 2504 hospites
981 2455 1332 2507 festiverprincipalis
1344 2454 1541 2492 difficultas
1550 2455 1582 2491 se
1593 2453 1706 2493 offert
1715 2457 1753 2492 in
1763 2456 1861 2493 bene

275 2507 488 2544 ordinando
499 2509 638 2546 lumina
648 2508 839 2559 scalasque,
852 2510 897 2547 de
909 2512 1041 2560 quibus
1052 2514 1236 2561 attingam
1248 2523 1360 2549 unam
1372 2520 1482 2559 atque
1493 2512 1645 2547 alteram
1656 2520 1799 2548 notam.
1815 2512 1859 2549 In

276 2563 400 2609 primo
422 2562 581 2603 observo
599 2566 773 2614 antiquos
793 2565 1028 2604 Architeetos
1048 2566 1146 2604 haud
1166 2566 1352 2605 labor-affe.
1383 2568 1482 2603 Nam
1502 2577 1579 2603 tam
1609 2567 1732 2604 Graeci
1748 2578 1861 2615 quam

277 2616 398 2653 Latini
412 2617 472 2662 (de
482 2632 645 2669 quorum
656 2622 800 2671 privatis
811 2621 970 2658 aedificiis
983 2624 1164 2660 Vltruvim
1176 2623 1356 2660 nonnulla
1368 2621 1497 2672 scripta
1508 2622 1670 2670 reliquit)
1685 2634 1860 2658 commu-

277 2673 371 2707 niter
382 2672 567 2712 habebant
578 2676 655 2713 duo
676 2678 889 2714 columnata
909 2678 1096 2728 liypaethra
1114 2678 1271 2716 cavaedia
1284 2707 1293 2722 ‚
1310 2689 1428 2714 unum
1441 2677 1593 2714 serviens
1612 2677 1861 2714 foeminarum

276 2728 597 2776 regioni,altctum
609 2734 786 2779 virorum5
804 2734 869 2781 qui
882 2732 1036 2770 fortassis
1048 2732 1160 2771 hodie
1172 2743 1311 2770 tantam
1324 2732 1593 2783 separationem
1604 2732 1784 2769 ducerent
1794 2744 1860 2783 pa-

276 2793 359 2817 rum
371 2786 542 2822 amicam.
567 2788 937 2837 Qiomodocunque
949 2788 990 2826 fit
1003 2818 1012 2833 ‚
1023 2800 1088 2839 per
1098 2789 1179 2827 haec
1190 2789 1324 2833 media,
1335 2790 1502 2839 receptio
1513 2788 1662 2825 luminis
1671 2789 1709 2823 in
1721 2799 1860 2838 corpus

277 2837 431 2876 tedium,
453 2850 602 2888 promta
614 2842 667 2880 fit,
679 2853 756 2880 tam
767 2844 812 2881 ab
823 2854 923 2881 extra
935 2857 1048 2894 quam
1061 2848 1180 2887 intro·,
1206 2856 1286 2893 quae
1299 2844 1412 2881 hodie
1424 2842 1632 2894 supplenda,
1648 2852 1709 2879 aut
1718 2854 1783 2892 per
1793 2844 1860 2881 ali-

276 2903 391 2940 quam
402 2905 568 2944 apertam
578 2895 740 2936 formam
751 2898 902 2948 fabrice,
910 2911 974 2938 aut
984 2901 1078 2937 inter
1086 2898 1237 2939 venusta
1247 2899 1396 2948 refugia,
1405 2899 1531 2936 addito
1541 2899 1666 2947 aliquo
1678 2900 1860 2938 meniano

1738 2965 1859 2994 conti-
