2023 3162
446 106 1065 146 nzAncmrEcrvnA
1122 104 1244 144 L12.
1281 106 1358 148 IV.
1669 120 1754 155 77.

127 177 221 216 Item
233 177 395 226 argutius
406 173 640 223 [³⁶]Nemori
651 177 782 214 Diana:
792 177 982 214 columnis
993 173 1280 224 adjeais'dextra
1290 188 1333 214 ac
1344 175 1475 215 finistra
1486 177 1529 216 ad
1539 178 1719 217 humeros

126 234 272 284 pronai.
295 232 384 269 Hoc
396 243 520 270 autern
531 244 665 281 genere
677 233 802 282 primo
812 231 904 270 faita
917 231 1024 277 redes,
1033 233 1087 270 uti
1096 230 1146 270 est
1159 232 1322 270 Castoris
1331 235 1369 270 in
1382 233 1510 273 Circo,
1526 237 1583 281 [t]
1595 234 1716 272 Athe-

126 291 183 326 nis
193 290 231 325 in
241 300 324 326 arce
335 289 526 333 Minervae,
541 290 579 324 in
593 287 735 332 Attica,
747 288 810 333 [u]
823 287 953 331 Sunio,
965 287 1131 325 Palladis.
1161 287 1298 326 Earum
1308 301 1388 326 non
1400 289 1490 331 aliae,
1502 289 1560 327 sed
1572 291 1716 328 eaedem

126 345 207 382 sunt
217 345 497 394 proportiones.
530 344 644 381 Cellae
654 344 754 380 enim
775 343 1027 392 longitudines
1037 343 1203 394 duplices
1223 344 1307 381 sunt
1318 345 1363 382 ad
1374 345 1594 385 latitudines,
1609 348 1647 384 &
1661 347 1717 383 uti

127 401 270 449 reliqua
282 402 347 446 [x]
362 399 528 438 exisona‚
550 411 632 447 quae
644 397 761 435 solent
771 398 840 435 effe
852 400 888 434 in
899 398 1086 436 frontibus
1097 428 1107 443 ,
1125 399 1171 436 ad
1182 400 1293 437 latera
1313 399 1394 438 sunt
1406 400 1581 439 transsata.
1611 403 1719 439 Non,

127 456 221 494 nulli
232 458 343 493 etiam
357 455 401 492 de
411 453 627 492 Tuscanicis
642 454 839 503 generibus
849 453 1040 491 sumentes
1051 456 1316 492 columnarum
1328 455 1388 493 dis
1380 456 1596 507 politiones,
1613 456 1720 494 trans-

128 511 250 549 ferunt
262 511 298 548 in
308 509 596 548 Corinthiorum
612 509 648 546 δέ
662 511 881 546 lonicorum
894 520 1054 558 operum
1066 511 1331 548 ordinationes.
1355 513 1501 566 Qibus
1514 514 1613 550 enim
1625 514 1720 550 locis

131 578 278 618 pronao
291 576 511 617 procurrunt
519 566 665 604 antae‚in
678 565 804 602 iisdem
819 561 839 600 ὲ
850 566 1004 613 regione
1015 566 1115 603 ccllae
1126 567 1306 615 parietum
1319 569 1515 606 columnas
1526 568 1630 606 binas
1641 570 1719 606 col,
1733 593 1761 617 1⁷.
1771 591 1796 617 in
1804 597 1861 627 pm„

129 624 301 660 locantes
313 621 477 658 efficiunt
489 621 789 658 Tuscanicorum
803 623 839 657 ὃ(
859 620 1077 658 Graecorum
1090 632 1247 670 operum
1261 634 1513 661 communem
1525 626 1722 662 ratiocina-
1733 640 1790 658 nas.

131 680 288 716 tionem.
320 678 398 715 Alii
409 686 501 714 Vero
521 685 759 714 removentes
770 677 927 726 parietes
947 676 1032 713 aedis
1046 705 1056 721 ,
1078 678 1116 714 <Sc
1129 678 1356 728 applicantes
1374 680 1420 716 ad
1431 682 1724 718 intercolumnia

131 743 364 786 pteromatos
375 731 492 783 spatio
504 733 650 783 parietis
663 730 804 775 sublati,
815 730 981 768 efficiunt
990 733 1153 782 amplum
1167 733 1421 771 laxamentum
1437 737 1548 773 ccllae.
1560 737 1726 786 Reliqua

132 801 256 828 autem
268 788 574 840 proportionibus
587 790 624 824 δε
636 788 861 835 Symmctriis
873 786 1000 824 iisdem
1012 786 1269 824 conservantes
1279 790 1377 826 aliud
1389 803 1504 839 genus
1519 791 1641 841 figurae
1653 805 1726 830 no-

132 844 311 894 minisque
322 844 489 882 videntur
501 843 871 893 pseudoperipterum
887 843 1139 892 procreavisse.
1177 843 1408 881 Haecantem
1428 857 1561 894 genera
1573 858 1726 898 propter

132 901 237 939 usum
255 899 517 937 sacrificiorum
536 908 818 935 convertuntur.
850 899 943 935 Non
955 899 1055 936 enim
1075 898 1250 936 omnibns
1272 901 1355 936 Diis
1375 900 1503 938 iisdem
1524 904 1727 941 rationibus

135 956 228 994 aedes
238 955 318 992 sunt
329 954 517 999 faciendae,
529 953 634 1003 quod
645 956 734 991 alius
746 953 814 993 alia
824 955 1000 992 varietate
1009 955 1192 992 sacrarum
1203 955 1426 1004 religionum
1439 956 1549 994 habet
1560 956 1723 997 effetfi‘ms.

135 1015 277 1050 Omnes
287 1011 418 1048 aedium
429 1009 615 1048 sacrarum
627 1011 929 1047 ratiocinationes
944 1040 953 1054 ‚
976 1012 1029 1047 uti
1042 1010 1133 1048 mihi
1146 1011 1283 1049 traditae
1301 1011 1382 1049 sunt
1394 1038 1402 1052 ,
1426 1012 1604 1062 exposui,
1628 1016 1728 1052 ordi⁰

136 1066 269 1116 nesque
288 1069 325 1104 ὃς
343 1065 569 1114 symmetrias
590 1078 716 1103 earum
736 1066 996 1115 partitionibus
1009 1066 1175 1111 distinxi,
1195 1069 1231 1105 &
1245 1079 1403 1116 quarum
1422 1067 1575 1118 dispares
1594 1069 1727 1106 suntfi-

134 1134 229 1174 gutae
241 1122 278 1159 &
288 1122 421 1171 quibus
433 1121 702 1158 discriminibus
714 1122 808 1159 inter
818 1121 851 1158 se
863 1122 942 1158 sunt
952 1121 1012 1158 dis
1003 1133 1148 1171 paratae,
1160 1123 1288 1172 quoad
1298 1123 1629 1173 potui‚fignificare
1640 1125 1725 1162 scri-

134 1180 203 1230 ptis
214 1178 346 1216 curavi.
367 1177 485 1215 Nunc
496 1177 540 1214 de
552 1179 620 1214 aris
635 1179 807 1214 Deorum
820 1179 1114 1225 immortalium,
1132 1181 1187 1217 uti
1197 1188 1320 1231 aptam
1343 1178 1653 1218 constitutionem
1666 1180 1727 1218 ha-

135 1235 245 1272 beant
253 1233 298 1272 ad
305 1232 565 1273 sacrificiorum
575 1235 778 1280 rationem,
793 1233 929 1272 dicam.

756 1351 792 1391 C
821 1366 843 1391 A
876 1366 907 1391 Ρ.
966 1352 1092 1393 VIII.

555 1440 637 1494 De
652 1444 752 1493 are}
767 1443 991 1495 Deorum
1013 1441 1308 1496 ordinanda

138 1568 308 1656 ΑΒΕ
319 1573 340 1610 s
333 1572 480 1625 pefi'tent
490 1571 535 1610 ad
549 1573 743 1611 Orientem
760 1603 769 1618 ‚
782 1574 819 1610 δε
831 1572 974 1624 semper
984 1574 1175 1612 inferiores
1185 1573 1464 1611 fiat-collocatae
1476 1601 1486 1618 ‚
1496 1584 1606 1622 quam
1618 1571 1726 1609 fimum

236 1629 344 1674 lacta,
354 1641 433 1678 quae
443 1628 575 1666 fuerint
586 1632 622 1668 in
639 1631 784 1674 aede‚uti
794 1630 1026 1679 suspicientes
1038 1630 1269 1667 divinitatem
1281 1631 1344 1678 qui
1358 1628 1562 1680 supplicant
1573 1631 1610 1666 ὃ(
1623 1628 1726 1665 sacri-

139 1683 255 1722 ficant
266 1713 275 1728 ‚
296 1684 492 1735 disparibus
504 1686 757 1723 altitudinibus
769 1685 814 1721 ad
824 1685 874 1722 sui
886 1686 1057 1735 cuiusque
1071 1687 1142 1723 Dei
1154 1685 1332 1721 decorem
1344 1695 1636 1733 componantur.
1664 1683 1729 1720 Al-

138 1740 315 1776 titudines
326 1735 450 1777 earum
462 1739 509 1776 sic
518 1739 599 1778 sunt
611 1741 834 1791 explicandae
846 1770 855 1785 ‚
879 1750 919 1777 ut
929 1738 1008 1794 Jovi
1022 1770 1031 1785 ‚
1053 1739 1299 1788 omnibusque
1312 1740 1527 1777 coelestibus
1539 1752 1651 1789 quam
1663 1750 1728 1774 ex-

138 1793 340 1833 celfiffimae
351 1793 634 1844 con'stituantur3
644 1796 778 1838 Vestae,
797 1796 921 1833 Terrae
936 1826 945 1840 ‚
957 1798 1128 1845 Matique
1140 1796 1297 1833 humiles
1309 1796 1546 1832 collocentur
1559 1809 1565 1831 :
1578 1796 1628 1831 ita
1640 1794 1725 1830 ido-

137 1861 216 1888 neae
236 1849 291 1886 his
309 1851 599 1889 institutionibus
618 1851 897 1902 explicabuntur
914 1853 952 1888 in
963 1852 1094 1890 mediis
1107 1851 1243 1889 aedibus
1255 1863 1396 1888 ararum
1409 1850 1719 1887 deformationes.

140 1906 341 1956 Explicatis
356 1905 492 1943 aedium
505 1906 685 1945 sacrarum
699 1904 1037 1957 compositionibus
1048 1909 1085 1944 in
1095 1906 1278 1944 hoclibro
1290 1931 1299 1945 ‚
1322 1908 1360 1943 in
1380 1906 1544 1956 sequenti
1564 1906 1610 1943 de
1622 1918 1726 1943 com-

140 1963 312 2000 munium
323 1973 482 2012 operum
491 1962 689 2000 reddemus
701 1962 1018 2000 distributionibus
1031 1964 1308 2014 explicationes.
1415 1970 1418 1973 '

181 2082 244 2110 Erat
255 2082 281 2110 id
290 2083 419 2122 templum
428 2093 508 2121 prope
520 2082 627 2120 Asylum
638 2104 643 2114 ,
656 2083 725 2110 inter
735 2071 901 2121 Capitolium
912 2086 936 2111 δε
949 2092 1036 2111 arcem
1048 2084 1200 2122 Tarpeiam,
1213 2084 1366 2112 testimonio
1378 2081 1688 2111 Ge11.N06t.Attic.11b.
1703 2092 1727 2109 v.

182 2131 238 2168 cap.
250 2131 305 2150 xri.
317 2124 344 2151 id
353 2124 398 2155 est,
407 2124 438 2151 ad
450 2123 587 2152 Palatium.
598 2123 678 2163 quod,
692 2124 830 2162 postquam
841 2124 872 2151 ad
882 2125 962 2150 Pont.
975 2125 1048 2151 Max.
1061 2126 1139 2163 Reip.
1152 2127 1236 2153 Rom.
1249 2123 1348 2152 summa
1361 2124 1482 2151 transsata
1492 2124 1527 2150 est
1539 2143 1544 2154 ‚
1557 2121 1730 2150 conservato-

187 2171 255 2190 rium
264 2172 384 2191 vocatur.

145 2201 178 2236 *J
197 2203 291 2230 Claud.
302 2203 435 2231 Salmalius
448 2205 473 2231 in
484 2204 635 2244 §ofin-pag.
648 2211 695 2238 67.
714 2204 801 2232 Latini
812 2205 926 2232 Aricinae
939 2205 1031 2233 Dianae
1050 2207 1181 2244 templum
1195 2204 1300 2244 proprie
1316 2204 1448 2233 vocabant
1465 2207 1572 2231 Nemus.
1593 2202 1668 2230 Vnde
1679 2199 1732 2240 ipsa

185 2243 271 2272 Diana
281 2243 651 2284 Nemorenfisindigetabatur.
671 2249 695 2272 Sc
706 2244 823 2272 sacerdos
834 2245 889 2279 ejus
897 2249 952 2272 Rex
962 2245 1133 2282 Nemorenfis,
1153 2255 1181 2273 ut
1192 2247 1227 2273 est
1245 2245 1312 2282 apud
1332 2246 1498 2272 Suetonium.
1515 2243 1636 2271 Plin.lib.
1648 2253 1728 2270 xxxv.

185 2293 242 2322 cap.
256 2293 309 2311 vu.
328 2285 366 2311 Ex
379 2283 416 2311 his
425 2284 490 2312 locis
500 2286 600 2312 constat
613 2290 712 2312 Nemus
722 2286 827 2323 proprie
840 2294 966 2313 vocatum
975 2283 1050 2313 fuiss‘e
1061 2286 1192 2324 templum
1203 2285 1265 2313 illud
1278 2286 1369 2314 Dianae
1381 2285 1504 2318 Aricinae‚
1515 2285 1586 2323 quod
1598 2285 1624 2311 in
1634 2293 1732 2311 nemo-

186 2324 258 2352 ribus
268 2324 384 2363 polirum
394 2321 466 2352 effer.
486 2325 616 2352 Ovidius:

418 2369 480 2392 Ecce
490 2364 641 2400 subm-ham
653 2364 774 2401 templum
787 2366 938 2400 Nemorensi?
949 2367 1048 2392 Diana.

143 2410 170 2443 t]
188 2406 335 2435 Philander.
358 2406 483 2433 Meminit
495 2405 570 2439 liujus
581 2406 674 2443 templi
684 2407 709 2432 in
721 2406 856 2442 prooemio
868 2405 913 2432 lib.
924 2415 978 2433 νιι,
1000 2406 1157 2435 Fuitautem
1171 2407 1203 2436 ad
1212 2406 1370 2446 Acropolim
1382 2414 1490 2435 curante
1502 2405 1602 2433 Pericle
1613 2405 1732 2433 constru-

187 2449 261 2476 <stum
270 2448 302 2475 ab
312 2448 400 2475 raino
411 2446 576 2478 Architefto,
589 2448 696 2474 auctore
707 2445 836 2473 Strabone
846 2444 914 2472 l1bro
926 2456 1008 2474 nono.

143 2490 174 2524 u]
198 2488 280 2516 Idem.
304 2490 414 2515 Sunium
425 2487 642 2525 promontorium
654 2482 704 2514 effe
717 2487 742 2513 in
757 2487 959 2524 Attica,praeter
969 2486 1035 2514 alios
1043 2487 1197 2516 testimonio
1207 2487 1266 2516 sunt
1277 2488 1439 2527 QCurtius
1450 2486 1495 2515 lib.
1506 2497 1530 2514 x.
1542 2490 1565 2514 &
1578 2486 1732 2514 Scholiastes

188 2528 345 2557 Callimachi
365 2530 391 2555 in
411 2528 514 2565 hymno
533 2527 601 2555 Deh.
622 2529 691 2555 Nam
704 2527 841 2554 Homerus
860 2530 884 2554 6„-
905 2527 1091 2565 Aristophanes
1102 2529 1128 2556 in
1140 2528 1230 2556 nubib.
1253 2525 1329 2562 οὶίρω
1344 2526 1473 2556 mimda
1492 2528 1593 2555 dicunt.
1614 2527 1732 2555 Suniadis

148 2585 150 2589 ·
185 2578 275 2597 autem
287 2570 416 2596 Minerva:
426 2568 546 2595 meminit
557 2566 690 2596 Pausanias
702 2569 728 2594 in
740 2567 895 2595 Atticorum
906 2568 1036 2607 principio
1047 2589 1054 2602 ,
1066 2569 1140 2606 cujus
1148 2569 1288 2600 delubrum
1298 2569 1325 2597 in
1333 2569 1438 2598 summo
1450 2569 1522 2595 Sunii
1534 2568 1632 2597 vertice
1643 2568 1735 2596 existe*

187 2621 214 2638 re
222 2609 323 2638 scribit.

146 2652 182 2686 x]
208 2650 267 2680 Vide
287 2651 317 2679 de
336 2650 386 2679 hac
407 2660 467 2679 voce
488 2651 601 2679 Lexicon.
