2023 3162
337 94 797 133 Vocissvtonvn
855 92 1419 132 VITRUviANonvM.
1650 110 1693 143 51

111 161 348 212 aequandum‚
361 159 419 197 sed
431 160 518 197 tetii
529 161 568 197 iu
580 169 726 197 morem
740 158 968 204 decrescens,
980 159 1297 198 constituendum.
1310 160 1430 216 Qod
1443 160 1555 200 nostri
1568 163 1696 203 dicunt

109 219 243 257 habere
253 217 395 254 declive
405 218 465 254 vel
477 216 691 266 pendulum.
725 214 846 268 Qod
858 215 882 251 li
895 215 939 252 ad
951 226 1113 264 quatuor
1122 227 1242 266 partes
1254 228 1398 265 vergat,
1413 216 1592 267 fastigium
1602 233 1692 260 vero

103 274 152 316 ,fit
164 275 201 310 in
212 273 350 311 medio,
371 272 417 309 ad
427 271 588 309 formam
599 273 796 323 papilionis
808 271 993 308 devexum
1005 272 1174 309 dicimus.
1209 271 1330 310 Caesar
1342 272 1418 310 hoc
1431 275 1567 312 eodem
1578 274 1688 316 sensu,

99 328 331 382 fastigiztum,
344 328 474 376 inquit,
487 325 614 364 leviter
624 327 748 363 collem:
762 327 807 363 Et
817 327 862 363 de
873 328 991 364 Ponte
1003 327 1047 364 ad
1057 327 1254 367 Rhenum,
1270 329 1377 381 Tigna
1385 342 1454 365 non
1453 326 1586 380 fitblicae
1596 330 1693 366 modo

108 383 240 421 duem
251 382 296 419 ad
309 381 592 435 perpendiculum
605 408 612 422 ‚
623 375 856 434 stdprona&
865 380 1070 434 fhstigiuta,
1091 392 1132 419 ut
1139 381 1334 435 ficundum
1353 393 1520 421 mturam
1527 382 1692 436 fluminis

105 436 376 493 procumberent.
408 437 498 475 Haec
508 437 579 474 ille.
604 438 663 474 Cl.
679 436 874 475 Salmasius
886 439 923 474 in
934 438 1048 475 Solin.
1065 452 1079 475 1
1091 452 1109 474 2
1120 451 1134 475 1
1145 454 1159 483 3
1173 467 1180 474 .
1199 440 1352 477 Domus
1363 440 1550 478 Caesarum
1563 453 1628 491 pro
1635 453 1693 479 ce-

110 508 193 533 rum
208 506 293 532 cum
304 494 445 542 fastigio
457 503 559 530 etant
569 492 753 531 oedifieatae
766 522 776 537 ‚
798 493 902 542 quod
912 496 1106 544 proprium
1123 494 1190 532 fuit
1201 497 1436 547 templorum
1447 498 1484 533 &
1495 498 1628 535 aedium
1640 497 1690 534 sa-

110 563 267 589 crarum.
298 550 439 587 Primus
450 548 568 586 Caesar
577 548 757 598 fastigium
769 548 903 586 habere
918 551 1023 600 caepit
1032 552 1069 586 in
1082 550 1202 598 domo
1212 548 1291 591 sua,
1308 553 1404 590 inter
1412 552 1481 588 alia
1491 551 1690 591 divinitatis

61 644 65 648 ,
110 606 260 656 iusignia
272 616 350 655 quae
361 604 413 640 illi
425 603 597 640 attributa
615 604 715 641 fuere
728 633 738 648 ‚
757 605 1061 654 quodsequentes
1073 605 1231 644 Caesares
1244 608 1378 644 imitati
1391 607 1470 645 sunt
1480 637 1490 653 ‚
1511 609 1549 645 ὅ(
1561 609 1688 659 postea

111 665 225 701 etiam
245 662 303 698 alii
319 671 492 710 proceres
513 657 736 710 usurparunt
745 688 754 703 ‚
778 669 818 696 ut
840 657 860 695 ὲ
873 660 993 697 Statio
1005 660 1161 699 constat.
1190 661 1429 701 Privatorum
1441 664 1576 702 domus
1593 665 1690 702 testa

109 721 218 768 plana
230 717 450 754 habuerunt,
470 715 594 751 nonin
607 715 724 751 altum
735 715 928 764 surgentia,
942 717 1014 752 δῖε.
1182 714 1185 717 ’

165 775 191 810 F
204 787 227 810 A
237 786 259 811 v
270 784 293 810 1.
322 770 404 807 Lib.
415 780 458 807 Vi
473 782 502 807 1.
517 781 598 820 cap.
610 782 641 805 1.
672 776 729 805 It.z
736 767 895 818 fricetur
916 768 1220 821 (pavimentum,)
1241 772 1305 815 uti,
1304 770 1343 821 fi
1348 771 1487 821 sec‘JiIia
1495 773 1585 824 βω,
1602 772 1690 811 nulli

104 827 234 883 gradus
244 830 282 864 in
289 822 438 877 sc'utulis
449 852 456 865 ‚
469 834 531 861 aut
541 826 682 877 trigonis
695 853 705 869 ,
716 832 777 859 aut
786 824 960 876 quadratis
968 823 1033 875 seu
1043 823 1146 876 flavis
1156 835 1285 862 extent.
1316 827 1467 865 Baldus:
1491 830 1551 866 De
1564 830 1689 868 Hexa·

111 887 220 935 gonis
233 883 353 932 figuris
365 879 576 918 intellexisse
588 881 802 919 Vitruvium
813 880 962 918 testatur
973 881 1167 919 Philander
1176 910 1186 926 ,
1216 881 1252 918 δε
1264 880 1347 933 post
1358 894 1443 921 eum
1456 883 1650 926 Barbatus,
1666 885 1689 922 ἓι

110 941 244 989 quibus
254 950 323 976 nec
335 949 407 987 ego
417 935 595 973 dissentio.

167 997 191 1032 F
206 1008 226 1033 E
237 1008 265 1032 M
275 1008 299 1033 v
311 1008 342 1031 R.
375 992 459 1029 Lib.
478 1004 534 1031 1v.
546 1003 627 1044 cap.
643 1005 656 1034 3
669 1022 676 1029 .
708 989 835 1045 Regula
845 1005 915 1029 una
926 995 967 1031 in
977 991 1086 1030 medio
1099 991 1299 1044 (triglyphi)
1313 991 1528 1044 defbrmelur
1540 1021 1546 1034 ,
1552 994 1690 1047 femur,

109 1049 199 1103 quod
206 1057 316 1087 Graece
324 1044 424 1100 μηρές
435 1047 574 1085 dicitur.
607 1048 757 1085 Baldus:
780 1049 936 1086 Femora
947 1049 1168 1086 Architesto
1188 1052 1225 1086 in
1248 1050 1377 1087 ordine
1388 1052 1538 1088 Dorico
1550 1080 1560 1095 ,
1582 1052 1691 1102 plana

108 1107 168 1143 illa
178 1108 216 1142 in
227 1104 437 1156 Triglypho
451 1104 624 1141 dicuntur
637 1133 646 1148 ‚
657 1116 737 1152 quae
748 1104 844 1141 inter
854 1105 1153 1142 canaliculorum
1165 1106 1336 1142 cavitates
1347 1107 1524 1145 eminent,
1540 1109 1576 1144 &
1588 1106 1609 1142 a
1621 1119 1692 1144 no-

106 1161 182 1199 stris
198 1159 326 1212 passim
337 1161 487 1212 pimctti
504 1160 726 1211 &pianuzzi
745 1161 983 1209 appellantur.
1003 1161 1219 1205 Philandro,
1231 1160 1319 1197 dum
1332 1162 1556 1212 triglyphum
1566 1161 1691 1199 defor-

108 1228 199 1261 mat,
209 1217 346 1267 placuit
356 1216 520 1253 striarum
533 1216 690 1252 nomine
700 1215 800 1253 abuti
811 1216 902 1252 loco
913 1215 1104 1254 femorum
1113 1218 1175 1254 .ait
1185 1218 1299 1265 enim3
1312 1215 1475 1253 Latltudo
1485 1231 1523 1254 ea
1535 1219 1691 1267 (nempe

109 1271 321 1322 Triglyphi)
340 1273 379 1308 in
392 1280 508 1324 partes
526 1269 696 1306 duodecim
706 1268 891 1308 dividatur
904 1301 913 1317 ‚
933 1285 1082 1324 quarum
1102 1281 1259 1308 extreme
1276 1271 1348 1308 duae
1359 1282 1462 1309 erunt
1471 1271 1692 1324 semicanali-

108 1326 190 1372 cult,
201 1327 414 1379 reliquarum
423 1326 537 1364 decem
546 1324 616 1377 [ὲκ
625 1323 908 1376 d.zbunturstriz'5
920 1353 928 1366 ,
942 1325 980 1363 id
987 1330 1036 1364 eil
1045 1326 1172 1380 ‚planis
1185 1357 1194 1371 ‚
1208 1328 1376 1380 (cogimur
1383 1325 1440 1364 hic
1452 1357 1461 1373 ‚
1482 1337 1522 1364 ut
1539 1329 1691 1380 apertius

107 1381 272 1427 dicamus,
280 1381 375 1432 striae
392 1379 487 1420 abuti
509 1383 661 1424 nomine)
682 1383 866 1420 Vitruvius
877 1381 1016 1436 femora
1033 1393 1147 1421 vocat.
1178 1385 1267 1422 Tria
1282 1383 1362 1421 sunt
1379 1383 1525 1422 femora
1541 1385 1578 1420 in
1595 1396 1691 1421 uno-

109 1450 262 1489 quoque
272 1439 472 1490 triglypho.
487 1450 552 1476 cur
561 1449 687 1477 autem
696 1434 786 1488 μηροὶ
799 1468 810 1483 ,
822 1440 858 1477 id
869 1439 917 1476 est
928 1439 1076 1478 femora
1086 1440 1256 1477 dicantur
1266 1469 1276 1484 ,
1295 1441 1357 1477 vix
1369 1440 1481 1491 capio
1495 1465 1501 1479 ‚
1516 1438 1582 1477 nisi
1592 1438 1617 1475 sl
1627 1450 1690 1476 ve-

109 1496 219 1532 limus
232 1507 410 1533 coxarum
431 1496 531 1532 vices
548 1497 584 1532 in
595 1495 784 1545 triglypho
794 1507 915 1546 partes
925 1497 1001 1533 illas
1013 1496 1198 1545 oblongas
1217 1495 1255 1532 &
1266 1497 1531 1533 eminentiores
1549 1506 1685 1545 gerere.

108 1562 248 1588 vocem
260 1551 304 1588 ad
316 1550 573 1601 metaphoram
584 1552 779 1603 pertinere,
793 1554 884 1590 nulli
894 1562 991 1603 puto
1004 1551 1173 1589 dubium.

165 1607 191 1642 F
207 1621 218 1644 1
232 1620 249 1643 Β
260 1619 285 1643 v
296 1619 319 1646 L
329 1618 368 1645 A.
401 1608 484 1644 Lib.
496 1619 529 1643 x.
549 1619 627 1659 cap.
642 1623 677 1646 Ζ.
708 1614 752 1646 Et
771 1605 794 1643 ὰ
816 1609 926 1660 capite
938 1605 1047 1660 fibula
1065 1607 1244 1654 confunda
1255 1636 1265 1651 ‚
1286 1600 1360 1644 &a
1390 1605 1540 1645 Baldus:
1559 1606 1692 1645 Fibula

108 1661 232 1713 suapte
242 1664 280 1701 vi
299 1675 595 1713 unamquamque
616 1676 696 1701 rem
717 1664 870 1701 denotat
880 1677 953 1712 qua
972 1665 1092 1713 aliqua
1110 1663 1387 1701 conneemntur
1399 1688 1407 1702 ‚
1431 1661 1692 1700 adfibulantur.

108 1719 269 1756 Videtur
280 1730 407 1757 autem
421 1721 567 1771 proprie
577 1719 623 1756 de
634 1721 777 1758 acicula
785 1721 845 1757 illa
855 1720 928 1757 diei
938 1746 947 1760 ,
973 1731 1087 1768 quarn
1099 1715 1231 1770 mpo‘vlw
1243 1719 1365 1756 Graeci
1375 1718 1503 1756 dicunt
1512 1747 1523 1764 ‚
1541 1719 1641 1768 quali
1651 1719 1690 1755 in

110 1775 268 1822 cingulis
281 1777 433 1821 utimur,
446 1786 487 1812 ut
498 1775 595 1826 apud
606 1776 767 1813 Poetam
779 1790 787 1813 :

445 1835 590 1869 eAurea
602 1841 815 1884 purpuream
823 1828 999 1883 fizbnefflt
1007 1828 1121 1882 fibula
1139 1830 1280 1881 vestem.

109 1884 171 1922 De
183 1884 304 1922 fibulis
317 1885 427 1925 Cato,
443 1888 546 1933 cujus
558 1888 688 1924 locum
698 1898 887 1937 exponens
899 1887 1118 1934 Turnebus;
1132 1884 1219 1935 fiant
1227 1895 1343 1922 autem
1355 1883 1498 1922 vincula
1516 1883 1561 1930 ὠ
1577 1884 1694 1923 veluti

78 1945 82 1948 ”
110 1937 219 1985 clavi,
230 1937 350 1994 quibus
360 1941 425 1978 vel
431 1943 526 1994 tigna
538 1942 631 1978 inter
638 1940 681 1991 st’
692 1941 755 1978 vel
769 1940 900 1980 arbores
912 1942 1174 1979 connec‘iuntur.
1193 1943 1296 1978 Idem
1307 1941 1353 1978 ad
1363 1941 1523 1977 eundem
1536 1953 1613 1992 cap.
1630 1956 1645 1986 3
1659 1954 1673 1978 1
1683 1970 1692 1978 .

111 1992 234 2032 Fibulae
245 1993 335 2045 sunt
345 2025 355 2041 ,
379 2009 464 2048 quas
473 1994 515 2032 ab
524 1993 677 2034 haerendo
689 1997 777 2033 Galli
785 1998 933 2035 heraces
943 1998 1124 2049 appclent,
1137 1997 1272 2046 quibus
1284 1995 1425 2045 aliquid
1434 1997 1613 2046 alligatur.
1626 1998 1690 2034 De

112 2048 236 2087 fibulis
249 2051 368 2090 Caesar
377 2052 422 2089 ad
431 2054 592 2090 Pontem
604 2051 752 2090 Rheni:
772 2050 859 2090 binis
879 2054 1054 2105 utrimque
1065 2050 1185 2103 fibulis
1203 2049 1244 2088 ab
1259 2061 1416 2088 extrema
1429 2061 1530 2103 parte
1550 2050 1587 2086 di
1617 2054 1694 2087 ine-

112 2101 252 2142 bantur.
284 2104 437 2147 fibulas,
459 2109 508 2145 ait
518 2109 741 2153 Turnebus,
760 2109 969 2161 interpretor
988 2106 1121 2160 copulas
1139 2100 1183 2146 (ῥ’
1195 2107 1342 2159 paxillos
1354 2136 1364 2152 ,
1384 2104 1503 2158 quibus
1520 2103 1630 2143 trabes
1648 2104 1696 2142 ad

112 2161 212 2213 tigna
229 2157 305 2212 fixae
317 2158 529 2198 tenebantur.
562 2163 657 2212 Lips.
668 2163 730 2199 lib.
744 2178 778 2202 2.
791 2164 836 2200 de
848 2164 1012 2201 Machin.
1027 2164 1124 2200 Dial.
1142 2175 1171 2206 5.
1193 2161 1262 2199 Sed
1269 2160 1355 2213 quid
1361 2159 1498 2210 fibula?
1515 2159 1694 2211 quodsca-

113 2213 219 2267 ligero
228 2215 320 2252 rec‘t'e
329 2212 445 2266 vifitm
457 2246 467 2262 ,
486 2215 572 2253 taleae
584 2212 627 2256 ὠ·
638 2216 740 2254 velut
749 2216 863 2269 lxgneae
875 2217 933 2267 (stc
943 2218 1117 2269 appellem)
1129 2213 1279 2253 anchorae
1287 2213 1438 2266 immiffi'e
1447 2214 1492 2251 ad
1499 2214 1690 2267 ligandum.

116 2270 264 2308 Fibulas
275 2272 448 2309 nominat
465 2274 578 2309 etiam
590 2273 783 2309 Vitruvius
805 2271 867 2308 lib.
884 2284 914 2307 1.
935 2285 968 2309 c.
985 2285 1016 2315 5·
1045 2273 1102 2310 Vti
1121 2280 1269 2322 utraeque
1289 2272 1382 2308 muri
1387 2269 1525 2320 frontes
1543 2272 1636 2308 inter
1645 2269 1687 2323 se

118 2324 420 2379 (quemadmodum
429 2325 564 2377 fibulis)
583 2323 633 2363 his
642 2325 738 2362 taleis
747 2325 921 2379 cofflgatae‚
938 2320 1012 2364 &a
1050 2327 1128 2364 Vbi
1147 2325 1354 2363 Philandcr:
1385 2332 1466 2375 Ἆζρς
1486 2327 1692 2380 interpreta-

116 2395 198 2419 mur
207 2395 293 2434 quas
311 2383 350 2418 in
355 2380 534 2434 striptura
543 2389 669 2418 vocant
677 2379 800 2417 clavos.

171 2439 247 2475 Fxs
258 2453 283 2474 τ
295 2451 319 2475 v
331 2449 356 2476 c
367 2449 404 2476 A.
436 2439 518 2475 Lib.
529 2449 570 2474 v1
586 2449 617 2473 1.
630 2448 707 2488 cap.
722 2451 758 2483 4.
787 2434 913 2487 Etfilo
924 2434 1093 2487 fistucato,
1107 2430 1178 2476 &a
1202 2437 1262 2475 lib.
1273 2451 1306 2474 x.
1320 2449 1351 2474 c.
1366 2451 1400 2483 3.
1418 2435 1692 2487 Palirqfiipifzati

119 2490 338 2544 defidiantur
347 2492 390 2538 d,-
399 2495 526 2529 circum
536 2491 748 2543 fistucatione
753 2490 962 2543 solidentur.
994 2492 1173 2530 Fistucare
1185 2519 1193 2533 ‚
1215 2494 1263 2530 ait
1273 2493 1480 2532 Philander,
1505 2493 1555 2529 est
1565 2492 1691 2529 fistuca

119 2551 275 2600 adigere,
287 2548 412 2598 figere.
443 2551 546 2586 Tum
559 2548 696 2586 subdit:
727 2550 777 2584 efz‘
786 2557 899 2584 autem
910 2546 1030 2601 fistuca
1046 2546 1259 2599 anfitum&
1270 2545 1432 2601 capitibus
1440 2545 1619 2597 fhrratum
1637 2548 1691 2583 in-

108 2604 347 2657 strumentum
358 2631 366 2644 ,
389 2617 452 2656 quo
468 2603 541 2657 pali
550 2601 752 2656 fhblicaeque
761 2604 799 2640 in
815 2613 945 2641 terram
959 2614 1174 2657 panguntur.
1207 2604 1397 2642 Vocabuli
1416 2611 1457 2639 ut
1478 2604 1515 2639 δε
1537 2605 1589 2640 rei
1609 2602 1692 2640 usus

120 2661 218 2713 apud
228 2671 367 2698 veteres
377 2660 561 2710 frequens.
591 2659 799 2697 fistucandi
809 2660 934 2697 adium
952 2661 1137 2697 concinne
1156 2660 1325 2697 describit
1336 2657 1513 2695 Barbarus
1524 2659 1586 2696 lib.
1602 2670 1616 2694 1
1630 2670 1644 2694 1
1657 2669 1688 2694 1.

123 2728 202 2767 cap.
218 2730 252 2761 3.
286 2716 413 2754 Nostri
424 2716 589 2754 fistucam
602 2716 787 2767 appellant
797 2720 931 2751 Beccam
943 2717 979 2753 ὃς
992 2714 1214 2767 Battt'palum.
1236 2714 1332 2751 illud
1346 2712 1436 2750 mihi
1445 2725 1525 2750 non
1534 2715 1692 2751 reticen-

124 2771 227 2816 dum,
237 2774 454 2812 Vitruvium
465 2785 542 2809 non
552 2772 597 2808 de
609 2773 747 2821 ingenti
758 2771 816 2807 illa
829 2770 954 2808 fistuca
964 2771 1102 2819 ubique
1112 2772 1189 2808 loci
1199 2768 1409 2807 intellexiss'e
1420 2795 1429 2810 ‚
1441 2768 1500 2804 sed
1510 2771 1693 2819 imprimis

124 2827 188 2865 ubi
199 2829 243 2865 de
252 2829 471 2878 pavimentis
484 2858 492 2871 ,
511 2840 580 2878 pro
591 2839 637 2863 eo
648 2828 891 2864 instrumento
901 2825 1077 2876 aceepiss'e
1090 2852 1098 2865 ‚
1120 2826 1223 2875 quod
1233 2826 1354 2875 longo
1371 2823 1568 2876 manubrio
1579 2825 1695 2876 praefi-

128 2895 231 2928 xum,
243 2885 263 2921 {1
276 2883 510 2922 similitudine
520 2883 697 2921 nostrates
709 2883 914 2920 Lucernarii
926 2880 1045 2934 pedem
1056 2883 1267 2919 nominant.

183 2939 210 2975 1³
220 2950 278 2977 Lo
294 2953 322 2978 s,
351 2941 434 2979 Lib.
452 2954 504 2980 iv.
519 2952 595 2991 cap.
609 2954 644 2986 7.
674 2938 747 2977 Flos
759 2947 894 2976 tantam
914 2934 1034 2975 lubeat
1051 2935 1344 2990 magnitudinem,
1364 2945 1527 2990 quantam
1537 2932 1694 3040 Ῐπιὲιίιςνὶι

1014 2998 1043 3030 G
1073 3007 1094 3030 2
1556 3004 1593 3027 m
1623 3002 1695 3027 um-
