2023 3162
274 97 347 130 166
682 85 1107 127 M.V1muv11
1153 85 1494 124 PoLmoNis

268 158 477 210 philologia
491 154 679 208 disputare.
711 156 864 192 Interim
876 165 964 192 eum
975 152 1059 191 esset
1070 156 1163 191 inter
1174 166 1244 191 nos
1255 153 1300 190 dc
1311 166 1411 202 aquae
1424 152 1605 204 potestate
1619 153 1655 191 ἃ
1666 156 1743 202 ejus
1754 157 1864 195 virtu-

270 213 370 252 tibus
383 214 520 251 sermo,
546 211 712 262 exposuit
721 208 789 247 effe
799 211 838 246 in
855 208 896 246 ea
909 220 1001 246 terra
1015 209 1200 256 ejusmodi
1210 209 1360 254 fontes„
1382 219 1422 246 ut
1431 211 1495 258 qui
1507 209 1556 246 ibi
1565 222 1866 260 procrearentur,

244 304 246 307 ,
270 266 326 321 [ej
338 274 451 307 voces
470 268 514 304 ad
528 267 754 305 cantandum
773 265 938 314 egregias
957 265 1144 303 haberent.
1179 263 1239 313 [d]
1264 265 1431 314 Ideoque
1451 265 1592 315 semper
1604 265 1865 305 transmarinos

271 326 428 363 catastos
440 336 560 360 emere
573 319 760 359 formosos
775 344 786 362 ,
799 320 835 356 δέ
845 321 986 369 puellas
997 330 1157 358 maturas
1170 350 1180 366 ,
1201 319 1338 369 eosque
1350 322 1581 370 conjungere
1595 349 1604 365 ‚
1623 331 1662 357 ut
1672 323 1734 369 qui
1745 323 1865 361 nasce-

270 392 398 418 rentur
410 393 453 417 ex
464 380 518 415 liis
534 404 540 416 ,
567 388 644 414 non
657 375 777 412 solum
789 376 934 425 egregia
946 388 1045 415 voce
1056 401 1064 415 ‚
1086 375 1145 412 sed
1155 377 1268 413 etiam
1289 376 1412 414 fornia
1432 375 1542 414 css'ent
1564 387 1642 412 non
1663 377 1858 417 invenusta.

272 439 379 475 Cum
399 436 475 473 liaec
489 442 589 470 tanta
606 431 762 470 varietas
773 430 816 467 sit
836 431 1033 482 disparibus
1051 431 1162 475 rebus
1173 442 1301 470 natura
1311 431 1501 470 distributa
1515 461 1524 477 ‚
1545 431 1648 481 quod
1659 430 1865 473 humanum

272 503 409 542 corpus
422 502 463 526 ex
476 490 594 535 aliqua
606 497 706 538 parte
715 497 903 524 terrenum
915 513 922 527 .
944 491 982 525 in
994 499 1042 524 eo
1063 497 1186 525 autem
1198 488 1314 525 multa
1332 499 1468 536 genera
1479 486 1557 524 sunt
1569 487 1770 524 humorum
1782 517 1792 532 ‚
1814 491 1867 527 uti

269 547 461 596 sanguinis,
478 543 581 580 laetis
593 571 602 586 ‚
613 542 769 587 sudoris,
781 543 906 588 urinae,
919 544 1181 591 lacrymarum.
1212 544 1312 592 Ergo
1324 543 1349 580 si
1359 545 1394 579 in
1406 554 1514 594 parva
1526 543 1705 593 particula
1718 545 1863 584 terreni,
1886 554 1889 557 ·

270 612 370 640 tanta
381 598 619 648 discrepantia
630 599 816 636 invenitur
827 597 1011 650 saporum,
1026 610 1108 636 non
1120 598 1169 637 est
1179 599 1404 643 mirandum,
1415 599 1439 635 si
1450 601 1488 636 in
1501 608 1602 636 tanta
1614 599 1869 647 magnitudine

270 668 389 695 tertre,
420 655 706 691 innumerabiles
729 652 925 693 succorum
944 656 1172 705 reperiantur
1189 655 1380 693 varietates
1392 680 1401 693 ‚
1426 659 1489 707 p'er
1507 666 1664 704 quarum
1684 651 1734 706 [e]
1758 665 1870 693 venas

271 724 376 761 aquae
397 711 452 748 vis
465 720 680 760 percurrens
692 709 826 748 ῑίηξὶει,
850 713 1014 762 pervenit
1034 710 1081 747 ad
1094 710 1256 749 fontium
1270 709 1426 761 egressus
1439 739 1449 756 ,
1468 713 1504 748 ὃς
1519 712 1566 748 ita
1585 723 1631 748 ex
1651 722 1701 748 co
1713 709 1868 761 dispares

269 768 431 815 variique
450 764 693 816 perficiuntur
713 767 751 802 in
771 768 928 817 propriis
949 766 1142 817 generibus
1153 766 1275 804 fontes
1287 797 1296 811 ‚
1311 767 1647 818 propterlocorum
1661 764 1870 816 discrepan-

274 824 379 866 tiam,
394 824 431 859 ὃ(
441 822 641 871 regionum
652 822 860 870 qualitates,
872 832 1127 871 terrarumque
1136 821 1322 860 dissimiles
1332 823 1586 873 proprietates.
1611 823 1663 859 Ex
1675 822 1732 858 his
1741 832 1868 859 autem

274 879 383 916 rebus
394 876 590 914 suntnonn
597 876 670 914 ulla
683 903 688 915 ‚
705 890 787 926 quae
800 889 872 927 ego
881 890 946 928 per
956 891 1018 915 me
1029 877 1212 929 perspexi,
1226 888 1356 916 caetera
1367 880 1403 915 in
1415 878 1513 915 libris
1525 878 1665 915 Graecis
1675 877 1804 928 scripta
1815 879 1872 914 in-

273 934 368 972 veni,
383 945 548 982 quorum
559 932 778 983 scriptorum
791 932 828 969 lii
839 932 920 971 sunt
931 933 1600 984 auctoresffheophrastus,Timaeus,
1616 931 1869 979 Poffidonius,

274 988 461 1039 Hegesias,
481 987 712 1027 Herodotus,
735 988 926 1028 Aristides,
939 988 1185 1028 Metrodorus
1197 1019 1207 1035 ‚
1234 991 1299 1039 qui
1313 1001 1448 1038 magna
1460 990 1660 1039 vigilantia,
1672 988 1871 1027 &infinito

273 1045 592 1088 studio‚locorum
605 1046 1048 1094 proprietates‚aquarum
1058 1046 1223 1084 virtutes,
1239 1045 1284 1082 ab
1297 1045 1538 1083 inclinatione
1550 1044 1653 1083 coeli,
1666 1047 1871 1093 regionum

274 1102 467 1150 qualitates
477 1102 526 1137 ita
537 1099 742 1137 distributas
757 1100 981 1151 ess'e‚scriptis
993 1100 1286 1143 declaraverunt:
1301 1112 1464 1150 quorum
1475 1100 1620 1139 secutus
1632 1100 1819 1149 ingressus,
1830 1102 1869 1137 in

274 1156 352 1194 hoc
364 1156 461 1193 libro
472 1154 671 1206 perscripsi,
683 1168 763 1205 quae
774 1155 854 1193 satis
869 1156 937 1195 effe
950 1158 1073 1207 putavi
1083 1156 1128 1193 de
1141 1168 1242 1206 aquae
1255 1156 1505 1201 varietatibus,
1519 1167 1600 1205 quo
1610 1154 1751 1193 facilius
1763 1169 1806 1193 ex
1817 1154 1872 1192 his

276 1210 602 1263 perscriptionibus
615 1212 751 1261 eligant
760 1211 936 1250 homines
948 1224 1051 1262 aquae
1064 1212 1187 1249 fontes
1198 1239 1206 1253 ‚
1230 1213 1363 1262 quibus
1375 1213 1420 1250 ad
1434 1211 1539 1250 usum
1550 1210 1717 1248 salientes
1728 1209 1872 1261 possint

277 1268 323 1305 ad
333 1269 499 1305 civitates
519 1268 798 1318 municipiaque
819 1267 1033 1319 perducere.
1065 1269 1181 1306 Nulla
1200 1271 1300 1306 enim
1313 1281 1356 1306 ex
1369 1269 1550 1306 omnibus
1566 1265 1675 1305 rebus
1686 1273 1805 1304 tantas
1816 1267 1874 1304 vi-

278 1322 387 1360 detur
406 1322 541 1360 habere
552 1322 596 1359 ad
609 1322 711 1360 usum
724 1323 955 1362 necessitates
968 1354 978 1369 ‚
996 1334 1151 1374 quantas
1165 1335 1270 1373 aqua.
1300 1325 1393 1362 Ideo
1415 1323 1519 1374 quod
1540 1323 1718 1360 omniurn
1730 1324 1873 1360 anima-

277 1379 372 1417 lium
384 1389 509 1416 natura
523 1403 529 1416 ‚
553 1377 579 1415 fi
590 1377 770 1417 frumenti
783 1378 898 1418 fruetu
909 1381 1049 1431 privata
1060 1380 1189 1419 fuerit,
1203 1380 1397 1418 arbustisve
1410 1406 1418 1421 ‚
1432 1391 1493 1418 aut
1505 1390 1612 1416 carne
1623 1406 1634 1422 ‚
1647 1388 1709 1416 aut
1718 1378 1868 1429 piscatu,

278 1444 343 1471 aut
353 1435 465 1472 etiam
476 1433 640 1483 qualibet
650 1446 692 1471 ex
704 1434 759 1471 his
771 1436 921 1486 reliquis
931 1436 1037 1474 rebus
1048 1436 1225 1475 escarum,
1242 1436 1382 1474 utendo
1393 1437 1532 1487 poterit
1541 1435 1635 1473 tueri
1646 1435 1778 1472 vitam:
1795 1433 1872 1471 fine

278 1502 374 1538 aqua
384 1501 490 1534 vero,
501 1502 571 1528 nec
583 1503 720 1541 corpus
732 1492 966 1538 animalium,
978 1504 1049 1530 nec
1059 1493 1132 1530 ulla
1144 1493 1216 1530 cibi
1227 1493 1338 1530 virtus
1349 1492 1466 1542 potest
1477 1489 1584 1530 nasci,
1597 1501 1668 1527 nec
1679 1491 1787 1534 tueri,
1797 1501 1871 1526 nec

275 1546 404 1600 parari.
437 1546 562 1598 Qare
573 1558 703 1595 magna
717 1546 904 1596 diligentia
915 1547 1162 1599 industriaque
1173 1548 1358 1599 quaerendi
1369 1547 1447 1587 sunt
1457 1550 1495 1586 ὃς
1507 1545 1666 1597 eligendi
1674 1545 1810 1587 fontes,
1824 1544 1872 1584 ad

277 1602 448 1640 humanae
460 1605 541 1641 vita:
553 1601 812 1641 salubritatem.

946 1660 1093 1700 Car.
1151 1660 1200 1700 V.

710 1750 794 1803 De
813 1766 1064 1823 aquaram
1090 1749 1438 1823 experimentis.

279 1869 759 1952 EXpertiones[a]autem
773 1875 810 1912 δε
822 1876 1065 1926 probationes
1076 1888 1209 1913 eorum
1220 1875 1268 1913 fic
1281 1876 1362 1914 sunt
1371 1859 1612 1926 providende.
1622 1873 1660 1911 Si
1670 1882 1775 1913 erunt
1786 1883 1870 1924 pro-

347 1926 558 1971 fluentes‚&
570 1931 900 1979 aperti‚antequam
910 1931 997 1967 duci
1006 1932 1241 1980 incipiantur,
1255 1930 1489 1981 aspiciantur,
1503 1930 1670 1979 animoq;
1683 1927 1871 1966 advertan-

279 1990 430 2031 tur,qua
442 1984 656 2022 mebratura
667 1983 815 2034 sint‚qui
826 1986 923 2022 circa
936 1997 1002 2022 eos
1014 1985 1138 2023 fontes
1151 1985 1320 2023 habitant
1329 1985 1562 2023 hominesAEt
1573 1983 1598 2022 si
1608 1995 1716 2022 erunt
1730 1996 1870 2034 corpo·

1769 2039 1872 2077 ribus

278 2126 304 2160 c]
327 2124 411 2152 Idem.
430 2126 524 2153 Tradit
533 2130 557 2154 δι
569 2126 667 2154 Plinius
678 2127 723 2154 lib·
733 2138 810 2156 xxxi.
822 2138 878 2168 cap.
892 2140 955 2158 2.ex
967 2132 1094 2159 Varrone.
1104 2130 1194 2158 Zama:
1206 2132 1232 2158 in
1245 2129 1332 2158 Africa
1342 2129 1448 2159 fontem
1459 2130 1520 2163 effe,
1531 2142 1585 2170 quo
1594 2140 1696 2160 canorae
1707 2141 1786 2160 voces
1795 2130 1870 2159 fiant.

322 2164 452 2193 Videntur
461 2176 497 2193 eae
507 2175 580 2205 aquae
591 2167 754 2196 Sandaraclia
764 2166 814 2197 effe
825 2169 939 2201 inferiae,
950 2179 1007 2208 quae
1017 2179 1113 2197 vocem
1124 2180 1229 2211 purgat,
1239 2175 1263 2199 δέ
1275 2170 1414 2210 suspiriosis
1426 2173 1539 2210 prodest.

278 2205 309 2240 d]
334 2205 419 2233 Idem.
442 2208 529 2235 Locus
538 2206 680 2247 ambiguus
689 2209 732 2237 est,
744 2208 785 2237 sed
796 2211 887 2248 potior
899 2210 964 2237 milii
976 2210 1081 2238 videtur
1092 2209 1184 2242 sensus,
1196 2220 1224 2239 ut
1233 2212 1393 2249 accipiamus
1404 2212 1545 2241 Zamenses
1554 2212 1675 2241 &Ismuc
1686 2212 1778 2252 oppidi
1789 2212 1870 2247 cives,

318 2253 399 2283 :itque
411 2246 476 2274 adeo
487 2249 570 2276 totius
580 2249 637 2288 agri
647 2249 760 2282 incolas,
769 2248 860 2278 solitos
871 2248 922 2278 esse
932 2260 1087 2289 comparare
1097 2250 1210 2283 aliunde,
1222 2252 1248 2279 id
1260 2253 1294 2280 est
1305 2252 1591 2286 transmarinos‚servos
1601 2251 1743 2286 formosos,
1755 2257 1779 2282 δε
1792 2253 1872 2282 nubi-

319 2285 356 2330 les
366 2286 472 2324 puellas,
485 2297 512 2315 ut
523 2289 609 2326 quiex
620 2289 770 2326 conjunstis
780 2290 818 2318 his
828 2292 1002 2319 matrimoniis
1013 2291 1081 2329 apud
1091 2290 1115 2319 se
1126 2291 1292 2321 nascerentur
1303 2314 1309 2326 ‚
1319 2297 1343 2321 δε
1356 2302 1434 2321 voces
1444 2294 1475 2322 ad
1483 2294 1645 2323 cantandum
1657 2293 1782 2322 haberent
1793 2305 1874 2335 egre-

319 2336 387 2365 gias.
401 2329 424 2354 δι’
438 2328 542 2355 venusia
552 2325 633 2356 essent
643 2329 736 2368 specie.
755 2332 831 2359 Dicit
842 2333 913 2360 enim
923 2327 974 2360 esse
985 2331 1122 2367 ejusmodi.
1135 2333 1179 2371 qui
1187 2343 1279 2361 eorum
1287 2343 1353 2373 agro
1364 2344 1538 2372 procreentur
1548 2356 1555 2368 ,
1566 2345 1597 2362 ne
1615 2334 1807 2374 intelligamus,
1817 2335 1872 2363 alio

318 2365 481 2395 transvectos
493 2367 606 2402 ejusdem
618 2370 654 2397 vis
665 2370 763 2398 liberos
774 2381 910 2409 procreare
921 2382 927 2399 :
951 2382 1011 2400 nam
1024 2371 1039 2400 ὲ.
1048 2370 1167 2400 fontibus
1177 2373 1203 2401 id
1214 2374 1320 2402 accidit.
1341 2377 1407 2402 Sunt
1418 2384 1507 2403 autem
1518 2375 1606 2403 catasti
1614 2374 1688 2407 servi,
1700 2376 1765 2404 dieti
1776 2374 1790 2403 ἐι
1802 2385 1875 2404 cata·

318 2407 355 2435 sta
367 2407 495 2446 compede
504 2409 630 2441 Martiali,
643 2411 738 2442 Persio,
748 2412 868 2445 Tibullo,
881 2413 967 2440 Plinio
977 2412 1022 2440 lib.
1035 2422 1115 2441 xxxv.
1129 2423 1185 2452 cap.
1198 2418 1237 2442 18.
1250 2416 1313 2442 Non
1325 2424 1367 2442 me
1377 2413 1448 2454 fugit
1457 2416 1636 2443 Hermolaum
1645 2414 1697 2443 hoc
1708 2415 1770 2443 loco
1779 2413 1873 2456 legisse

317 2447 443 2481 calastras,
454 2452 478 2476 8.-
487 2449 555 2487 apud
566 2450 723 2478 Beroaldum
735 2451 778 2478 lib.
790 2462 829 2480 xi.
839 2453 942 2491 Apuleii
952 2453 983 2480 de
995 2453 1066 2482 Asin.
1077 2463 1166 2487 aureo,
1177 2453 1302 2492 scriptum
1313 2457 1417 2493 catajlos
1425 2476 1432 2487 ‚
1453 2459 1477 2484 &
1488 2456 1556 2494 apud
1564 2456 1627 2484 alios
1639 2455 1784 2492 calafhstros
1794 2478 1801 2488 ,
1821 2467 1872 2496 pro

317 2488 351 2515 iis
361 2488 474 2527 quisunt
485 2499 581 2517 canora
590 2500 672 2518 voce:
695 2492 764 2530 quasi
784 2491 811 2519 hi
827 2496 851 2520 δε
871 2493 908 2520 illi
925 2493 1058 2521 voluerint
1076 2504 1108 2522 ex
1125 2493 1229 2523 Zama&
1240 2494 1417 2523 transmarinis
1428 2496 1522 2524 redimi
1532 2497 1638 2532 juvenes
1647 2497 1756 2536 egregia
1766 2507 1832 2525 voce
1843 2501 1872 2526 δι

319 2529 469 2566 puellas,ex
480 2530 575 2568 quibus
585 2531 630 2569 qui
641 2531 827 2570 gignerentur,
838 2534 929 2561 eadem
937 2530 1019 2561 essent
1031 2534 1057 2561 vi
1068 2534 1187 2572 praediti:
1208 2545 1237 2563 ac
1247 2545 1299 2563 non
1309 2536 1397 2574 potius
1408 2545 1524 2569 exteros,
1534 2536 1584 2565 hoc
1594 2537 1629 2565 est
1640 2537 1826 2565 transmarinos
1835 2537 1871 2565 ab

318 2569 437 2614 illis-ipsis
448 2570 618 2598 Zamensibus
626 2569 756 2599 formosos
767 2573 832 2601 adid
842 2574 1006 2610 comparari,
1023 2575 1095 2612 quod
1115 2583 1204 2604 tamen
1224 2577 1359 2604 Vitruvius
1369 2574 1528 2615 apertissime
1537 2576 1703 2613 significavit.
1723 2579 1792 2606 Nam
1804 2587 1869 2607 cum

320 2608 424 2653 dixisset
435 2610 561 2646 ejusmodi
572 2612 598 2639 in
609 2622 638 2639 ea
646 2621 716 2640 terra
724 2616 748 2641 3<
759 2623 825 2653 agro
835 2610 886 2641 effe
896 2612 1027 2645 fontes,ur
1037 2616 1081 2653 qui
1092 2615 1128 2642 ibi
1138 2625 1432 2654 procrearentur,v0ces
1439 2616 1471 2645 ad
1480 2610 1640 2645 cantandum
1651 2617 1777 2645 haberent
1788 2628 1869 2658 egre-

320 2659 387 2688 gias.
401 2651 486 2678 statim
496 2651 641 2692 subjungit,
652 2652 764 2691 ideoque
775 2654 834 2692 quia
844 2653 969 2682 haberent
981 2654 1107 2690 ejusmodi
1117 2658 1155 2683 vis
1165 2654 1264 2688 fontes,
1277 2667 1364 2685 emere
1381 2667 1447 2697 ergo
1458 2668 1513 2685 non
1523 2658 1630 2690 liberos,
1640 2657 1682 2685 sed
1690 2656 1788 2691 servos,
1800 2668 1871 2697 quos

319 2691 389 2717 rec'te
400 2692 509 2719 catallos
521 2702 609 2723 vocat,
619 2692 805 2722 transmarinos
815 2695 924 2733 quidem
936 2694 1013 2734 ipsos,
1024 2706 1108 2734 neque
1118 2696 1168 2724 line
1179 2697 1282 2726 delestu
1295 2718 1302 2729 ,
1312 2697 1354 2726 sed
1363 2695 1449 2725 forma
1459 2699 1617 2733 praestantes.
1638 2697 1705 2726 illud
1714 2708 1778 2726 vero
1789 2709 1872 2728 voca-

321 2727 445 2758 bulorum
456 2741 539 2772 genus
551 2733 660 2768 calastu‘.
674 2733 803 2770 calafiistri
814 2732 845 2766 ὅ
855 2735 963 2770 catasta,
977 2734 1104 2774 nusquam
1115 2737 1277 2766 meminime
1288 2738 1385 2778 legere,
1398 2748 1444 2766 nec
1454 2736 1535 2766 fando
1545 2738 1643 2766 audire.

280 2769 306 2802 e]
331 2770 413 2814 Ideni.
438 2772 601 2801 Existimavit
613 2773 809 2813 Theophrastus
819 2776 863 2803 lib.
873 2776 905 2803 de
916 2776 984 2804 caus.
993 2776 1076 2815 plant.
1086 2787 1124 2805 vi.
1136 2781 1159 2806 &
1172 2775 1186 2805 ὲ
1199 2787 1320 2806 veterum
1330 2778 1467 2810 sententia,
1476 2788 1570 2817 aquam
1581 2787 1657 2806 terra:
1666 2789 1710 2817 pei·
1719 2789 1798 2817 quam
1810 2791 1871 2819 per-

317 2818 408 2854 currit,
419 2809 549 2855 saporibus
560 2812 631 2841 infici
641 2824 695 2842 non
703 2815 779 2843 aliter
786 2826 865 2854 quam
874 2814 974 2845 frustus
986 2817 1056 2849 vitis,
1067 2826 1146 2857 atque
1156 2817 1292 2849 arborum,
1303 2820 1396 2857 quires
1404 2819 1535 2847 radicibus
1543 2819 1644 2854 inustas
1651 2819 1759 2857 sapiant.
1781 2821 1869 2859 Qod

316 2850 384 2877 Plin.
396 2859 514 2879 imit-irus
525 2873 532 2884 ‚
551 2852 597 2880 lib.
610 2864 687 2882 xxxi.
699 2864 756 2894 cap.
766 2866 793 2888 4.
803 2858 838 2884 ait
851 2868 857 2884 2
877 2856 953 2884 Tales
964 2857 1023 2893 fimt
1033 2868 1113 2896 aqua,
1123 2859 1206 2897 qualis
1214 2867 1284 2886 terra
1294 2877 1300 2887 .
1319 2867 1363 2896 per
1371 2868 1449 2898 quam
1451 2858 1555 2897 fluunt,
1572 2859 1706 2899 qualesque
1716 2860 1867 2895 herbarum„

322 2900 385 2934 quae
395 2890 498 2924 lavant,
507 2893 575 2928 finci
585 2906 592 2920 ,-
611 2902 641 2921 ut
650 2895 743 2929 eosdem
754 2905 840 2924 amnes
847 2904 923 2935 parte
929 2897 1018 2935 aliqua
1024 2898 1160 2934 insalubres
1169 2898 1362 2937 reperirinonfit
1368 2899 1508 2935 absurdum
1518 2899 1616 2927 dicere)
1626 2919 1632 2926 .

160 2927 221 2964 Cap.
236 2936 261 2955 v.
280 2931 312 2968 a]
334 2930 481 2959 Phil-uider.
504 2935 610 2970 Aquam
627 2944 722 2963 novam
734 2937 767 2964 sic
778 2937 901 2976 probabis
912 2939 1020 2966 auc'iore
1033 2939 1127 2967 Pallad.
1138 2938 1183 2966 lib.
1194 2949 1232 2967 rx.
1241 2950 1298 2978 cap.
1310 2950 1335 2968 x.
1351 2944 1383 2968 In
1392 2940 1452 2976 vase
1460 2950 1520 2968 aeneo
1527 2940 1724 2977 nitidospargas,
1737 2937 1869 2979 &simas

323 2970 407 3001 culam
418 2972 579 3010 nonfecerit‚
601 2975 734 3012 probabilis
741 2978 885 3016 judicetur.
910 2982 976 3007 Item
985 2978 1084 3009 decoc'ia
1103 2989 1164 3009 aneo
1174 2979 1305 3018 vasculofi
1312 2990 1417 3010 arenam
1427 2980 1471 3009 vel
1477 2980 1567 3010 limum
1576 2990 1625 3011 non
1633 2982 1734 3021 reliquit
1740 2982 1866 3020 infundo.

1800 3021 1870 3051 utili-5
