2023 3162
455 95 1080 135 nzARenirEcrvRA
1136 90 1371 132 L113.V1.
1550 119 1553 121 -
1658 106 1728 133 121

134 166 360 206 adhibeatur.
377 177 457 202 non
470 166 594 202 minus
605 165 716 200 etiam
728 162 1003 201 observandum
1015 162 1074 202 est,
1091 163 1143 200 uti
1155 173 1288 200 omnes
1300 160 1485 199 struCturae
1498 157 1564 207 [h]
1581 173 1736 213 perpen-

138 224 266 260 diculo
277 221 536 272 respondeant,
548 232 668 269 neque
680 219 838 257 habeant
849 220 887 255 in
897 219 971 256 ulla
983 229 1082 271 parte
1094 219 1396 269 proclinationes.
1427 218 1593 255 Maxima
1605 230 1734 256 autem

140 278 207 316 effe
218 279 329 316 debet
339 289 422 315 cura
434 276 753 319 substructionum,
775 274 880 324 qnod
891 276 927 312 in
937 275 991 311 his
1004 275 1145 312 infinita
1154 275 1242 313 vitia
1253 273 1345 311 solet
1354 272 1474 310 facere
1485 283 1584 310 tertre
1596 285 1734 322 conge-

140 335 220 372 stio.
258 334 309 370 Ea
321 334 421 370 enim
439 344 517 369 non
529 331 648 382 potest
658 330 725 367 effe
746 330 884 381 semper
895 343 974 368 uno
987 331 1152 381 pondere
1163 359 1172 375 ‚
1196 343 1274 380 quo
1286 330 1379 367 solet
1390 328 1458 366 effe
1471 340 1535 379 per
1553 329 1731 367 aestatemz

139 390 197 428 sed
209 389 377 437 hybernis
388 387 618 437 temporibus
630 387 843 435 recipiendo
853 398 898 424 ex
909 386 1088 423 imbribus
1101 399 1201 436 aquae
1214 384 1495 424 multitudinem
1508 385 1733 429 crescens‚&

141 446 310 498 pondere
322 474 331 488 ,
351 444 387 480 δέ
399 444 640 493 amphtudine
652 441 842 491 disrumpit
861 442 897 478 ἃ
911 441 1070 480 extrudit
1093 442 1352 479 structurarum
1374 440 1570 492 septiones.
1601 442 1732 489 Itaque

139 513 181 539 ut
192 501 278 538 huic
291 502 385 538 vitio
395 499 585 535 medeatur
599 527 608 542 ,
632 497 681 535 sie
693 500 759 534 erit
770 498 1001 536 faciendum,
1019 499 1071 534 uti
1081 499 1244 547 primum
1255 509 1323 548 pro
1337 498 1581 547 amplitudine
1592 508 1733 546 conge-

140 557 265 595 stionis
275 553 374 593 crassi
382 555 472 592 rudo
483 553 666 591 sumlui-:e
677 552 1065 591 constituatur:deinde
1074 555 1111 590 in
1122 552 1305 590 frontibus
1320 549 1364 604 [ι’]
1379 553 1572 597 anterides,
1583 552 1653 589 sive
1664 553 1731 590 eri-

141 612 224 650 smae
236 611 318 655 suit,
343 621 412 648 una
423 609 600 646 struantur
612 635 619 649 ‚
633 621 757 658 eaeque
767 611 858 646 inter
868 608 902 645 se
919 608 1049 645 distent
1059 618 1164 646 tanto
1174 608 1308 659 spatio,
1319 620 1461 658 quanto
1480 609 1639 646 altitudo
1650 608 1732 646 sub-

142 668 347 706 strtissionis
370 665 419 702 est
436 665 554 703 futura
567 695 575 709 ,
595 663 830 703 crassitudine
850 664 979 702 eadem
999 675 1070 713 qua
1088 664 1319 702 substructio.
1355 665 1583 702 Procurrant
1605 674 1730 701 autem

140 725 188 761 ab
208 726 308 763 imo,
330 733 393 773 pet
412 731 523 771 quam
545 719 743 758 crassitudo
763 720 960 757 constituta
977 719 1087 757 fuerit
1106 719 1398 759 substructionis,
1428 719 1559 758 deinde
1580 730 1732 757 contra-

142 780 278 817 hantur
288 779 476 827 gradatim.
492 778 540 813 ita
551 777 602 812 uti
612 776 794 812 luminam
804 775 960 813 habeant
968 777 1258 825 prominentiam
1269 785 1404 824 quanta
1416 778 1538 825 operis
1549 775 1598 812 est
1609 773 1733 813 crass‘i-

140 835 246 873 tudo.
277 831 635 872 Praetereaintrorsus
647 841 779 869 contra
790 843 978 869 terrenum
993 860 1004 876 ,
1026 832 1080 869 uti
1092 831 1221 869 dentes
1240 831 1432 878 conjuncti
1446 843 1556 869 muro
1567 831 1732 868 serratim

1086 888 1166 940 Q
1596 887 1731 924 struan-

180 981 289 1010 summis
298 981 397 1009 truncis
407 978 561 1018 respondere
574 1001 580 1010 .
593 988 673 1018 atque
683 980 709 1007 in
720 980 864 1008 istiusmodi
875 979 999 1019 operibus
1009 988 1062 1007 non
1075 974 1173 1015 poffint
1186 998 1192 1010 ,
1205 977 1243 1005 his
1255 978 1377 1006 rotundis
1388 998 1394 1009 ‚
1420 976 1459 1005 his
1471 977 1574 1016 angulis
1585 977 1732 1005 constanti-

464 1031 599 1063 incumbat
607 1029 706 1074 samm
1055 1018 1113 1051 bus,
1127 1028 1193 1056 quos
1207 1016 1310 1046 necesse
1321 1019 1356 1046 est
1368 1017 1587 1057 perpendiculum
1599 1018 1733 1045 rotundo-

708 1057 717 1066 '
1056 1069 1115 1088 rum
1125 1059 1263 1098 scaporum
1273 1057 1408 1097 superarei
1428 1067 1523 1086 contra
1534 1068 1614 1096 quam
1633 1059 1671 1085 r'es
1683 1068 1733 1085 ex-

1052 1101 1131 1140 petit.
1155 1101 1184 1128 ld
1196 1100 1255 1127 vitii
1266 1100 1406 1127 emendare
1416 1099 1560 1127 voluerunt
1573 1107 1673 1127 veteres
1685 1098 1734 1126 ali-

1038 1139 1327 1179 ,quotArchitectiJed
1337 1139 1404 1168 haud
1415 1139 1469 1168 scio
1481 1149 1513 1167 an
1526 1139 1601 1166 omni
1612 1149 1643 1166 ex
1655 1148 1733 1177 parte

1051 1180 1177 1210 fecerint.
1200 1184 1229 1208 In
1239 1182 1269 1209 iis
1281 1179 1389 1209 fuerunt
1400 1201 1406 1212 ‚
1429 1181 1474 1219 qui
1487 1180 1602 1207 thermas
1619 1179 1734 1208 Diocle—

1052 1223 1117 1250 tiani
1129 1243 1135 1254 ,
1146 1223 1244 1260 quique
1258 1223 1331 1250 Pacis
1342 1222 1474 1260 templum
1484 1228 1645 1251 extruxerat,
1657 1218 1732 1258 quod

1052 1263 1084 1291 ad
1094 1263 1192 1291 sacram
1202 1264 1274 1290 viam
1285 1261 1451 1300 Vespaiianus
1463 1259 1647 1289 aedificandum
1658 1270 1734 1288 cura-

1054 1305 1185 1342 vit,atque
1195 1304 1239 1342 qui
1250 1303 1346 1331 Bacchi
1358 1303 1388 1330 ad
1401 1303 1470 1329 viam
1480 1304 1680 1330 Numentanam
1691 1300 1734 1329 se-

1054 1345 1143 1373 cundo
1151 1342 1204 1372 fere
1214 1344 1246 1372 ab
1257 1343 1320 1372 urbe
1331 1343 1416 1381 lapide
1426 1342 1614 1370 architectatus
1627 1342 1671 1373 est,
1686 1351 1731 1370 aut

1052 1386 1213 1414 instauravit.
1237 1385 1279 1412 Illi
1291 1384 1580 1422 velutiprorumpentia
1591 1393 1622 1410 ex
1632 1384 1733 1420 pariete

1051 1427 1206 1454 intimarum
1215 1425 1343 1457 trabium,
1352 1425 1378 1453 id
1388 1425 1424 1453 est
1432 1424 1623 1464 epistyliorum,
1635 1424 1731 1461 capita,

1054 1466 1176 1506 zophoro
1194 1471 1218 1495 3<
1230 1468 1357 1495 coronice
1367 1466 1469 1494 circum
1487 1473 1592 1495 ornata,
1611 1464 1680 1491 inter
1690 1473 1734 1490 ar-

1055 1518 1100 1536 cus
1112 1511 1135 1536 8<
1144 1506 1293 1536 substitutas
1305 1506 1441 1535 columnas
1452 1505 1653 1545 protenderunt.
1675 1504 1734 1532 Hic

1053 1559 1107 1576 non
1119 1548 1251 1576 simulavit
1270 1547 1386 1576 trabium
1406 1547 1593 1585 eruptionem,
1611 1543 1653 1572 sed
1664 1565 1671 1576 ,
1683 1554 1735 1573 ceu.

1054 1599 1100 1628 per
1113 1586 1231 1617 frontem
1241 1589 1312 1626 prius
1325 1589 1394 1616 inter
1404 1597 1477 1615 arcus
1490 1590 1514 1614 &
1529 1585 1665 1614 columnas
1677 1585 1738 1623 epi-

1055 1630 1178 1669 stylium·
1191 1628 1324 1668 zophorus
1335 1632 1358 1656 &
1370 1627 1482 1656 coronix
1490 1622 1736 1657 decurriffent‚inio

1054 1670 1175 1709 epistylio
1187 1674 1212 1699 δε
1230 1669 1370 1707 pulvinato
1388 1667 1508 1706 zophoro
1517 1667 1548 1694 ad
1558 1676 1632 1705 pares
1649 1675 1736 1706 angu-

1053 1711 1093 1738 los
1105 1719 1200 1738 contra
1211 1710 1347 1737 columnas
1357 1707 1461 1736 resectis
1471 1729 1478 1740 ‚
1497 1708 1656 1735 coronicum
1667 1716 1735 1744 pro-

1053 1751 1166 1786 jesturas
1176 1771 1183 1781 ,
1205 1750 1245 1778 uti
1255 1751 1342 1787 operis
1354 1750 1422 1776 ratio
1433 1747 1557 1786 exigebat
1569 1767 1576 1779 ‚
1597 1747 1732 1774 distendit.

1054 1791 1119 1818 Hoc
1136 1793 1214 1829 pasto
1232 1790 1450 1818 existimaverunt
1470 1797 1523 1815 non
1535 1784 1586 1815 effe
1605 1786 1733 1814 mendosa

1052 1830 1094 1859 sua
1106 1841 1193 1869 opera.
1215 1834 1239 1858 δε
1251 1830 1365 1869 angulos
1377 1837 1485 1856 arcuum
1501 1826 1622 1855 firmiora
1634 1826 1734 1854 habere

179 1868 284 1899 cubilia.
307 1871 370 1899 Non
381 1867 486 1909 possum
497 1871 547 1899 ulla
558 1872 662 1898 ratione
671 1869 772 1903 facere,
794 1872 857 1911 quin
869 1871 978 1900 inscitia:
989 1881 1033 1899 eos
1054 1871 1205 1899 infimulem
1216 1892 1222 1903 ,
1246 1872 1292 1909 qui
1305 1870 1398 1898 mediis
1409 1868 1522 1896 arcuatis
1534 1868 1667 1895 sttuzsturis
1686 1877 1735 1895 co-

355 1912 469 1941 lumnas,
480 1920 524 1939 aut
537 1921 599 1949 quas
611 1921 708 1939 vocant
720 1913 834 1951 pilastras
845 1933 852 1942 .
863 1912 914 1940 five
925 1912 1011 1950 planas
1023 1911 1160 1939 columnas
1170 1910 1356 1950 superstruunt.
1380 1909 1537 1936 Proximum
1552 1917 1646 1936 eorum
1657 1917 1735 1936 erro-

355 1962 411 1980 rem
429 1952 500 1980 dnco
512 1972 519 1981 ,
537 1951 582 1990 qui
595 1952 622 1979 in
632 1953 782 1980 extruendo
793 1963 846 1980 non
863 1952 1002 1980 columnas
1015 1952 1146 1980 columnis
1164 1952 1306 1990 imponunt
1318 1971 1324 1980 ,
1344 1950 1386 1978 seu
1406 1959 1442 1977 eae
1462 1949 1511 1977 lint
1531 1949 1668 1979 rotundae,
1689 1947 1733 1976 seu

353 1993 437 2030 planae
449 1993 498 2020 {int
511 2013 516 2024 ,
535 1991 576 2020 sed
594 1992 621 2019 in
633 1993 724 2020 mediis
742 1991 902 2022 inferiorum
914 1992 1128 2021 intercolumniis
1146 1991 1290 2031 superiores
1305 1991 1457 2020 collocant.
1470 1989 1542 2029 quod
1554 1999 1639 2029 genus
1656 1997 1732 2017 extra

354 2034 456 2063 Vrbem
465 2035 492 2061 in
503 2034 586 2072 Appia
597 2032 726 2061 videmus.

809 2115 812 2118 ‚
847 2128 1085 2185 Perpendiculi
1093 2130 1226 2184 figura.

397 2232 427 2267 h]
451 2233 533 2261 Idem.
559 2234 743 2272 perpendiculi
754 2242 849 2273 praeter
858 2235 883 2264 id
893 2235 924 2264 de
935 2245 989 2274 qno
1000 2234 1046 2263 lib.
1055 2245 1080 2262 vi
1089 2244 1109 2261 1.
1127 2232 1375 2263 demonstrabimus,
1385 2231 1421 2258 est
1430 2229 1499 2258 aliud
1510 2238 1604 2269 genus,
1617 2238 1672 2267 quo
1683 2239 1731 2257 ex-

358 2272 476 2310 ploratur
484 2274 570 2302 ullane
587 2275 616 2301 sn:
628 2275 655 2302 in
665 2275 792 2303 strustura
803 2277 979 2312 proclinatio:
1000 2274 1057 2303 fieri
1067 2283 1157 2302 autem
1168 2275 1254 2312 potest
1264 2274 1316 2301 hoc
1330 2272 1420 2299 modo.
1443 2273 1480 2298 Sit
1491 2269 1582 2309 regula
1598 2280 1642 2308 per
1655 2270 1730 2303 cujus

359 2313 476 2341 medium
487 2335 494 2346 ,
513 2324 592 2351 quam
601 2315 684 2353 longa
694 2315 729 2342 est
741 2336 747 2346 ,
766 2314 916 2343 deformata
927 2315 958 2343 fit
968 2316 1051 2343 linea:
1076 2315 1237 2353 propendeat
1249 2312 1262 2341 ὲ
1282 2313 1327 2341 filo
1346 2311 1484 2350 plumbum
1502 2310 1535 2338 ab
1546 2310 1674 2338 alterutro
1684 2320 1730 2338 ca⁴

358 2354 426 2391 pite:
447 2355 472 2381 in
484 2354 568 2381 altero
587 2363 615 2382 ut
633 2355 804 2383 commodius
815 2355 861 2383 fiat
874 2377 881 2388 ‚
901 2355 930 2383 fit
949 2354 1084 2386 foramen,
1103 2355 1129 2382 in
1140 2355 1211 2393 quod
1223 2350 1302 2393 poffit
1313 2353 1454 2391 plumbum
1473 2353 1570 2379 intrare
1582 2371 1588 2381 ,
1606 2360 1651 2378 aut
1660 2350 1730 2378 alind

356 2394 491 2432 quippiam
502 2394 639 2430 ejusmodi.
662 2396 699 2422 Ea
709 2395 802 2434 regula
811 2406 873 2424 cum
885 2395 1072 2424 admovebitur
1082 2395 1217 2424 strusturae
1227 2416 1234 2427 ‚
1245 2395 1262 2422 fi
1274 2394 1382 2433 quidem
1393 2393 1463 2421 tedia
1474 2393 1524 2420 erit
1537 2412 1543 2421 ‚
1559 2390 1634 2418 filum
1652 2389 1666 2418 ὲ
1676 2400 1731 2428 quo

357 2436 453 2472 pendet
465 2435 604 2473 plumbum
617 2455 623 2467 ‚
644 2443 738 2474 tanget
749 2444 835 2464 tetam
844 2437 1002 2474 descriptam
1012 2436 1108 2463 lineam
1122 2446 1129 2464 ε
1149 2436 1167 2464 fi
1183 2436 1269 2475 aliqua
1277 2434 1416 2463 inclinatio
1426 2431 1505 2462 fuerit
1525 2430 1643 2470 &ipsum
1654 2430 1730 2459 filum

357 2472 460 2503 neceffe
469 2476 505 2503 est
516 2474 608 2503 alinea
618 2474 757 2504 discedere.
780 2477 842 2512 Ejus
850 2475 966 2516 figuram
976 2475 1152 2515 apposuimus.

397 2535 426 2568 i]
445 2533 592 2561 Philander.
615 2534 675 2561 Nos
697 2533 983 2570 contrafortia&arcus
994 2532 1146 2562 obnitentes
1155 2533 1281 2562 dicimus.
1304 2533 1364 2560 Itali
1378 2531 1504 2568 sperones,
1522 2537 1570 2558 ceu
1582 2528 1631 2557 sint
1641 2529 1728 2557 calca.-

357 2572 404 2605 ria,
418 2574 441 2602 id
454 2575 497 2605 est,
515 2574 668 2601 obnitentes
680 2576 759 2602 muris
770 2575 833 2613 pilas
843 2583 951 2602 vocant.
962 2574 1060 2602 Eadem
1069 2574 1196 2603 dicuntur
1206 2573 1347 2612 'ageio-sta&
1359 2583 1409 2611 qua
1419 2571 1536 2598 dictione
1545 2570 1629 2598 utitur
1637 2580 1694 2608 cap.
1707 2579 1729 2596 1.

358 2613 404 2641 lib.
415 2625 440 2642 x.
458 2613 548 2642 Habet
569 2615 828 2653 TarquiniiSupcrbi
848 2625 932 2655 agger
952 2615 995 2650 (is
1007 2614 1085 2642 hodie
1098 2614 1131 2643 ab
1149 2615 1205 2643 aede
1224 2615 1325 2643 D.Viti
1344 2614 1413 2641 nltra
1434 2610 1596 2639 Diocletiani
1612 2610 1731 2638 thermas

359 2654 494 2691 protensus
507 2655 645 2690 cernitur)
663 2656 793 2683 antei-ides
806 2676 812 2687 ‚
828 2655 869 2683 sed
888 2655 1030 2694 aliquando
1051 2652 1243 2694 frequentiores
1255 2676 1262 2688 ,
1280 2653 1423 2692 aliquando
1433 2651 1543 2678 rariores
1556 2671 1562 2683 ‚
1584 2650 1609 2678 id
1621 2652 1656 2679 est
1674 2651 1731 2689 plus

358 2695 427 2723 inter
444 2695 467 2724 se
483 2696 606 2723 distantes
618 2716 624 2727 ‚
642 2706 721 2734 qnam
733 2697 848 2724 Vitruvii
861 2695 1041 2734 praescriptum
1053 2697 1161 2734 patitur.
1182 2699 1275 2734 Qam
1291 2704 1345 2722 rem
1364 2693 1429 2721 bene
1441 2690 1576 2719 consultus
1590 2712 1597 2724 ,
1617 2690 1732 2731 quisquis

358 2733 408 2764 fuit
421 2736 480 2767 ille,
496 2735 665 2764 Architecius
684 2747 731 2775 pto
750 2736 803 2764 loci
819 2745 911 2764 natura
929 2737 1098 2775 temperavit.
1122 2736 1217 2764 Claud.
1236 2733 1375 2772 Salmasius
1394 2734 1421 2760 in
1440 2731 1560 2759 Solinum
1577 2742 1639 2772 pag.
1657 2737 1733 2760 1216.

356 2777 497 2804 Anterides
513 2775 570 2804 suut
588 2776 720 2805 columnae
733 2777 773 2805 vel
794 2777 890 2815 lapides
909 2777 1098 2805 eminentiores
1117 2778 1162 2816 qui
1174 2778 1380 2814 interponuntur
1391 2773 1422 2801 ad
1437 2772 1610 2800 sustinendam
1622 2773 1736 2801 strnou-

356 2828 429 2845 ram.
460 2820 585 2845 Graecum
597 2818 632 2845 cst
652 2816 801 2852 αέτηῶὶδὶς,
818 2816 899 2848 λ’πὲὲἲ
918 2815 1075 2854 Μ’πςεέδεπν.
1104 2817 1180 2845 Vnde
1197 2820 1222 2844 &
1242 2813 1423 2853 ιώπξείσμυαᾶι
1443 2813 1525 2840 etiam
1541 2813 1626 2841 dista.
1646 2811 1736 2851 Hesy-

356 2858 448 2890 cliius;
472 2856 611 2892 A'm-qfs'dtc
624 2880 630 2888 ,
654 2858 685 2886 πὶ
704 2856 867 2896 αι’πξεῖἓινῖα,
887 2855 957 2895 gib-ae
977 2855 993 2887 ἢ
1012 2857 1095 2885 λίθινα,
1115 2854 1352 2891 ,βαὲισκίυρίσμδφῖιμ
1378 2854 1435 2892 pil-2
1454 2852 1511 2881 sunt
1529 2853 1636 2891 lapideae
1652 2854 1733 2881 muris

356 2899 468 2934 objeziae
480 2902 502 2926 ἃ
512 2899 617 2926 obnixa:
628 2899 658 2927 ad
673 2895 834 2927 fulciendam
845 2895 982 2926 fabricam.
1005 2898 1129 2928 Vitruvio
1141 2896 1263 2931 Erismx,
1276 2897 1302 2925 id
1311 2896 1360 2930 est,
1379 2894 1510 2934 {fcio-pha&
1519 2915 1525 2921 .
1546 2894 1616 2923 Haec
1633 2893 1733 2932 crispin,

356 2949 385 2969 ut
397 2939 452 2969 lnec
471 2939 587 2967 schema.

1629 2984 1727 3022 1¹]th-

295 3055 326 3134 ‘'XXNNNNW
309 2859 326 3021 wmmxxffiwm
303 1940 324 2832 XXQWRNQXXXXXXXXXXNXXXXXXNXXXXXNNXXXXXNXQNNQXQQXQXXXXX&XXXXNNNXNXNNN'NQNXXXXQNXWQQXXNXW
