2023 3162
254 53 296 87 35
593 37 1502 79 PoMrorttvsGAvnrcvs

248 109 516 154 Heroibus,illa
528 106 747 161 {damasum
758 118 881 146 tamen
892 106 1001 144 initio
1013 105 1062 143 sic
1074 117 1225 144 vocatas
1236 106 1629 158 ornnes‚maximeque
1639 110 1836 149 numinum

245 165 525 218 ffigyptiomm.
558 168 652 218 Qae
675 164 841 214 Regibus
862 157 1072 210 wiciffloislox.
1092 163 1188 217 Qae
1197 160 1438 212 sapientibus,
1456 156 1607 204 Σείκελοι,
1619 178 1698 215 quae
1710 178 1835 205 autem

246 222 570 261 benemerentibus
590 224 686 260 viris,
700 217 830 273 βρέτεα
846 229 1040 256 vocarunt.
1063 218 1168 255 Nam
1187 212 1385 266 ὡιμοιγεὲοι,
1396 218 1720 267 quemadmodum
1740 223 1776 259 δε
1796 224 1835 260 in

245 279 388 329 pictura
398 274 509 318 εἰκόνες
522 306 531 321 ,
542 279 587 316 de
599 278 704 314 vultu
716 277 853 326 opinor
863 274 955 314 sunt,
969 274 1089 323 deque
1102 274 1280 311 membris
1293 272 1374 323 ipsis
1392 273 1557 325 expressa:
1571 274 1833 320 similitudines.

248 347 340 384 quas
352 346 421 372 nos
440 336 618 382 imagines
630 333 871 383 appellamus.
904 330 1053 367 Namin
1074 331 1223 378 reliquis
1241 329 1366 366 frustra
1384 331 1499 367 ullam
1520 331 1751 370 inveniemus
1772 345 1837 384 ap-

248 391 490 441 pellationem
503 417 512 433 ,
535 388 598 425 nisi
611 387 708 426 sorte
726 388 842 425 unico
853 385 1041 424 vocabulo
1060 384 1200 435 effigies
1218 385 1425 423 dixerimus.
1457 387 1587 435 figura
1599 388 1699 424 enim
1719 400 1762 425 ea
1773 388 1838 433 est,

247 447 376 496 quaein
386 446 497 495 plano
509 443 844 494 designatur‚linea,
855 442 1022 481 circulus,
1031 440 1193 478 hominis
1205 451 1314 490 atque
1326 442 1412 489 equi
1422 440 1837 493 circumscriptio,qu0d

204 493 213 504 ⁸
249 504 294 540 ab
309 503 376 539 illis
388 502 499 551 χῆμαι
509 510 753 552 nuncupatur.
774 492 973 546 Α’ροέλμαόι
982 496 1135 547 quidem
1147 497 1240 533 olim
1255 498 1414 533 Homeri
1425 497 1658 547 temporibus
1669 499 1839 538 diceban-

248 568 308 595 tur
324 558 459 606 quaevis
481 557 712 607 templorum
730 564 952 593 ornamenta
964 582 974 597 ‚
993 564 1073 602 qua:
1096 551 1338 603 spestantium
1350 554 1496 591 animos
1509 552 1717 594 afficerent,
1740 556 1839 593 unde

250 613 287 651 δέ
298 624 440 650 nomen
455 612 558 662 quod
567 613 681 662 vulgo
691 612 803 649 etiam
814 608 987 648 remansit
996 608 1167 646 habuere.
1186 607 1370 646 Posterius
1382 619 1472 645 vero
1484 610 1700 658 generaliter
1710 611 1745 648 ὃς
1756 611 1838 662 ipsae

248 668 370 706 statuae
383 698 392 712 ,
412 668 571 720 q.uod'ex
584 669 626 704 iis
644 665 878 719 potissimum
890 675 1108 705 ornamenta
1127 663 1346 702 constarent.
1381 667 1476 719 Qae
1486 676 1574 701 vero
1585 664 1676 702 infra
1686 666 1840 705 humani

249 723 391 762 habitus
402 725 573 761 staturam
584 723 686 763 fient,
701 721 870 760 universa:
882 733 1015 760 omnes
1026 720 1123 770 signa
1132 730 1337 758 vocantur:
1350 723 1448 757 unde
1458 722 1497 757 &
1508 719 1633 770 sigilla,
1654 734 1733 770 quae
1745 724 1840 762 intra

249 779 345 818 hanc
357 781 553 818 minimam
564 790 671 828 erunt
681 778 1083 830 portionem,cubitalis
1094 774 1308 826 palmarisve
1317 776 1595 816 altitudinis‚vel
1604 778 1716 816 etiam
1725 790 1840 828 quan-

250 846 332 874 tum
343 836 420 873 fieri
432 846 607 886 poterunt
620 835 779 874 tantillae.
795 835 873 872 hoc
886 834 946 871 est.
960 844 1067 883 parva
1080 831 1188 882 signa.

307 891 512 941 Postquam
523 892 568 928 de
586 891 804 940 Symmetria
815 889 997 932 diximus,
1016 887 1220 924 dicendum
1238 899 1339 925 nunc
1350 888 1396 925 de
1414 889 1679 927 Lineamcntis.
1709 889 1841 928 Linea·

250 958 375 985 menta
388 958 512 985 autem
525 946 602 994 sunt
612 947 715 983 reeta:
728 956 978 995 congruarum
991 945 1169 980 linearum
1181 942 1374 980 ductiones
1385 969 1393 983 ‚
1417 944 1461 981 ad
1471 945 1751 995 uniuscujusque
1761 945 1839 996 spe-

250 1006 347 1041 ciem
358 1002 691 1040 demonstrandam.
714 1001 918 1038 Linearum
935 1011 1024 1037 vero
1036 999 1112 1035 aliae
1133 1008 1324 1039 extremae,
1342 1011 1423 1048 quae
1435 999 1687 1038 &ambientes
1707 1003 1842 1039 dicun-

248 1069 306 1096 tur
319 1088 328 1103 ,
348 1070 464 1108 quam
484 1067 650 1095 extrema
670 1056 968 1107 complefflmur.
999 1055 1094 1093 Aliae
1116 1066 1205 1091 vero
1223 1054 1447 1092 intermediae
1460 1083 1469 1099 ,
1487 1067 1605 1104 quum
1624 1069 1680 1094 res
1701 1057 1842 1095 medias

248 1113 442 1164 significari
465 1113 803 1162 membrorumque
815 1112 994 1159 juniiuras
1013 1110 1184 1160 distingui
1202 1111 1394 1149 volumus.
1427 1111 1691 1150 Ambientium
1712 1122 1842 1151 autem

206 1185 209 1189 ·
249 1170 504 1208 ducendarum
525 1171 620 1207 ratio
638 1181 682 1206 ex
701 1169 892 1206 :ultionum
912 1168 1083 1205 varietate
1103 1166 1321 1218 multiplex,
1345 1178 1388 1204 ac
1397 1177 1491 1217 pene
1510 1166 1663 1204 infinita.
1694 1168 1842 1207 Possem

252 1238 326 1276 ego
336 1236 462 1264 totum
475 1225 574 1262 hunc
587 1224 762 1265 aestivum.
784 1233 942 1274 quantus
962 1223 1032 1268 est,
1051 1223 1151 1260 diem
1164 1223 1384 1260 consumere
1396 1248 1404 1262 ,
1425 1221 1716 1262 demonstrando
1726 1225 1778 1262 uti
1789 1224 1843 1262 isti

255 1283 454 1319 aridiorem
466 1294 510 1319 cx
522 1282 721 1331 triangulo,
734 1281 941 1331 pleniorem
952 1292 997 1318 ex
1010 1278 1270 1329 quadrangulo
1280 1277 1411 1316 facicm
1423 1278 1589 1317 constare
1602 1277 1776 1318 doceant,
1791 1282 1845 1318 uti

255 1341 349 1376 intra
369 1337 505 1375 horum
533 1337 624 1376 fines
644 1337 830 1386 reliquum
851 1348 968 1374 omne
994 1346 1130 1387 corpus
1160 1334 1210 1371 lic
1229 1334 1424 1372 intercludi
1448 1345 1625 1385 oportere
1646 1336 1840 1387 disputent.

256 1394 379 1432 Recte
390 1395 543 1443 quidem
555 1423 565 1438 ,
577 1403 617 1431 ut
628 1394 691 1443 qui
703 1393 863 1430 Platonis
875 1393 1065 1429 Timaeum
1077 1386 1347 1442 perdidicerint‚
1362 1389 1420 1427 sed
1431 1390 1476 1427 ab
1489 1391 1556 1427 hac
1569 1390 1688 1429 nostra
1698 1391 1845 1429 dicendi

257 1448 456 1487 certissime
475 1450 562 1487 serie
573 1451 763 1499 aliquanto
783 1449 977 1499 remotius.
1011 1447 1264 1498 Compertum
1285 1447 1386 1484 enim
1398 1445 1578 1484 habemus
1590 1475 1600 1491 ‚
1621 1447 1846 1486 lineamenta

256 1507 388 1543 onmia
398 1506 523 1557 exipsa
542 1517 747 1555 corporum
764 1505 986 1554 Symmetria
998 1532 1008 1547 ,
1028 1515 1071 1540 ex
1081 1504 1228 1552 optice,
1247 1502 1283 1539 δε
1296 1514 1341 1539 ex
1353 1500 1642 1552 physiognomia
1651 1503 1753 1541 sumi.
1783 1505 1845 1541 De

257 1563 482 1611 Symmetria
492 1561 631 1599 dictum
646 1575 653 1598 ε
668 1572 758 1598 mox
771 1572 863 1599 vero
875 1559 920 1597 de
931 1560 1096 1610 reliquis,
1108 1558 1133 1595 si
1145 1561 1240 1609 prius
1251 1558 1514 1597 ducendorum
1524 1558 1845 1598 lineamentorum

255 1619 443 1655 rationem
466 1619 487 1654 a
507 1630 566 1654 me
583 1617 700 1667 pridie
718 1618 757 1653 in
776 1616 923 1667 pisturis
953 1615 1202 1664 excogitatam
1231 1613 1591 1652 commonstravero.
1624 1615 1845 1666 Corporum

256 1674 412 1722 quidem
422 1675 597 1711 omnium
608 1672 840 1710 latitudinem
852 1701 861 1716 ,
885 1672 989 1719 (nam
1000 1672 1204 1721 longitudo
1215 1669 1256 1708 fit
1267 1670 1408 1720 semper
1421 1670 1613 1707 :Altitudo
1625 1682 1751 1709 autem
1767 1683 1847 1709 um-

259 1730 332 1767 bris
344 1728 615 1779 luminibusque
627 1727 879 1779 significatur.)
894 1727 930 1764 Si
941 1726 1101 1778 depressa
1112 1725 1193 1771 sint,
1207 1737 1249 1763 ut
1258 1726 1385 1777 pestus
1398 1755 1407 1771 ,
1422 1736 1585 1775 tergum,
1597 1727 1688 1764 libet
1705 1725 1763 1763 sua
1783 1727 1847 1764 de-

256 1784 475 1835 scriptione:
495 1785 544 1823 sic
567 1785 589 1823 sl
602 1784 764 1823 rotunda
775 1810 784 1824 ‚
807 1786 856 1821 ut‘
865 1793 994 1833 caput,
1016 1783 1159 1821 collum
1171 1807 1179 1820 ,
1202 1781 1370 1821 brachia,
1385 1793 1508 1820 coxae,
1524 1794 1639 1828 crura,
1650 1783 1763 1832 digiti,
1779 1794 1847 1819 co-

258 1840 442 1881 lumnulae‚
457 1845 493 1880 ὅ(
505 1841 686 1887 ejusmodi
700 1870 709 1885 ‚
722 1853 765 1878 ex
776 1840 883 1878 tertia
891 1838 963 1877 sitae
975 1841 1012 1876 in
1026 1838 1368 1876 circumferentiam
1381 1837 1616 1875 dimensionis
1625 1848 1728 1888 parte
1737 1836 1844 1877 finiri.

258 1894 336 1931 hoc
347 1905 385 1932 ut
397 1896 525 1933 videtis
543 1898 668 1946 pasto:
693 1897 797 1933 Nam
815 1894 1138 1944 quemadmodum
1156 1896 1194 1931 in
1207 1894 1420 1932 chartarum
1437 1894 1530 1944 typis
1543 1893 1656 1930 noe‘tu
1673 1903 1782 1941 atque
1793 1895 1844 1930 in-

259 1951 381 1988 terdiu
400 1963 443 1988 ex
463 1952 619 1989 lucernae
638 1950 792 1999 solisque
811 1951 941 1987 umbra
961 1950 1324 1998 circumscriptiones
1349 1947 1429 1985 fieri
1447 1948 1592 1998 possent
1612 1974 1620 1988 ‚
1651 1947 1846 1986 ostendere

260 2005 541 2055 ineptissimum.
620 2055 623 2057 -

315 2061 678 2111 Physiognomonica
695 2060 745 2099 est
755 2071 854 2099 certa
864 2059 1032 2110 quaedam
1043 2059 1266 2103 observatio,
1277 2070 1349 2108 qua
1361 2071 1404 2096 ex
1416 2061 1458 2096 iis
1470 2071 1551 2109 quae
1563 2060 1717 2111 corpori
1727 2059 1846 2098 insunt

258 2115 367 2166 signis
379 2147 387 2161 ,
399 2119 611 2156 animorum
622 2118 731 2155 etiam
744 2117 938 2165 qualitates
956 2115 1191 2153 denotamus.
1205 2116 1336 2152 Solent
1347 2117 1458 2155 enim,
1475 2116 1559 2152 utin
1571 2116 1771 2165 proverbio
1783 2116 1847 2161 cst,

258 2172 437 2210 artificem
448 2173 686 2212 instrumenta
699 2202 708 2218 ,
729 2172 929 2209 dominum
939 2171 1057 2220 qualis
1075 2170 1116 2208 sit
1127 2171 1264 2208 domus
1275 2170 1481 2209 ostendere.
1512 2171 1585 2207 Vix
1597 2180 1723 2209 autem
1734 2173 1846 2221 expli-

258 2230 332 2265 cari
342 2230 472 2278 potest,
482 2239 665 2279 quantum
675 2229 846 2267 statuario
857 2228 961 2264 usum
972 2226 1111 2276 praestet
1127 2225 1469 2275 Physiognomonia
1482 2237 1503 2263 :²
1513 2229 1607 2278 02³!ae
1616 2228 1728 2263 variu-
1737 2223 1849 2277 obfi’r-

261 2280 457 2321 vatiom'bus
467 2283 604 2335 constat,
618 2298 700 2337 qums
711 2280 769 2328 hic¹
776 2281 909 2336 referre
917 2278 1011 2319 nihil
1017 2282 1155 2327 attinet,
1164 2283 1243 2334 quia
1247 2280 1352 2333 plane
1359 2279 1597 2332 diverstefimt
1604 2280 1792 2334 disciplinae.

317 2339 405 2377 Pers
399 2340 539 2390 peciiva
551 2341 614 2378 etsi
625 2341 739 2378 ferme
748 2349 826 2377 tota
837 2339 1020 2389 pidiorum
1034 2337 1100 2375 effe
1110 2339 1274 2375 videatur
1286 2366 1295 2382 ‚
1306 2337 1348 2375 ad
1360 2336 1589 2389 sculptorum
1600 2350 1754 2387 quoquc
1764 2349 1847 2375 mu-

260 2406 328 2432 nus
340 2395 492 2434 refertur
502 2408 615 2446 quam
626 2392 945 2434 commodissime.
974 2394 1025 2430 Ea
1037 2393 1187 2444 duplex,
1197 2394 1307 2431 altera
1317 2393 1362 2430 ad
1373 2392 1662 2443 Physiologiam‚
1674 2394 1786 2431 altera
1798 2393 1845 2430 ad

263 2448 450 2503 Γρριφικίυ)
464 2454 633 2503 pertinet.
663 2453 788 2488 Priore
807 2450 1031 2500 quidemilla
1048 2450 1211 2487 rationes
1223 2449 1428 2488 traduntur,
1443 2450 1556 2486 curin
1575 2449 1782 2499 conspicuis
1794 2450 1845 2485 ira

260 2508 469 2559 perspectus
477 2507 699 2551 afficiantur,
709 2519 752 2544 ac
762 2505 1086 2555 quemadmodum
1096 2506 1228 2554 triplex
1240 2505 1298 2542 illa
1306 2503 1489 2554 speciendi
1499 2505 1594 2541 ratio
1606 2504 1682 2549 fiat,
1695 2518 1738 2542 ex
1750 2505 1849 2541 dire-

263 2566 339 2609 eto,
351 2577 394 2602 ex
407 2564 608 2601 reflexione
619 2593 629 2608 ,
648 2574 690 2599 ac
701 2561 922 2599 refractione
931 2561 1132 2599 radiorum.
1147 2564 1245 2614 Qae
1255 2562 1341 2609 quia
1352 2561 1534 2597 remotior
1544 2559 1593 2596 est
1604 2560 1650 2597 ab
1663 2560 1739 2597 hoc
1748 2558 1846 2595 insti-

262 2630 357 2659 tuto,
373 2620 417 2658 de
429 2631 470 2657 ea
482 2617 545 2656 hic
556 2631 633 2656 non
645 2630 761 2668 agam.
777 2616 962 2654 Posterior
972 2618 1062 2654 item
1073 2616 1225 2666 duplex:
1241 2627 1328 2653 narn
1339 2616 1399 2653 vel
1409 2616 1454 2653 ad
1464 2625 1589 2653 totum
1600 2615 1768 2666 opus‚vel
1778 2613 1844 2651 sin-

262 2677 363 2724 gulas
377 2678 534 2726 pertinet
545 2672 673 2726 partes.
689 2675 783 2725 Qae
795 2673 839 2710 ad
850 2682 974 2710 totum
985 2683 1080 2722 opus
1092 2673 1260 2723 pertinet,
1275 2672 1387 2722 prior,
1402 2683 1446 2708 ac
1456 2671 1531 2709 visu
1542 2673 1701 2721 primum
1712 2669 1844 2716 dijudi-

266 2742 385 2767 catur:
398 2745 480 2779 quae
491 2743 580 2769 vero
593 2731 638 2767 ad
651 2740 846 2782 patres.eas
859 2727 921 2765 sibi
932 2739 985 2764 res
997 2727 1266 2766 tantummodo
1279 2725 1559 2764 considerandas
1571 2726 1748 2776 proponit
1759 2736 1843 2772 quae

265 2788 352 2836 pers
346 2788 507 2835 pestioni
517 2796 727 2825 occurrent.
743 2785 877 2822 Prioris
890 2793 1014 2820 autem
1025 2795 1104 2833 quae
1113 2783 1217 2820 latius
1229 2780 1296 2819 sese
1307 2780 1464 2820 effundit
1474 2778 1844 2823 ratiocinatio‚sume-

262 2852 320 2879 tur
330 2841 388 2878 sic.
401 2842 525 2877 Omne
536 2853 671 2893 corpus
681 2850 910 2891 quocunque
918 2839 1006 2876 statu
1018 2839 1220 2877 eonstiterit
1234 2867 1244 2883 ,
1255 2839 1291 2874 in
1302 2839 1430 2886 aliquo
1439 2834 1643 2875 ne’ccss'erest
1661 2835 1729 2871 effe
1739 2835 1843 2872 loco.

263 2897 683 2947 Locusigiturprimum
693 2895 962 2946 designabitur,
980 2893 1087 2944 quod
1104 2894 1258 2944 planum
1278 2903 1433 2930 vocant:
1461 2892 1573 2938 facies
1593 2899 1720 2981 auten?
1730 2901 1843 2983 quiam

1714 2957 1762 2982 lte
1783 2973 1785 2976 .
1802 2959 1813 2982 1
1828 2968 1843 2977 ·-
