2023 3162
436 94 1058 133 ozAncnxrncrvRA
1115 91 1384 135 L113.v11.
1641 107 1716 147 ης*

126 160 234 203 simul
243 175 286 202 ae
301 161 502 200 humorem
514 170 761 213 perceperunt
772 191 782 206 ‚
795 160 828 198 se
837 170 1058 211 torquentes
1068 164 1178 201 rimas
1188 163 1328 202 faciunt
1338 166 1375 201 in
1385 167 1621 216 pavimentis.
1651 170 1717 206 Sin

128 231 253 258 autem
265 220 404 258 esculus
423 230 500 256 non
511 220 595 258 erit,
619 220 657 255 ὃ(
666 215 857 254 necessitas
875 219 1046 267 coegerit
1063 229 1218 270 propter
1227 221 1396 271 inopiam
1416 224 1469 260 uti
1481 226 1626 271 quernis
1639 252 1648 268 ,
1669 224 1717 261 sic

127 276 275 313 videtur
287 275 355 313 effe
365 274 590 317 faciendum,
601 284 642 311 ut
653 271 822 311 secentur
832 274 1040 310 tenuiores:
1059 287 1140 324 quo
1151 277 1276 313 minus
1289 277 1389 314 enim
1400 279 1594 322 valuerint,
1606 291 1654 315 eo
1667 280 1718 316 fa-

126 333 231 368 cilius
242 333 350 369 clavis
359 329 741 368 fixicontinebuntur.
759 328 909 366 Deinde
918 331 955 366 in
967 328 1113 379 lingulis
1128 332 1251 381 tignis,
1265 335 1438 371 extremis
1450 335 1610 385 partibus
1621 337 1711 373 axis,

127 386 205 424 bini
217 388 312 426 clavi
321 386 494 437 figantur,
504 387 558 422 uti
568 385 669 422 nulla
678 396 723 421 ex
734 395 833 436 parte
842 384 980 435 possint
989 384 1022 423 se
1032 387 1250 436 torquendo
1260 389 1386 439 anguli
1396 391 1568 428 excitare.
1596 391 1636 427 N
1639 402 1714 428 ani-

127 455 201 492 que
213 442 258 479 de
279 440 359 494 [f]
382 453 488 479 cerro
501 470 510 485 ‚
533 451 597 478 aut
607 439 696 490 fago
708 439 767 478 seu
777 440 886 478 farno
898 467 906 481 ‚
927 441 1051 478 nullus
1061 443 1107 479 ad
1118 445 1337 483 vetustatem
1357 445 1476 497 potest
1486 458 1716 497 permanete.

127 499 426 536 Coaxationibus
437 496 539 534 fastis
549 521 558 535 ,
580 496 604 533 si
617 497 702 535 erit,
717 497 786 548 [g]
796 496 882 533 silex
894 522 902 536 ‚
925 496 951 533 fi
963 509 1042 534 non
1056 525 1066 541 ,
1085 500 1188 548 palea
1199 500 1439 540 substernatur
1450 527 1459 540 ‚
1481 503 1534 539 uti
1544 505 1713 540 materies

125 554 172 592 ab
184 555 294 591 calcis
306 556 403 592 vitiis
413 551 638 590 defendatur.
647 552 765 588 Tunc
776 551 921 602 insuper
931 552 1191 592 statuminetur
1201 553 1266 602 [h]
1279 569 1325 594 nc
1337 559 1484 595 minore
1493 558 1709 607 saxo,quam

125 611 231 659 quod
242 608 355 661 possit
363 620 516 647 manum
528 610 701 658 implere:
723 607 981 646 statuminibus
991 607 1148 646 inductis
1158 612 1366 651 ruderetur.
1388 615 1443 660 [2⁴]
1464 614 1598 651 Rudus
1609 613 1633 650 si
1644 626 1712 652 no-

126 677 217 704 vum
228 667 294 703 erit
303 694 314 710 ,
333 664 378 702 ad
386 675 456 701 tres
467 674 585 713 partes
597 676 668 701 una
678 664 790 701 calcis
801 663 1006 703 misceatur,
1020 663 1044 700 si
1055 663 1117 711 [k]
1130 665 1334 706 redivivum
1344 667 1452 706 fuerit
1465 699 1474 714 ,
1486 671 1656 719 quinque
1665 671 1711 708 ad

125 721 246 759 duum
266 722 465 758 mixtiones
477 719 638 757 habeant
654 717 882 769 responsum.
913 719 1062 756 Deinde
1080 721 1194 759 rudus
1211 723 1425 764 inducatur,
1444 727 1481 763 ὅ(
1499 726 1661 763 vestibus
1671 727 1712 763 lia

125 779 227 827 gneis
240 774 298 823 [l]
309 776 463 814 decuriis
472 776 630 813 induetis
643 775 818 813 crebriter
826 773 1032 824 pinsatione
1042 774 1230 819 solidetur,
1246 780 1331 817 &id
1345 791 1421 816 non
1435 782 1556 819 minus
1567 781 1714 832 pinsum

124 832 334 871 absolutum
353 829 585 869 crassitudine
598 830 640 867 fit
659 827 729 883 [m]
751 830 954 868 dodrantis.
987 829 1136 881 Insuper
1145 844 1190 870 ex
1212 834 1267 883 [n]
1292 835 1380 872 testa
1391 837 1550 873 nucleus
1562 837 1714 874 induca-

123 898 196 932 tur,
209 889 435 926 mixtionem
446 885 586 924 habens
596 886 642 923 ad
654 898 725 924 tres
736 897 856 936 partes
868 898 984 924 unam
995 887 1109 924 calcis
1120 916 1130 933 ‚
1155 891 1266 928 utine
1276 891 1423 928 minore
1434 890 1475 928 fit
1485 891 1714 931 crassitudine

125 946 380 995 pavimentum
390 942 593 991 digitorum
604 943 745 980 senum.
774 943 892 992 Supra
903 945 1082 981 nucleum
1093 969 1102 983 ‚
1115 944 1161 982 ad
1172 948 1337 997 regulam
1349 946 1387 982 3<
1397 946 1559 984 libellam
1573 950 1713 993 exaeca,

124 1001 333 1052 pavimenta
343 999 524 1036 struantur
536 1027 547 1044 ,
564 997 637 1037 five
659 999 726 1045 [0]
747 996 947 1037 seC‘tilibus,
968 998 1032 1036 seu
1042 998 1187 1039 tesseris.
1218 1004 1322 1041 Cum
1334 1014 1375 1040 ea
1386 1003 1553 1040 extruCta
1564 1003 1711 1042 fuerint,

124 1056 163 1093 δε
174 1053 307 1104 fastigia
319 1054 564 1093 extructiones
584 1054 778 1092 habuerint
789 1083 800 1099 ‚
818 1058 868 1092 ita
885 1053 1063 1092 fricentur
1074 1084 1084 1100 ‚
1103 1058 1158 1094 uti
1175 1057 1201 1095 fi
1220 1058 1350 1096 sestilia
1362 1057 1430 1095 smt
1441 1085 1449 1098 ‚
1469 1059 1559 1095 nulli
1580 1059 1716 1108 gradus

122 1111 161 1148 in
184 1112 253 1163 [p]
274 1109 435 1150 scutulis,
450 1121 513 1148 aut
530 1112 685 1161 trigonis
697 1137 705 1151 ,
723 1119 786 1148 aut
797 1110 986 1159 quadratis
998 1139 1008 1156 ‚
1020 1109 1081 1148 seu
1096 1110 1147 1164 [q]
1160 1113 1253 1154 favis
1263 1123 1399 1152 extent.
1430 1114 1503 1153 Sed
1514 1126 1713 1164 coagmen-

1589 1181 1715 1208 torum

117 1245 156 1283 f]
184 1245 268 1273 Idem.
292 1245 420 1274 Palladius
430 1246 649 1274 memoratoloco
660 1246 724 1274 dicit
734 1245 777 1274 has
787 1245 893 1274 arbores
904 1243 1047 1274 diutiffime
1057 1246 1149 1274 durare
1158 1246 1242 1273 stratis
1253 1247 1332 1284 paleis
1343 1246 1384 1274 vel
1394 1244 1474 1273 filice.
1496 1246 1611 1273 Farnum
1622 1253 1713 1273 autem

165 1286 246 1314 etiam
256 1285 336 1314 hodie
344 1295 424 1315 vocat
436 1287 509 1315 ltalia
516 1287 546 1315 de
555 1297 652 1327 genere
663 1297 812 1325 quercuum
820 1286 954 1314 arborem.

119 1327 152 1365 g]
188 1326 271 1354 Idem.
294 1328 326 1354 ln
337 1327 402 1354 Plin.
413 1327 459 1355 lib.
469 1338 564 1357 xxxvi.
575 1337 633 1366 cap.
641 1337 683 1363 25.
700 1326 745 1356 ubi
755 1328 865 1356 eandem
875 1336 932 1355 rem
948 1327 1045 1358 tradit.
1063 1326 1190 1355 mendose
1207 1327 1334 1366 scriptum
1346 1326 1381 1355 est
1397 1325 1467 1354 filice
1477 1336 1526 1365 pro
1537 1325 1623 1354 filice:
1646 1335 1674 1353 ut
1685 1326 1712 1354 in

164 1367 327 1395 Vitruvianis
337 1367 438 1407 aliquot
457 1367 594 1396 codicibus
605 1368 666 1397 silex
686 1378 734 1408 pro
745 1367 822 1400 filex,
844 1378 903 1407 quae
912 1368 1003 1396 eadem
1016 1367 1116 1396 dicitur
1127 1366 1192 1396 filix.
1207 1369 1268 1404 Ejus
1286 1368 1339 1397 duo
1348 1364 1400 1396 effe
1415 1376 1514 1408 genera
1530 1366 1620 1395 scribit
1644 1366 1712 1394 Plin.

165 1406 211 1435 lib.
221 1416 312 1435 xxvii.
323 1417 379 1446 cap.
390 1417 430 1435 ix.

121 1447 154 1483 h]
184 1448 267 1476 Idem.
288 1448 376 1476 Facile
387 1449 422 1476 est
437 1445 666 1479 velindoe'kiffimo
676 1450 806 1486 judicare,
815 1448 982 1478 scribendum
992 1446 1055 1481 esse,
1073 1459 1153 1488 quam
1161 1450 1236 1488 quod.
1250 1451 1261 1484 (
1275 1448 1415 1490 legebatur
1422 1456 1484 1477 ante
1494 1456 1573 1486 quam
1586 1449 1654 1487 qui.)
1666 1446 1713 1476 nili

161 1486 232 1516 forte
243 1498 292 1527 pro
298 1488 425 1517 adverbio
435 1490 601 1529 interpretari
610 1492 668 1530 quis
679 1491 814 1520 maluerit.
835 1490 921 1531 Qod
931 1489 999 1520 haud
1009 1489 1064 1518 scio
1072 1500 1105 1518 an
1114 1490 1178 1519 alibi
1187 1491 1257 1530 apud
1267 1491 1422 1520 Vitruvium
1433 1489 1558 1519 invenias,
1568 1489 1637 1527 apud
1645 1488 1712 1516 alios

165 1538 238 1557 certe
247 1527 470 1568 frequentissime.

120 1571 145 1605 a]
182 1569 266 1598 Idem.
288 1571 415 1599 Palladius
429 1570 477 1599 lib.
489 1580 574 1610 neap.
587 1581 625 1600 xx.
648 1569 835 1600 statumina&
853 1571 942 1601 rudus.
959 1570 988 1600 id
996 1573 1032 1600 ef?
1043 1592 1050 1603 ‚
1065 1573 1127 1609 saxi
1135 1570 1232 1610 canufi
1246 1572 1310 1604 duas
1326 1579 1413 1610 partes
1430 1580 1487 1599 cum
1495 1579 1549 1598 una
1559 1568 1633 1597 calci.-
1643 1576 1710 1598 tem-

161 1617 254 1648 perata
261 1611 396 1647 constitues.

120 1652 150 1685 k]
185 1652 268 1680 Idem.
291 1652 321 1680 ld
329 1653 364 1680 est
374 1651 388 1680 ὲ
399 1652 481 1681 veteri
492 1662 659 1682 renovatum.
669 1656 789 1683 Vtuntur
798 1653 871 1682 enim
882 1653 913 1682 ad
924 1653 1075 1692 pavimenta
1081 1652 1182 1692 duplici
1192 1653 1302 1682 rudere:
1319 1662 1392 1681 novo
1401 1651 1473 1690 quod
1484 1650 1513 1679 fit
1524 1649 1538 1679 ὲ
1548 1650 1632 1689 lapide
1643 1657 1709 1679 tunc

162 1693 281 1730 primum
292 1692 406 1721 contuso
418 1713 424 1723 ‚
443 1702 488 1721 aut
498 1694 579 1724 testis,
590 1695 677 1722 addita
686 1705 736 1722 una
747 1704 821 1733 parte
830 1694 909 1722 calcis
919 1695 951 1722 ad
961 1694 1038 1722 duas:
1054 1702 1142 1722 vetere
1154 1694 1204 1722 five
1218 1693 1338 1721 redivivo
1349 1703 1381 1721 ex
1392 1692 1560 1731 pavimentis,
1571 1700 1615 1719 aut
1626 1690 1710 1719 aedifi-

160 1733 209 1760 ciis
217 1733 320 1763 dirutis.
331 1735 358 1760 in
367 1743 422 1773 quo
430 1733 566 1762 miscendo
577 1735 664 1762 minus
676 1745 742 1774 opus
751 1736 786 1763 est
795 1735 874 1763 calcis
886 1756 893 1768 ,
908 1734 952 1763 sed
962 1734 994 1762 ad
1006 1734 1122 1773 qulnque
1129 1732 1264 1763 sufficiunt
1272 1741 1359 1773 partes
1371 1732 1438 1761 duat.
1457 1732 1551 1762 Rudus
1561 1732 1652 1771 Belgae
1664 1741 1712 1760 vo-

162 1781 223 1799 cant
235 1778 349 1811 {auplic-

115 1812 140 1848 Ι]
179 1812 328 1841 Philander.
353 1814 383 1842 Id
393 1814 547 1845 est‚indu&a
557 1814 699 1843 hominum
710 1814 815 1844 decuria
823 1815 874 1843 {ive
884 1814 1064 1847 multitudine,
1075 1815 1122 1854 qui
1130 1814 1226 1855 ligneis
1238 1813 1358 1845 vestibus
1369 1813 1471 1852 pinsant
1483 1816 1507 1841 3<
1516 1812 1641 1852 subigant
1652 1822 1711 1840 ma—

160 1854 255 1881 teriam
270 1874 276 1885 .
296 1863 326 1882 ut
337 1863 400 1882 mox
410 1865 466 1893 cap.
478 1865 529 1882 111.
549 1856 632 1883 Pudet
641 1866 792 1895 quenquam
803 1865 936 1894 repertum
947 1852 999 1884 effe
1011 1877 1018 1888 ‚
1033 1857 1076 1894 qui
1086 1866 1135 1894 pro
1145 1855 1244 1884 baculis
1254 1856 1373 1884 decurias
1381 1849 1432 1882 effe
1446 1862 1567 1892 acceptas
1579 1852 1713 1882 scriberet.

160 1893 230 1921 Haec
241 1894 294 1922 ille.
315 1894 440 1923 Arundel.
456 1895 542 1923 codex
554 1905 582 1923 ut
593 1900 617 1924 Sc
626 1897 668 1924 alii
680 1907 728 1934 pro
737 1897 843 1924 decuria
854 1896 946 1936 legunt
958 1897 988 1924 de
998 1897 1079 1924 coriis.

118 1935 159 1969 m]
179 1934 262 1962 Idem.
279 1937 392 1964 Novem
400 1935 538 1972 pollicum.
560 1939 633 1965 Nam
644 1937 734 1975 pollex
746 1938 824 1965 uncia
832 1937 878 1968 est,
889 1936 915 1964 id
925 1937 960 1964 est
971 1946 1029 1975 pars
1039 1936 1111 1975 pedis
1119 1935 1290 1965 duodecima.

117 1976 150 2010 n]
181 1975 265 2005 Idem.
286 1975 423 2004 Nucleum
435 1985 513 2004 vocat
522 1977 637 2004 maxime
647 1977 808 2006 refluentem
817 1977 931 2005 crustam
943 1996 950 2009 ,
969 1977 1021 2005 five
1032 1974 1136 2005 coffium
1145 1998 1153 2008 .
1171 1977 1199 2005 id
1207 1977 1241 2005 est
1252 1976 1371 2015 medium
1380 1975 1432 2004 five
1447 1975 1558 2005 interius
1572 1976 1710 2015 pavimen-

162 2023 230 2044 tum.
253 2016 351 2045 Italum
363 2017 459 2057 vulgus
472 2019 590 2045 animam
598 2018 721 2056 appellat.

119 2057 147 2091 a]
182 2056 266 2084 Idem.
288 2057 468 2086 Pavimentaa
488 2057 612 2088 ,aviendo
623 2058 649 2086 id
660 2059 696 2087 est
706 2056 825 2087 feriendo
834 2058 906 2088 dista
917 2067 964 2091 ,ut
974 2057 1058 2097 ipsum
1075 2058 1281 2087 instrumentum
1298 2058 1418 2097 pavicnla
1434 2065 1556 2086 vocatur.
1575 2056 1710 2095 Principio

161 2096 232 2135 pista
241 2094 348 2126 fuerunt
359 2118 365 2130 .
378 2099 465 2137 postea
475 2068 541 2127 (gista
551 2097 608 2127 suut
618 2098 778 2133 lithostrota,
791 2101 814 2128 id
827 2101 862 2128 est
872 2100 965 2138 lapillis
974 2101 1050 2127 strata
1062 2109 1069 2126 z
1081 2109 1196 2138 quorum
1207 2098 1237 2127 fit
1250 2101 1353 2127 mentio
1363 2098 1433 2137 apud
1441 2101 1590 2125 Varronem
1600 2096 1646 2124 lib.
1658 2107 1710 2124 111.

161 2137 396 2177 reiRustic.cap.1.
406 2142 430 2167 &
440 2138 506 2166 Plin.
515 2139 660 2167 lib-xxxvt.
672 2150 773 2178 cap.25.
784 2143 831 2169 Per
840 2140 938 2169 sectilia
948 2140 1074 2179 intelligo
1083 2140 1164 2168 festas
1173 2150 1263 2178 parvas
1273 2140 1409 2171 crustas,1'n
1420 2138 1504 2166 varios
1516 2137 1650 2164 interdum
1660 2147 1710 2165 co-

161 2175 241 2210 lores,
251 2178 278 2206 id
287 2178 323 2206 est
333 2188 399 2217 opus
407 2175 592 2210 amuffeatum.
604 2180 655 2209 five
664 2180 817 2211 museacum
826 2182 878 2209 five
888 2181 1018 2209 mulivum
1029 2201 1036 2213 ,
1047 2189 1077 2208 ut
1090 2181 1240 2218 Spartianus
1250 2181 1277 2207 in
1291 2178 1433 2208 Pescennio
1442 2178 1517 2218 dicit,
1529 2180 1553 2204 &
1565 2179 1601 2205 D.
1612 2180 1709 2218 Augu-

161 2218 242 2246 stinus
256 2218 345 2247 lib.de
352 2219 471 2248 Civitate
481 2221 532 2248 Dei
541 2230 600 2248 xvr.
612 2230 668 2258 cap.
680 2231 749 2249 viu.
758 2222 842 2262 vulgo
851 2222 1001 2249 Musaicum
1012 2229 1148 2249 vocamus.
1168 2221 1216 2248 Per
1227 2216 1334 2248 tesseras
1345 2227 1444 2249 autem.
1455 2217 1581 2256 quadrata
1589 2219 1707 2257 grandia.

162 2261 241 2296 Opus
252 2259 383 2288 musivum
402 2256 524 2297 expreffit
536 2261 614 2288 Nilus
623 2260 798 2290 scholasticus
816 2262 981 2300 Epigramat.
991 2260 1038 2288 lib.
1049 2270 1087 2288 ιν.
1106 2261 1155 2290 πῶς
1165 2259 1200 2286 ὠι
1219 2260 1278 2288 >dax
1296 2255 1389 2293 d'72m9zv
1399 2256 1474 2288 dnm
1482 2256 1627 2296 Συμφεξ-ηῗς
1645 2258 1707 2294 γνό-

162 2297 217 2336 μᾶο
228 2297 343 2338 ἐξαπίνης
356 2299 483 2338 πίτυξζῷύ.
505 2299 624 2328 Alciatus
634 2302 713 2329 vertit
724 2323 730 2333 ‚
750 2305 811 2339 an
823 2309 880 2329 arte
899 2312 930 2329 ex
941 2301 998 2328 aliis
1008 2300 1112 2339 aliifilue
1125 2299 1215 2337 lapillis
1232 2304 1301 2327 Tam
1317 2302 1366 2327 cito
1387 2297 1546 2336 compofitum
1562 2297 1707 2335 transierim

157 2343 187 2369 in
195 2345 326 2379 Satyrum.
349 2340 474 2369 Artifices
484 2340 611 2369 dicuntur
622 2342 758 2370 Musivarii
766 2342 782 2370 a
793 2340 949 2370 Theodosio
958 2345 984 2370 δε
1003 2341 1189 2368 Valentiniano
1200 2361 1207 2372 ,
1224 2341 1336 2368 Codicis
1346 2339 1392 2368 lib.
1404 2349 1429 2367 x.
1448 2340 1480 2367 de
1490 2338 1705 2367 excusationibus

159 2380 313 2410 Artificum.
332 2381 432 2410 Mufivi
450 2383 535 2419 operis
547 2382 694 2420 pavimenti
704 2379 899 2411 accuratissima
915 2382 1055 2421 diligentia
1063 2390 1143 2419 atque
1152 2389 1206 2408 arte
1218 2380 1351 2409 consertas
1368 2384 1394 2408 8(
1413 2389 1613 2420 coagmentatas
1625 2381 1708 2418 parti-

160 2422 233 2451 culas
242 2422 357 2451 vidimus
374 2421 485 2450 Tiburti
496 2422 522 2449 in
540 2421 600 2450 villa
611 2432 670 2460 quat
681 2422 778 2451 dieitur
799 2423 971 2460 Quintiliani.
984 2426 1009 2450 δε
1020 2424 1117 2451 Roma
1126 2422 1153 2449 in
1165 2421 1265 2450 aedibus
1284 2420 1370 2449 Marii.
1383 2417 1459 2450 Soffii
1469 2442 1476 2453 ‚
1489 2424 1513 2450 ὅ(
1532 2422 1558 2448 ἰη
1570 2422 1708 2448 Aventino

160 2471 256 2491 monte
266 2463 293 2491 in
305 2466 340 2492 D.
351 2463 440 2492 Alexii
451 2462 553 2501 templo
565 2465 631 2501 (quo
643 2463 706 2491 loco
715 2461 802 2492 fuerat
814 2463 955 2497 Herculis)
964 2463 995 2492 ad
1006 2472 1078 2491 aram
1092 2462 1247 2491 maximam.
1270 2464 1301 2490 ln
1310 2463 1361 2492 eis,
1376 2462 1484 2500 inquam
1496 2483 1502 2494 ‚
1511 2462 1646 2500 particulis
1658 2459 1709 2488 tes-

161 2502 278 2533 sellulata
297 2513 431 2532 marmora
449 2504 587 2532 minutulis
603 2501 669 2532 fabis
687 2504 756 2533 haud
775 2505 888 2538 majora,
906 2503 1016 2543 piscium
1032 2502 1075 2531 sed
1094 2507 1119 2532 δι
1133 2503 1243 2531 aliarum
1252 2513 1341 2531 rerum
1361 2500 1466 2542 effigies
1479 2503 1555 2531 variis
1573 2501 1708 2529 coloribus

161 2544 304 2573 emendate
312 2548 337 2573 δι
347 2543 551 2585 graphicoteran
563 2545 713 2573 imitantur.
737 2544 864 2573 Libenter
873 2545 899 2573 in
909 2545 961 2573 hoe
971 2544 1078 2575 diverti,
1094 2544 1167 2583 quod
1175 2543 1268 2572 scirem
1286 2541 1445 2583 pauciffimis
1457 2541 1648 2570 animadversas
1658 2539 1710 2570 esse

160 2583 290 2620 ejusmodi
301 2588 518 2621 pavimentorum
528 2585 659 2624 reliquias.
681 2588 756 2615 Nota
765 2587 837 2614 enirn
846 2585 904 2614 sunt
915 2584 1039 2613 omnibus
1047 2585 1140 2623 templi
1151 2585 1400 2614 Bacffilacunarim
1409 2584 1449 2610 via
1460 2585 1641 2611 Nomentana.

116 2627 146 2662 p]
188 2626 271 2654 ldern.
294 2626 422 2655 Palladius
431 2625 478 2655 lib.
489 2636 509 2653 1.
520 2636 576 2663 cap.
586 2636 622 2654 ix.
632 2625 752 2655 Teffcras
761 2630 785 2655 &
796 2626 907 2655 scutulas
918 2627 943 2654 in
955 2626 1109 2665 pavimento
1119 2625 1187 2653 dixit
1198 2636 1246 2664 pro
1263 2623 1348 2653 frustis
1359 2624 1489 2663 quadratis
1499 2627 1523 2651 St
1534 2623 1656 2651 rotundis
1668 2644 1675 2655 ,
1693 2621 1709 2651 εὶ

159 2665 227 2695 scuti
237 2666 323 2707 figura
335 2688 342 2699 ,
364 2665 379 2695 a
390 2677 441 2706 qua
451 2668 532 2695 etiam
542 2666 701 2696 scutulatum
716 2677 814 2707 equum
823 2663 955 2706 appellant
966 2676 1073 2695 autores
1086 2687 1092 2699 ,
1108 2667 1154 2705 qui
1164 2667 1247 2706 vulgo
1258 2665 1409 2705 pomulatus
1420 2673 1547 2693 vocatur:
1566 2667 1589 2692 δα
1599 2663 1713 2692 scutula-

161 2716 220 2736 tum
229 2718 384 2736 aranearum
397 2717 453 2736 rete
463 2708 696 2742 nominaturs‘lin.
707 2709 753 2737 lib.
764 2718 805 2736 xr.
815 2718 871 2746 cap.
882 2718 925 2742 23·
946 2709 1019 2736 Nam
1028 2706 1142 2736 scutulas
1160 2707 1231 2735 idem
1241 2716 1320 2735 autor
1329 2705 1374 2733 lib.
1386 2714 1459 2732 xvii.
1471 2715 1527 2744 cap.
1540 2705 1712 2732 x-v1.intelli-

162 2749 203 2787 git
214 2749 346 2781 cortices,
361 2750 405 2788 qui
418 2749 444 2776 in
461 2749 674 2788 emplastratione
690 2760 722 2778 ex
732 2748 871 2778 arboribus
889 2748 956 2777 scuti
974 2747 1061 2789 figura
1071 2748 1225 2776 eximuntur
1235 2769 1242 2779 ‚
1263 2746 1339 2786 &qui
1350 2745 1443 2774 eadem
1457 2743 1545 2775 forma
1565 2754 1712 2785 ponuntur.

166 2789 233 2818 Vide
245 2790 374 2818 Lexicon.

123 2829 154 2865 q]
182 2828 263 2858 Idem.
275 2833 334 2859 Nos
345 2840 408 2859 cum
418 2840 597 2869 quaereremus
609 2831 671 2869 quid
683 2830 734 2859 hoc
745 2831 854 2859 nomine
864 2829 1065 2867 significaretur.
1077 2829 1218 2858 incidimus
1228 2828 1253 2855 in
1264 2838 1343 2866 apum
1352 2827 1474 2860 alvearia,
1485 2827 1660 2867 contemplati
1672 2827 1713 2856 sn-

166 2877 221 2897 mus
231 2871 307 2899 cellas
317 2870 482 2912 sexangulas,
491 2881 548 2900 tum
560 2872 740 2901 intelleximus
751 2864 906 2900 Vitruvium
916 2868 990 2898 favos
1000 2866 1094 2898 dixisse
1104 2881 1152 2908 pro
1161 2867 1245 2897 frustis
1256 2868 1414 2910 hexagonis.
1437 2871 1507 2897 Nam
1518 2866 1601 2901 favus,
1614 2878 1644 2897 ut
1653 2869 1714 2896 scri*

167 2907 207 2936 bit
217 2911 299 2939 Varro
308 2912 354 2940 lib.
364 2923 411 2941 111.
422 2913 458 2941 rei
469 2914 570 2943 Rustic.
580 2923 636 2952 cap.
648 2923 706 2940 xvi.
723 2914 767 2944 est.
778 2923 856 2951 quern
868 2911 976 2951 fingunt
993 2921 1052 2950 apes
1064 2912 1267 2939 multicavatum
1280 2910 1294 2939 ὲ
1305 2921 1364 2940 cera
1373 2931 1380 2943 ‚
1399 2920 1461 2938 cum
1474 2910 1575 2949 lingula
1583 2920 1646 2938 cava
1657 2908 1715 2937 sena

168 2948 366 2981 latera-habeant
378 2976 385 2987 ,
403 2963 471 2993 quot
483 2954 591 2995 lingulis
603 2954 680 2991 pedes
690 2953 764 2982 dedit
772 2963 872 2982 natura·
895 2955 1056 2990 Qanquam
1076 2962 1130 2979 non
1150 2951 1252 2989 semper
1261 2951 1376 2987 ejusdem
1385 2950 1478 2992 figurae
1492 2952 1600 2990 reperiri
1614 2972 1620 2982 ,
1638 2958 1716 2979 autor

169 2989 205 3019 est
214 2991 362 3036 Columella
371 2994 417 3023 lib.
429 3005 469 3023 ix.
479 3005 583 3035 cap.15.
597 2994 638 3023 sed
650 2998 674 3023 ὅ(
686 2995 812 3036 quadrata
823 2999 848 3024 &
862 2993 977 3023 rotunda
989 2997 1012 3022 δε
1023 2993 1116 3034 longa.
1135 2992 1202 3022 Vide
1216 2993 1343 3022 Lexicon.
1634 3033 1674 3068 ss,
1684 3028 1704 3035 ..

1620 3042 1632 3058 r
1678 3037 1720 3058 m·
