2023 3162
320 95 393 129 114
664 71 1525 116 MernuviiPotmouis

317 151 470 186 mittens
483 176 492 191 ‚
513 143 624 183 efficit
641 143 849 194 vespertino
860 151 1035 190 tempore
1045 140 1241 189 regionem
1253 138 1492 189 tepidiorem.
1525 137 1710 178 Cubicula
1724 142 1760 179 3<
1776 140 1915 180 Bibli0⁴

176 206 225 231 Ar·
243 205 284 230 vi·
318 205 438 241 thecae
453 203 498 238 ad
510 203 706 239 Orientem
717 198 875 248 spectare
885 194 1137 233 debentUsus
1150 196 1253 231 enim
1263 196 1489 232 matutinum
1501 193 1658 244 postulat
1668 198 1914 236 lumen.1tem

167 245 222 281 sm·
319 261 355 296 in
367 258 607 296 Bibliothecis
617 256 698 293 libri
709 265 790 290 non
802 250 1022 303 putrescent.
1055 251 1158 287 Nam
1172 251 1209 287 in
1220 250 1274 287 his
1287 276 1295 289 ‚
1317 263 1398 300 quae
1410 250 1455 287 ad
1465 250 1665 288 Meridiem
1677 254 1712 290 &
1724 254 1913 292 Occiden-

174 327 225 351 Ar.
244 323 306 352 libri
319 326 395 353 tem
405 315 563 366 speciant
573 338 581 350 ‚
607 312 627 347 ὲ
639 310 745 347 tineis
756 307 793 344 ὃ(
805 308 966 344 humore
977 307 1164 351 vitiantur,
1176 305 1284 354 quod
1294 308 1393 343 venti
1404 305 1549 343 humidi
1560 307 1807 348 advenientes,
1825 323 1914 360 pro-

176 366 278 392 w'ffl‘n-
321 380 447 408 creant
459 381 517 406 eas
527 370 563 405 ὃς
578 367 679 403 alunt
689 394 698 409 ,
722 362 1031 412 infundentesque
1044 361 1220 403 humidos
1233 360 1373 412 spiritus
1384 362 1524 412 pallore
1538 362 1732 399 volumina
1751 376 1915 403 corrum-

176 411 226 431 ψ’
281 447 284 449 >
319 436 423 476 punt.
455 424 634 461 Triclinia
643 431 757 458 verna
768 418 805 455 &
816 418 1042 456 autumnalia
1060 419 1105 455 ad
1117 418 1328 456 Orientem.
1353 419 1457 455 Cum
1469 419 1569 455 enim
1582 421 1914 468 praetentalumini-

319 482 407 520 bus,
429 477 595 517 adversus
607 477 704 513 Solis
724 476 887 525 impetus
903 474 1142 525 progrediens
1162 473 1208 511 ad
1220 473 1467 510 Occidentem
1480 502 1489 517 ,
1508 472 1624 511 efficit
1644 486 1687 512 ea
1707 485 1913 525 temperata

320 537 365 574 ad
384 536 419 572 id
432 545 576 583 tempus
587 544 666 581 quo
685 542 780 582 opus
792 529 946 568 solitum
959 530 1008 567 est
1019 531 1082 566 uti.
1112 527 1254 567 AEstiva
1265 529 1584 579 Septentrionenn
1611 531 1719 579 quod
1733 542 1776 568 ea
1796 534 1910 581 regio,

322 594 425 639 (non
446 600 486 626 ut
505 589 652 636 reliquae
666 616 675 631 ,
697 599 780 635 quae
792 599 856 636 per
873 585 1065 628 solstitium
1082 596 1232 635 propter
1251 586 1415 622 calorem
1430 583 1641 622 efficiuntur
1659 585 1840 633 aestiiosae)
1865 601 1913 625 eo

320 646 429 695 quod
440 644 489 680 est
499 642 620 682 aversa
632 641 652 678 ἐι
662 643 760 679 Solis
774 642 890 686 cursu,
904 641 1047 692 semper
1058 641 1288 691 refrigerata,
1303 640 1339 677 δε
1350 640 1595 677 salubritatem
1609 670 1618 685 ‚
1632 641 1667 677 ἃ
1678 643 1914 691 voluptatem

318 704 355 738 in
368 700 432 738 usn
444 699 596 750 praestat.
625 699 718 735 Non
731 699 857 735 minus
868 694 1134 749 pinacothecae
1145 727 1155 743 ‚
1179 699 1221 734 δε
1239 693 1293 744 [b]
1316 696 1586 747 plumariorum
1598 699 1763 734 textrinae
1775 726 1785 741 ‚
1797 697 1918 746 pieto-

317 768 475 805 rumquc
495 754 652 792 officinae
666 783 676 798 ‚
696 754 750 790 uti
773 755 923 791 colores
941 764 1073 790 eorum
1094 757 1131 790 in
1151 764 1281 804 opere,
1304 762 1454 803 propter
1473 751 1721 791 constantiam
1738 753 1909 792 luminis,

318 814 512 850 immutata
522 819 768 862 permaneant
779 810 967 859 qualitate.

946 913 982 950 C
1013 923 1041 950 A
1072 925 1103 949 P.
1164 911 1287 949 VIII.

322 1005 732 1078 Deprivatomm
761 1000 823 1058 Εἴ
842 998 1492 1072 communinmaedficiorum
1514 1002 1719 1075 propria}
1730 1000 1914 1060 lacsir&

437 1079 639 1146 generibus
653 1080 709 1125 ad
722 1081 1212 1144 qtmſsnnqueperffinarum
1223 1077 1433 1144 qualitates
1449 1077 1775 1126 convenientibus.

229 1246 233 1253 .
321 1200 489 1282 CUm
508 1200 554 1236 ad
565 1203 739 1250 regiones
752 1200 842 1237 coeli
853 1200 905 1236 ita
914 1210 956 1235 ea
967 1196 1101 1235 fuerint
1112 1197 1171 1234 dis
1164 1197 1280 1249 posita
1289 1223 1297 1237 2
1318 1209 1408 1237 tunc
1421 1201 1535 1237 etiam
1546 1198 1918 1238 animadvertendum

283 1288 294 1299 .
406 1257 472 1294 est,
495 1258 628 1305 quibus
638 1255 842 1294 rationibus
852 1255 1003 1304 privatis
1023 1253 1183 1290 aedificiis
1192 1256 1341 1304 propria
1352 1256 1437 1292 loca
1447 1253 1857 1306 patribusfamiliarum,
1878 1258 1918 1293 ὅτ.

322 1311 650 1360 quemadmodum
669 1312 891 1349 communia
911 1321 998 1347 cum
1019 1311 1198 1347 extrancis
1217 1309 1386 1348 aedificari
1403 1312 1573 1348 debeant.
1604 1311 1782 1359 Namque
1803 1322 1846 1347 ex
1860 1311 1918 1348 his

321 1380 407 1415 quae
425 1369 577 1418 propria
593 1367 693 1407 sunt,
714 1369 752 1404 in
771 1378 813 1403 ea
833 1378 912 1404 non
933 1365 982 1403 est
1000 1365 1159 1416 potestas
1177 1367 1358 1403 omnibus
1377 1366 1614 1405 introeundi,
1646 1365 1712 1402 nifi
1733 1367 1917 1404 invitatis:

321 1423 648 1471 quemadmodum
659 1423 742 1460 sunt
755 1422 928 1459 cubicula
941 1451 950 1466 ,
972 1422 1146 1462 triclinia,
1169 1422 1308 1460 balneae
1320 1452 1331 1468 ‚
1355 1434 1559 1472 eaeteraque
1573 1451 1583 1467 ,
1605 1434 1687 1470 quae
1697 1421 1842 1460 easdem
1855 1422 1920 1459 ha-

319 1478 409 1515 bent
420 1478 498 1515 usus
509 1481 680 1516 rationes.
713 1479 947 1515 Communia
965 1487 1091 1515 autem
1101 1477 1200 1520 sunt,
1227 1478 1360 1527 quibus
1380 1481 1491 1516 etiam
1504 1479 1670 1516 invocati
1688 1477 1753 1514 suo
1774 1478 1852 1522 jure
1871 1478 1918 1515 de

317 1534 464 1583 populo
483 1533 782 1583 poss'untvenire‚
804 1534 841 1570 id
861 1533 932 1578 est,
951 1533 1151 1573 vestibula,
1172 1545 1264 1573 cava
1275 1534 1429 1579 aedium,
1444 1534 1644 1584 peristylia,
1660 1545 1820 1582 quaeque
1832 1544 1919 1570 eun-

320 1588 407 1626 dem
425 1589 559 1627 habere
569 1589 717 1639 poss'unt
727 1589 850 1626 usum:
870 1590 980 1638 igitur
1000 1588 1055 1626 his
1067 1590 1131 1637 qui
1142 1592 1340 1627 communi
1352 1588 1430 1627 sunt
1441 1589 1590 1626 fortuna
1603 1619 1613 1633 ‚
1635 1600 1712 1625 non
1727 1587 1920 1627 necessaria
1936 1619 1946 1622 -

320 1644 516 1693 magnifica
527 1645 722 1684 vestibula,
748 1657 817 1681 nec
836 1644 972 1682 tablina
984 1673 995 1688 ‚
1015 1656 1136 1693 neque
1154 1647 1257 1683 atria,
1287 1642 1340 1697 [a]
1359 1646 1461 1694 quod
1474 1645 1509 1682 hi
1529 1646 1605 1682 aliis
1618 1643 1741 1681 officia
1753 1643 1917 1694 praestant

322 1700 546 1739 ambiundo,
568 1713 650 1750 qua:
670 1700 715 1738 ab
735 1702 812 1737 aliis
830 1699 1049 1738 ambiuntur.
1086 1701 1164 1754 Qi
1182 1710 1307 1738 autem
1326 1701 1501 1738 frustibus
1521 1701 1660 1738 rusticis
1680 1698 1860 1744 serviunt,
1878 1701 1916 1736 in

321 1765 452 1793 eorum
464 1756 648 1794 vestibulis
660 1755 796 1794 stabula
808 1785 818 1801 ‚
837 1756 996 1793 tabernae
1009 1785 1019 1800 ,
1036 1757 1073 1792 in
1084 1755 1219 1793 aedibus
1231 1754 1290 1803 [b]
1303 1766 1451 1807 cryptae,
1472 1757 1613 1794 horrea,
1642 1756 1687 1803 [c]
1710 1754 1914 1804 apothecae,

321 1821 526 1859 caeteraque
538 1823 621 1860 quae
635 1812 680 1847 ad
691 1812 829 1849 fruetus
840 1811 1034 1849 servandos
1044 1813 1160 1861 magis
1173 1840 1184 1856 ,
1195 1824 1311 1861 quam
1322 1812 1367 1848 ad
1379 1813 1567 1861 elegantiae
1577 1813 1753 1848 decorem
1767 1809 1916 1859 poss'unt

178 1879 228 1904 Ar.
238 1876 293 1914 spa·
319 1866 409 1910 effe,
430 1868 476 1903 ita
495 1865 575 1903 sunt
594 1866 775 1903 facienda.
806 1869 900 1903 Item
911 1867 1205 1904 foeneratoribus
1224 1869 1261 1904 δε
1274 1868 1480 1917 publicanis
1500 1866 1766 1903 commodiora
1781 1867 1819 1902 <Sc
1840 1865 1916 1915 spe·

177 1916 285 1951 '‘afim“
320 1921 497 1961 ciofiora‚
520 1921 613 1958 &ab
623 1921 757 1958 insidiis
769 1931 864 1960 tuta.
898 1921 1116 1958 Forensibus
1135 1933 1259 1959 autem
1278 1925 1315 1959 δ(
1328 1921 1483 1960 disertis,
1500 1922 1724 1970 elegantiora
1736 1921 1771 1957 ἃ*
1783 1920 1917 1970 spatio-

319 1979 414 2016 siora
431 1977 477 2014 ad
496 1986 704 2014 conventus
722 1977 964 2026 excipiendos
979 2004 986 2012 .
1017 1975 1221 2014 Nobilibus
1232 1989 1345 2021 vero,
1358 1980 1421 2025 qui
1432 1977 1598 2015 honores
1611 1975 1915 2026 magistratusque

322 2032 488 2084 gerendo
509 2031 671 2083 praestare
689 2031 964 2070 debentofficia
986 2031 1148 2076 civibus,
1168 2032 1335 2068 facienda
1357 2031 1436 2069 snut
1456 2033 1635 2070 vestibula
1653 2033 1787 2080 regalia
1808 2059 1817 2074 ‚
1844 2034 1918 2071 alta

323 2090 409 2127 atria
427 2117 437 2133 ,
457 2088 493 2124 δε
515 2087 694 2138 peristylia
713 2086 950 2138 amplissima,
974 2087 1076 2135 sylva:
1090 2116 1102 2133 ,
1128 2087 1469 2137 ambulationesque
1491 2089 1648 2126 laxiores
1669 2088 1716 2125 ad
1737 2088 1918 2126 decorem

1801 2156 1916 2192 maie-

316 2236 344 2270 b]
372 2236 454 2263 Idem.
478 2236 621 2262 Plumarios
629 2234 686 2263 sunt
697 2236 740 2273 qui
761 2233 775 2263 ‚i
797 2235 887 2273 pluma
903 2236 989 2264 dirtos
999 2244 1109 2274 putant:
1129 2235 1172 2262 alii
1185 2234 1199 2262 ‚i
1212 2234 1322 2272 plumeis
1334 2234 1460 2262 culcitris¹
1486 2235 1544 2262 Nos
1558 2234 1748 2267 existimamus,
1759 2244 1853 2266 eorum
1863 2244 1915 2261 no.

303 2281 313 2294 ⁰
355 2276 550 2315 inineiutclligi
559 2296 565 2306 ‚
583 2276 629 2313 qui
640 2284 766 2303 tomento
778 2276 956 2315 quodcunque
965 2286 1049 2316 genus
1060 2276 1135 2303 vestis
1144 2284 1187 2302 aut
1198 2275 1303 2314 straguli
1315 2272 1483 2304 confarCtum
1496 2295 1502 2306 ‚
1519 2274 1717 2302 inculcatumve
1727 2285 1774 2303 acu
1787 2275 1914 2314 pingunt.

355 2318 409 2344 Eos
423 2317 501 2343 nostri
514 2320 527 2343 ,ι
540 2317 643 2353 ριυιξὶὶς
654 2319 868 2352 contraptmffiores
879 2326 977 2345 vocant
991 2337 996 2347 ,
1013 2317 1056 2344 alii
1065 2323 1244 2344 recamatores.
1267 2315 1342 2343 Vnde
1351 2319 1375 2343 δε
1388 2326 1454 2354 opus
1475 2315 1670 2353 plumariorum
1682 2315 1796 2355 intelligi
1817 2316 1913 2353 potest,

359 2357 431 2395 quod
444 2356 515 2384 italis
532 2364 692 2383 reclamatum
702 2357 808 2384 dicitur.
832 2359 902 2385 Nam
914 2357 1098 2396 polymitarios
1111 2355 1225 2385 diversos
1237 2353 1287 2384 esse
1297 2355 1433 2384 censemus
1444 2356 1458 2383 si
1474 2356 1607 2394 plumariis
1618 2377 1624 2388 ,
1641 2364 1775 2394 utcunque
1792 2354 1917 2394 plumarii

358 2398 435 2425 variis
446 2396 496 2425 filis
506 2405 623 2425 utantur.
648 2399 713 2424 Sunt
725 2397 761 2424 illi
772 2397 890 2435 quidem,
899 2407 928 2426 ut
939 2398 1106 2427 arbitramur,
1119 2406 1247 2428 textores,
1261 2397 1342 2435 quiin
1354 2397 1471 2424 texendo
1482 2397 1549 2424 liciis
1559 2417 1565 2427 ,
1592 2396 1617 2423 id
1628 2397 1662 2424 est
1674 2395 1724 2424 filis
1746 2396 1915 2424 verficolori-

357 2438 405 2466 bus
416 2447 534 2465 utuntur.
557 2439 638 2465 Certe
649 2440 683 2465 D.
694 2438 879 2476 Hieronymus
889 2459 896 2470 ‚
915 2439 1078 2466 Hermolaus
1089 2442 1113 2466 &
1125 2438 1255 2477 Egnatius
1268 2458 1275 2467 ‚
1293 2437 1437 2475 plumatios
1448 2441 1472 2465 δε
1485 2437 1672 2475 polymitarios
1681 2447 1730 2475 pro
1740 2436 1831 2464 iisdem
1842 2438 1916 2465 acci-

358 2481 443 2518 piunt.
454 2478 468 2506 ὲ.
481 2479 606 2506 liciorum
617 2477 759 2515 multiplici
770 2479 896 2506 varietate
907 2489 912 2504 :
924 2479 1013 2514 μία-Θ·
1023 2479 1094 2507 enim
1103 2477 1178 2506 filum
1189 2478 1240 2505 live
1249 2478 1342 2506 licium
1354 2477 1493 2516 fignificat.
1506 2478 1572 2504 Vide
1584 2478 1713 2505 Lexicon.

313 2522 344 2554 a]
372 2519 519 2547 Pliilandcr.
540 2521 636 2547 Roma:
656 2520 695 2546 uti
706 2519 776 2546 inter
793 2520 939 2557 praecipuos
958 2528 1012 2546 erat
1030 2519 1144 2547 honores
1165 2519 1268 2547 mutari
1279 2539 1285 2550 ‚
1307 2519 1377 2545 itain
1397 2518 1520 2545 maximis
1538 2514 1635 2545 officiis
1653 2517 1780 2546 salutare:
1805 2526 1916 2556 eratque

357 2569 468 2598 utraque
479 2569 519 2587 res
530 2559 671 2597 plaulibilis
681 2562 705 2586 δε
717 2559 849 2597 popularis
861 2580 867 2591 ‚
880 2560 1079 2598 plurimumque
1089 2559 1120 2587 ad
1133 2559 1246 2599 gratiam
1254 2559 1412 2597 captandam
1424 2558 1521 2586 valens.
1541 2558 1687 2586 Mediocris
1698 2557 1814 2586 fortuna:
1823 2558 1915 2585 homi„

360 2611 404 2627 nes
415 2621 422 2629 .
441 2610 499 2636 quae
509 2600 541 2627 ab
551 2599 737 2627 humilioribus
748 2597 839 2627 officia
849 2601 989 2638 expediant
999 2621 1006 2631 ,
1028 2609 1056 2628 ut
1066 2599 1235 2628 salutationes
1247 2621 1253 2633 ,
1265 2609 1295 2627 ea
1307 2598 1450 2634 majoribus
1461 2599 1593 2637 praestant.
1603 2601 1644 2627 De
1659 2609 1710 2638 qua
1719 2609 1746 2627 re
1763 2607 1835 2626 extat
1847 2598 1915 2636 lepis·

358 2638 493 2668 diffimum
501 2640 631 2668 Martialis
641 2641 812 2679 Epigramma
822 2640 848 2666 in
859 2641 1011 2668 Maximum
1021 2640 1067 2668 lib.
1079 2651 1114 2668 11.

675 2697 755 2721 Mane
759 2692 908 2728 fillutatum
919 2696 990 2721 venio
1001 2706 1008 2725 ;
1029 2702 1058 2720 m
1067 2694 1153 2721 diceris
1165 2694 1207 2730 effir

716 2738 789 2761 Ante
799 2733 933 2770 salutatus
944 2747 952 2761 :
966 2736 1025 2771 jam
1042 2735 1131 2770 summ
1147 2744 1203 2770 ergo
1213 2741 1293 2770 parer.

318 2786 348 2821 b]
378 2785 458 2813 Idem.
486 2790 580 2824 Cryptae
590 2787 715 2815 dicuntur
726 2784 799 2815 foffsc
809 2788 973 2816 testudinatae
983 2787 1156 2815 subterraneae
1166 2808 1172 2818 .
1190 2796 1234 2814 aur
1246 2795 1364 2814 concava
1375 2786 1442 2817 loca.
1457 2789 1480 2813 δι’
1491 2786 1597 2815 scrobes
1608 2807 1614 2819 ‚
1627 2784 1672 2814 ubi
1681 2784 1801 2812 triticum
1817 2785 1914 2813 condi-

358 2835 410 2853 tur.
436 2829 506 2853 Nam
519 2836 546 2853 ut
556 2826 644 2854 scribit
656 2830 739 2854 Varro
751 2828 1011 2866 cap.tv11.lib.1.de
1021 2839 1048 2857 re
1060 2829 1134 2857 Rust.
1145 2827 1252 2866 quidam
1264 2826 1361 2854 liabent
1371 2828 1491 2867 granaria
1502 2827 1548 2855 sub
1559 2828 1634 2856 terris
1646 2825 1836 2864 ufispehmcas,
1848 2836 1914 2865 quas

358 2875 457 2894 vocant
470 2867 542 2893 liros.
567 2868 619 2894 Alii
630 2868 661 2894 ad
674 2868 699 2895 id
711 2877 822 2896 utuntur
833 2870 929 2907 puteis.

318 2909 343 2943 c]
375 2907 459 2934 Idem.
484 2906 631 2944 Apothecae
642 2907 697 2934 sum
708 2909 781 2937 cellae
793 2911 898 2937 vinariae
911 2931 917 2942 ,
937 2909 960 2937 id
971 2910 1005 2937 est
1014 2909 1058 2938 ubi
1070 2910 1161 2938 vinum
1181 2913 1205 2937 &
1222 2910 1346 2941 servatur,
1355 2911 1379 2936 &
1391 2907 1513 2935 venditur
1525 2930 1532 2942 ,
1551 2918 1614 2948 quas
1630 2906 1797 2946 Xenophon]
1808 2909 1912 2937 eii-airu,

357 2948 464 2986 Eupolis
476 2957 539 2976 vero
552 2949 662 2981 πῆώνας,
672 2949 711 2977 uti
721 2949 818 2979 Pollux
828 2959 959 2980 memorat
971 2950 1017 2979 lib.
1032 2961 1068 2980 vr.
1078 2961 1137 2989 cap.
1147 2960 1182 2978 ιι.
1192 2954 1215 2978 ἃ(
1227 2948 1271 2979 lib.
1284 2959 1323 2977 ix.
1334 2957 1505 2978 vocaverunt.

1788 2988 1818 3023 d]
1829 2988 1911 3017 Idem.
