2023 3162
174 150 192 177 l.
211 149 282 175 intua

172 190 278 227 portici-

175 229 231 257 bru.

180 710 197 738 l.
220 717 300 747 quam

181 752 260 778 Gran

180 794 295 824 λὸτξῶνῐι

181 839 284 859 vocam.

319 73 369 113 98
706 55 1552 99 M-Vt-rRuv11PotrroNrs

314 128 532 172 monstrare.
565 126 856 167 Constituuntur
869 136 996 163 autem
1022 125 1072 174 [a]
1097 126 1136 162 in
1147 126 1264 163 tribus
1275 124 1480 177 porticibus
1494 126 1636 164 exedra:
1648 125 1812 177 spatiosae
1827 153 1832 165 ‚
1856 120 1921 165 lia-

316 185 578 228 bentessedes‚
601 187 639 222 in
651 183 786 234 quibus
807 181 1045 231 Philosophi,
1069 181 1282 221 Rhetores,
1306 182 1514 230 reliquique
1526 182 1725 230 quistudiis
1738 184 1921 221 delcetan-

320 255 402 290 tur,
423 243 586 281 sedentes
605 239 786 291 disputare
797 236 946 291 possint.
982 239 1022 274 In
1042 238 1210 289 palaestris
1230 237 1408 289 peristylia
1418 236 1616 286 quadrata,
1639 238 1711 277 five
1731 240 1918 291 oblonga,

319 303 372 339 ita
392 300 473 338 sunt
491 297 660 337 facienda
673 324 683 341 ‚
703 297 758 332 uti
778 295 942 332 duorum
953 293 1158 332 stadiorum
1175 293 1335 331 habeant
1354 293 1621 330 ambulationis
1641 295 1920 341 circuitionem,

322 357 430 408 quod
441 355 563 394 Graeci
579 361 699 392 voant
719 347 770 403 [b]
786 347 934 386 δίαυλον.
968 362 1013 387 ex
1026 349 1162 400 quibus
1173 360 1246 388 tres
1264 350 1432 400 porticus
1453 348 1637 399 simplices
1663 350 1920 401 disponantur,

320 423 522 463 quartaque
531 422 614 459 quae
625 407 670 446 ad
682 406 905 445 meridianas
924 407 1098 457 regiones
1111 406 1161 443 est
1173 405 1351 444 conversa
1360 432 1368 445 ,
1393 405 1529 456 duplex
1542 434 1552 449 ‚
1566 407 1716 442 uticum
1726 408 1922 457 tempesta-

319 480 376 508 tes
387 465 544 507 ventosae
557 464 638 501 sunt
649 490 658 504 ‚
683 474 761 501 non
774 461 886 514 poffit
896 462 1048 515 aspergo
1059 464 1096 499 in
1108 464 1325 500 interiorem
1338 471 1482 512 partem
1496 463 1698 511 pervenire.
1720 462 1763 498 In
1781 462 1920 513 duplici

319 536 445 562 autem
458 523 605 574 porticu
624 520 864 558 collocentur
876 518 953 557 haec
965 518 1147 557 membra.
1172 519 1220 568 [c]
1238 517 1459 569 Ephebeum
1471 519 1511 554 in
1522 518 1650 555 medio
1667 532 1675 560 ·,
1688 517 1781 565 (hoc
1793 528 1920 557 autern

319 580 369 617 est
380 579 514 617 exedra
533 574 755 629 amplissima
766 588 855 613 cum
873 574 1016 613 sedibus
1029 604 1040 621 ‚
1061 588 1142 625 quae
1154 576 1260 612 tertia
1277 584 1378 625 parte
1399 575 1553 623 longior
1563 573 1604 611 fit
1620 575 1842 624 quamlata)
1857 573 1920 612 sub

321 636 454 672 dextro
474 633 548 682 [d]
575 633 770 670 coriceum
792 661 802 677 ‚
828 631 962 668 deinde
980 633 1152 682 proxime
1173 634 1251 677 [e]
1275 629 1568 672 connisteriun13
1593 629 1613 666 Ξι
1633 629 1862 668 connisterio
1882 632 1921 668 in

320 689 464 729 versura
482 690 655 740 porticus
677 688 808 738 frigida
828 688 965 726 lavatio
983 713 990 726 ‚
1028 699 1142 737 quam
1165 687 1287 724 Graeci
1313 682 1437 734 λετξὲν
1456 687 1642 724 vocitant:
1682 686 1728 724 ad
1748 684 1922 723 sinistram

321 746 478 798 ephebei
498 742 573 796 [f]
595 743 874 792 elaeothesium3
897 743 1071 794 proxime
1090 753 1215 780 autem
1235 742 1508 787 elaeothcfium‚
1526 741 1776 792 frigidarium3
1800 742 1846 778 ab
1859 753 1924 778 eo-

321 815 394 852 que
412 804 482 839 iret
498 803 537 837 in
558 802 638 852 [g]
657 801 912 850 propnigeum
930 801 970 836 in
990 799 1134 837 versura
1151 800 1338 850 porticus,
1362 801 1534 850 proxime
1552 809 1679 836 autem
1699 798 1876 835 introrsus
1899 795 1923 834 ὲ

319 860 479 908 regione
498 856 672 906 frigidarii
693 857 910 894 collocetur
920 866 1180 893 concamerata
1199 855 1362 896 sudatio,
1385 855 1622 905 longitudine
1636 854 1769 905 duplex
1783 865 1924 903 ‚quam

321 913 517 953 latitudine
530 942 540 957 ,
560 924 642 962 quae
653 912 788 950 habeat
799 913 837 949 in
847 910 996 949 versuris
1010 924 1054 949 ex
1067 923 1140 949 una
1153 921 1255 962 parte
1265 912 1493 951 laconicum,
1513 911 1558 948 ad
1569 911 1731 948 eundem
1743 910 1921 950 modum,

322 973 379 1008 uti
398 969 682 1020 suprascriptum
703 967 774 1012 est,
796 966 1064 1017 compositum.
1100 967 1153 1003 Ex
1168 966 1319 1004 adverso
1337 967 1667 1011 laconici‚caldam
1679 967 1922 1005 lavationem.

319 1028 363 1065 In
385 1025 749 1078 palaestraperistylia,
770 1022 1098 1073 quemadmodum
1115 1022 1222 1073 supra
1240 1021 1436 1073 scriptum,
1456 1024 1508 1060 ita
1526 1022 1663 1060 debent
1673 1022 1834 1074 perfec‘te
1854 1021 1924 1059 effe

320 1083 528 1120 distributa.
559 1081 668 1118 Extra
688 1090 812 1118 autem
834 1079 1076 1129 disponantur
1095 1080 1262 1130 porticus
1282 1089 1374 1117 tres:
1396 1092 1468 1117 una
1487 1091 1532 1116 ex
1553 1079 1736 1129 peristylio
1757 1078 1924 1115 exeunti-

320 1139 402 1182 bus,
414 1139 492 1176 duae
505 1137 631 1174 dextra
643 1149 686 1174 ac
698 1135 831 1174 sinistra
844 1133 909 1181 [h]
922 1134 1092 1173 stadiatae.
1103 1135 1156 1171 Ex
1168 1135 1303 1184 quibus
1316 1146 1388 1173 una
1397 1148 1476 1185 quae
1487 1134 1700 1187 spee‘taverit
1711 1135 1755 1172 ad
1765 1135 1925 1184 Septen-

322 1196 507 1232 trionem,
528 1192 742 1243 perficiatur
760 1193 898 1243 duplex
911 1221 920 1235 ,
941 1190 1167 1242 amplissima
1183 1190 1396 1230 latitudine:
1427 1192 1539 1229 altera
1562 1190 1714 1241 simplex
1733 1192 1782 1228 ita
1802 1191 1924 1234 faeta,

323 1252 377 1288 uti
396 1252 434 1287 in
447 1249 710 1300 partibus‚quae
730 1248 867 1286 fuerint
887 1249 987 1285 circa
1006 1250 1163 1298 parietes
1177 1274 1186 1288 ‚
1208 1246 1338 1296 &quae
1352 1258 1458 1286 erunt
1478 1247 1522 1284 ad
1542 1249 1741 1285 columnas
1755 1276 1765 1290 ‚
1786 1247 1924 1295 margi-

322 1318 387 1344 nes
406 1306 629 1343 habeantuti
640 1305 804 1350 semitas,
828 1316 908 1342 non
930 1305 1056 1341 minus
1076 1304 1216 1354 pedum
1237 1302 1397 1349 denum,
1417 1305 1664 1352 mediumque
1686 1313 1924 1346 excavatum,

323 1364 378 1399 uti
388 1361 522 1411 gradus
543 1363 620 1399 bini
639 1360 710 1399 sint
729 1363 767 1399 in
787 1359 958 1399 descensu
979 1359 1219 1410 sesquipedali
1241 1359 1260 1396 a
1280 1360 1509 1410 marginibus
1523 1360 1567 1397 ad
1581 1360 1793 1411 planiciem.
1825 1362 1924 1413 Qiae

321 1418 499 1469 planicies
521 1416 562 1455 sit
581 1430 629 1455 ne
642 1419 766 1456 minus
787 1419 860 1455 lata
879 1416 1016 1469 pedum
1034 1415 1249 1453 duodecim.
1282 1416 1333 1454 Ita
1352 1418 1416 1465 qui
1433 1416 1549 1454 vestiti
1569 1415 1835 1453 ambulaverint
1855 1416 1926 1451 cir-

322 1485 412 1511 cum
424 1475 460 1510 in
474 1474 713 1523 marginibus,
727 1486 806 1511 non
817 1474 1065 1524 impedientur
1077 1473 1123 1511 ab
1137 1474 1171 1518 [i
1179 1476 1199 1518 ]
1210 1472 1353 1509 cunctis
1364 1473 1398 1509 se
1410 1471 1678 1510 exercentibus.
1694 1471 1788 1508 Hoec
1798 1480 1925 1508 autem

321 1531 491 1581 porticus
507 1526 603 1580 ξυςός
622 1531 720 1582 apud
741 1531 899 1568 Graecos
920 1531 1131 1574 vocitatur,
1150 1528 1253 1579 quod
1266 1527 1426 1567 Athletae
1435 1541 1501 1580 per
1512 1528 1675 1578 hyberna
1695 1526 1926 1619 tenipor}in

1817 1593 1855 1620 te
1878 1591 1927 1618 tis

321 1698 351 1731 a]
371 1696 519 1726 Pliilander.
540 1698 646 1726 Exedra
658 1695 673 1726 .i
683 1697 783 1726 sedium
794 1695 943 1736 frequentia
953 1697 1023 1727 dista
1032 1698 1077 1726 cst.
1102 1698 1164 1734 Ejus
1175 1697 1292 1739 figuram
1303 1697 1421 1727 referunt
1433 1719 1439 1730 ,
1460 1699 1554 1736 quaein
1564 1697 1698 1726 coenobiis
1709 1707 1839 1727 vocantur
1851 1695 1926 1734 capi-

351 1738 415 1765 tula.
437 1739 532 1766 Pollux
544 1739 590 1766 lib.
603 1749 622 1766 1.
633 1749 689 1778 cap.
699 1749 740 1767 1v.
751 1739 830 1766 tradit
841 1734 984 1767 sessionem
997 1735 1048 1767 esse
1057 1738 1101 1767 ubi
1111 1740 1160 1767 viti
1171 1740 1319 1772 conrident,
1336 1738 1375 1767 lim
1384 1738 1522 1778 ovszqsssswj
1532 1740 1553 1766 oi
1564 1738 1654 1776 diam.

317 1776 346 1811 h]
369 1778 453 1805 Idem.
476 1779 593 1806 Diaulon
603 1780 696 1807 dicunt
709 1780 872 1808 curriculum
884 1780 935 1808 five
945 1779 1067 1818 spatium,
1082 1781 1118 1807 ita
1127 1781 1309 1809 constructum
1320 1802 1327 1812 ‚
1351 1790 1379 1809 ut
1392 1790 1454 1808 cum
1465 1779 1582 1808 cursores
1592 1780 1624 1807 ad
1636 1780 1708 1807 stadii
1718 1787 1818 1806 metam
1828 1787 1926 1816 perve-

352 1814 448 1846 niffent
462 1838 468 1849 ,
490 1820 559 1846 flexo
570 1818 644 1846 cursu
652 1830 697 1857 per
709 1820 841 1848 versuram
858 1821 973 1848 redirent
985 1830 1018 1848 eo
1031 1840 1039 1850 ‚
1057 1821 1127 1849 unde
1142 1817 1226 1849 effent
1235 1818 1360 1860 digteffi.
1379 1822 1394 1849 a
1406 1831 1460 1859 quo
1469 1819 1643 1855 ὣσωλόῷσμρι
1663 1818 1780 1848 cursores
1793 1841 1799 1851 ‚
1822 1820 1868 1857 qui
1879 1817 1927 1846 ubi

349 1868 451 1886 metam
463 1860 627 1898 pertigerant
639 1880 645 1892 ‚
665 1860 805 1888 celerrimo
816 1861 980 1889 circumactu
991 1862 1059 1888 unde
1073 1870 1199 1889 venerant
1210 1861 1393 1889 recurrebant.
1413 1861 1541 1897 Alioquin
1552 1858 1668 1890 Binum&-
1685 1861 1790 1887 Heroni
1803 1860 1883 1888 habet
1894 1861 1924 1887 in

347 1899 548 1946 longitudinem
558 1899 635 1937 pedes
656 1900 728 1927 mille
737 1901 869 1928 ducentos
881 1921 887 1932 ‚
912 1901 1024 1928 stadium
1037 1911 1102 1928 vero
1113 1900 1252 1929 sexcentos
1265 1922 1271 1933 ‚
1295 1900 1415 1935 ἓυ-’λιχθ
1430 1901 1508 1928 stadia
1518 1911 1571 1928 xii.
1591 1902 1724 1939 Interpres
1743 1901 1927 1939 Aristophanis

348 1939 445 1969 ollamus
456 1941 567 1967 nomine
579 1939 708 1980 intelligit
720 1940 811 1968 locum
820 1941 874 1967 duo
885 1941 963 1968 stadia
973 1941 1162 1969 continentem
1172 1962 1179 1973 ,
1197 1942 1228 1968 ad
1239 1942 1419 1969 ducentorum
1438 1940 1593 1968 cubitorum
1603 1941 1762 1970 mensuram.
1778 1945 1860 1970 Certe
1871 1941 1925 1971 hoc

347 1981 411 2008 loco
423 1982 528 2008 Vitruv.
539 1980 641 2008 οὙιωλσν
650 1982 726 2012 dicit,
737 1981 810 2019 quod
820 1981 937 2008 duorum
946 1981 1089 2009 stadiorum
1101 1981 1290 2009 ambulationis
1304 1981 1383 2009 habet
1394 1981 1592 2009 circuitionem.

315 2023 340 2057 c]
364 2022 448 2049 Idem.
470 2024 510 2049 Ita
521 2021 751 2059 appellaturlocus
762 2042 769 2053 ,
791 2021 834 2049 ubi
846 2021 956 2060 puberes
970 2021 1165 2050 exercebantur
1176 2043 1183 2055 ‚
1203 2032 1270 2061 quos
1282 2022 1422 2050 Censorin.
1437 2022 1484 2049 lib.
1502 2022 1583 2050 dedic
1601 2022 1679 2050 natali
1689 2023 1746 2051 vult
1756 2020 1807 2051 esse
1815 2024 1925 2052 decimo

345 2063 420 2090 sexto
431 2062 515 2089 aetatis
526 2072 608 2089 anno.
627 2064 690 2090 Non
703 2062 847 2090 tacendum
863 2062 914 2090 hoc
925 2062 989 2090 loco
997 2060 1136 2101 appellasse
1146 2064 1283 2102 vesticipes
1302 2064 1427 2101 antiquos
1439 2072 1484 2090 eos
1493 2064 1539 2100 qui
1549 2064 1632 2101 prima
1645 2063 1725 2092 barba
1734 2065 1925 2093 vestiebantur.

315 2103 346 2138 d]
369 2102 453 2130 ldem.
474 2102 571 2136 Scribo
579 2105 716 2132 coriceum,
734 2112 784 2141 pro
794 2103 857 2130 loco
869 2102 913 2131 ubi
926 2103 1018 2141 puellae
1039 2103 1249 2136 exercebantur,
1269 2113 1315 2132 aut
1326 2105 1464 2132 coriceum
1475 2114 1525 2142 pro
1542 2104 1679 2132 tonstrina.
1702 2106 1767 2133 Non
1781 2104 1924 2134 defuerunt

349 2143 549 2182 quicoryceum
562 2143 676 2183 legerint
688 2153 736 2181 pro
748 2143 812 2172 loco
823 2143 867 2172 ubi
878 2144 930 2182 pila
940 2153 1138 2176 exercerentur,
1150 2145 1223 2183 quod
1235 2145 1323 2172 Gracci
1335 2154 1466 2184 corycum
1477 2145 1556 2183 pilam
1569 2154 1652 2172 vento
1663 2146 1807 2174 conflatam
1816 2156 1926 2179 vocent,

348 2194 407 2222 quae
419 2185 519 2211 Latinis
530 2181 600 2211 follis
610 2183 718 2216 dicitur,
729 2184 803 2219 cujus
813 2185 936 2212 meminit
947 2185 1017 2212 Paul.
1029 2185 1157 2224 AEgineta
1165 2186 1197 2213 de
1209 2185 1344 2224 speciebus
1359 2186 1491 2226 gymnasii
1500 2184 1627 2213 scribens.
1647 2187 1715 2215 Vide
1725 2187 1923 2216 Turneb.l.10.

351 2235 409 2262 cap.
422 2234 463 2251 10.
483 2223 619 2252 Adversar.
630 2228 655 2253 ὃς
667 2225 819 2252 Mercurial.
833 2224 880 2252 lib.
892 2235 913 2252 1.
924 2235 982 2264 cap.
994 2231 1018 2253 8.
1031 2229 1056 2253 ἐκ
1067 2226 1112 2253 lib.
1127 2236 1151 2253 z.
1162 2236 1219 2265 cap.
1232 2237 1260 2259 4.
1271 2230 1295 2254 ἃ
1307 2226 1352 2254 lib.
1365 2237 1388 2260 3.
1401 2236 1457 2265 cap.
1469 2237 1497 2258 4.
1508 2226 1540 2254 de
1553 2230 1612 2254 Art.
1625 2229 1728 2265 Gymn.

317 2266 344 2300 e]
366 2265 450 2292 Idem.
470 2265 629 2304 Legendum
640 2266 811 2293 conisterium
821 2287 827 2297 ,
847 2277 862 2293 a
876 2266 938 2299 ιωίις
947 2287 954 2296 ‚
977 2266 1022 2294 ubi
1031 2267 1140 2305 pulvere
1151 2268 1208 2306 post
1218 2268 1376 2296 unstionem
1387 2267 1512 2296 luc‘taturi
1523 2267 1729 2307 aspergebantur
1738 2289 1744 2300 ‚
1766 2277 1795 2296 ut
1807 2267 1924 2306 prehen-

349 2306 434 2333 iiones
444 2301 527 2333 essent
538 2304 670 2333 firmiores
681 2309 706 2334 St
717 2316 770 2334 non
783 2306 901 2334 lubricae.
925 2309 996 2335 Nam
1007 2311 1031 2335 ὃ(
1042 2308 1179 2346 pulverem
1188 2307 1366 2337 luitatoribus
1378 2318 1410 2336 ex
1426 2309 1550 2348 AEgypto
1562 2308 1667 2336 allatam
1685 2318 1762 2337 autor
1771 2310 1806 2336 est
1817 2311 1843 2336 in
1862 2310 1922 2337 Ne-

349 2357 414 2374 rone
424 2348 535 2373 Sueton.
550 2349 574 2373 δέ
587 2346 653 2373 Plin.
664 2346 709 2373 lib.
725 2356 763 2381 35.
772 2358 828 2386 cap.
840 2357 878 2381 13.
889 2351 914 2375 Sc
924 2348 951 2375 in
962 2349 1096 2388 gymnico
1107 2349 1284 2377 instrumento
1293 2349 1408 2387 pulveris
1415 2347 1560 2386 sportulam
1569 2358 1707 2377 enumerat
1720 2348 1815 2377 Pollux
1827 2370 1833 2381 ,
1852 2348 1922 2388 ipsa-

348 2397 400 2426 que
409 2386 524 2425 pulveris
533 2385 658 2424 insperlio
669 2388 769 2415 Graecis
780 2387 837 2423 κ’φὴ
848 2388 948 2416 dicitur
959 2409 966 2421 ,
985 2389 1110 2428 usurpato
1119 2390 1238 2418 Martial.
1246 2389 1379 2418 vocabulo
1390 2389 1435 2416 lib.
1447 2399 1475 2416 vi
1483 2399 1503 2416 r.
1511 2391 1538 2416 iu
1551 2389 1686 2417 Philenen.

312 2428 348 2466 f]
369 2427 453 2455 Idem.
476 2429 564 2455 Locus
573 2427 619 2455 ubi
631 2436 765 2456 ceromate
775 2449 782 2460 ‚
801 2429 828 2456 id
840 2429 875 2457 est
886 2439 977 2457 cerato
989 2431 1050 2458 oleo
1060 2428 1287 2469 perfundebantur
1298 2451 1305 2462 ,
1315 2439 1466 2468 quanquam
1478 2430 1663 2457 elaeodeufium
1674 2430 1763 2468 potius
1773 2430 1920 2459 dicendum

360 2468 475 2496 videtur.
494 2465 570 2496 Adu'ca
580 2468 651 2496 enim
665 2469 726 2507 rigo
736 2468 877 2508 fignificat.
897 2471 1074 2499 Vnstuarium
1083 2473 1173 2500 vocari
1183 2472 1268 2510 potest
1276 2481 1307 2499 ex
1316 2471 1362 2498 lib.
1376 2480 1409 2498 11.
1429 2470 1507 2508 Epist.
1517 2470 1603 2498 Plinii.
1630 2473 1747 2498 Ceroma
1763 2471 1832 2509 apud
1851 2471 1920 2498 Plin.

361 2508 407 2537 lib.
418 2519 498 2537 xxxv.
509 2518 566 2547 cap.
578 2519 612 2537 rt.
628 2509 737 2547 quidam
749 2519 798 2548 pro
809 2511 952 2538 conisterio
963 2515 987 2539 ὅ(
997 2512 1150 2540 elaeotheiio
1160 2514 1384 2550 interpretantur:
1407 2511 1450 2538 alii
1463 2520 1510 2548 pro
1519 2511 1597 2541 loc0.
1620 2511 1666 2539 ubi
1680 2512 1798 2540 Athletae
1808 2521 1918 2540 exerce-

359 2550 465 2578 bantur.
488 2549 560 2578 Alias
570 2550 605 2578 est
615 2559 724 2578 ceroma
734 2571 741 2582 ‚
761 2560 816 2588 quo
824 2552 950 2579 certaturi
961 2553 1131 2592 ungebantur
1139 2575 1145 2586 ‚
1164 2554 1227 2582 oleo
1237 2553 1330 2581 scilicit
1339 2551 1445 2581 subacta
1455 2561 1524 2579 cera.
1544 2552 1587 2580 cui
1597 2560 1673 2580 terrae
1685 2554 1822 2592 quoddam
1832 2562 1918 2592 genus

359 2589 496 2619 admisceri
505 2589 623 2621 solitum,
633 2591 704 2619 testis
712 2591 748 2619 est
760 2592 858 2620 Plinius
870 2591 915 2619 lib.
928 2603 1008 2620 xxxv.
1020 2604 1151 2632 cap.x111.

311 2632 344 2669 g]
367 2632 449 2660 Idem.
472 2629 861 2672 Propnigeumsuffocatorium
871 2654 877 2665 ,
894 2633 946 2661 hoc
954 2635 998 2666 est,
1010 2635 1085 2662 locus
1093 2634 1137 2662 ubi
1146 2635 1217 2674 ignis
1228 2633 1365 2674 praeclusus
1376 2633 1465 2661 :estuat
1475 2637 1500 2662 δε
1511 2631 1682 2672 praefurnium
1694 2633 1835 2675 significat.
1857 2633 1919 2661 Pla-

356 2681 399 2700 cet
410 2681 439 2700 ut
451 2682 499 2711 pro
509 2672 646 2711 vaporaria
665 2672 732 2700 cella
742 2672 893 2711 usurpatum
906 2674 943 2701 iit.
967 2676 1082 2703 Fuerunt
1099 2676 1145 2714 qui
1157 2676 1273 2715 legerint
1289 2675 1448 2714 propincum
1461 2694 1468 2705 ‚
1488 2675 1609 2712 procella
1619 2685 1698 2714 quam
1718 2675 1815 2702 Plinius
1835 2675 1919 2712 Epist.

356 2712 403 2740 lib.
413 2723 438 2741 v.
448 2714 626 2752 gustatorium
637 2714 754 2742 vocavit.
776 2715 971 2743 Mercurialde
983 2719 1049 2744 Arte
1069 2718 1235 2755 Gymnastic.
1246 2716 1292 2743 lib.
1302 2726 1323 2743 1.
1336 2725 1393 2753 cap.
1405 2726 1430 2742 x.
1455 2719 1527 2743 Ante
1538 2715 1731 2755 hypocaustum
1748 2716 1790 2742 via
1798 2716 1919 2753 quaedam

357 2762 421 2784 erat,
433 2755 695 2794 propnigeum,quafi
705 2755 804 2783 dixeris
812 2754 994 2794 praefurnium,
1005 2756 1020 2785 a
1032 2758 1159 2786 Vitruvio
1169 2766 1274 2785 vocata.
1287 2757 1354 2785 Vide
1365 2756 1465 2784 ibidem
1476 2754 1574 2797 figuras
1585 2757 1707 2796 palaestrae
1719 2766 1780 2784 cum
1791 2757 1919 2795 peristilio

358 2794 502 2832 quadrato:
522 2796 641 2834 itemque
652 2795 783 2835 oblongo.

315 2833 347 2869 h]
370 2834 516 2863 Philander.
537 2837 658 2864 Porticus
668 2836 781 2864 stadiatae
790 2837 867 2866 diestae
876 2837 934 2866 sunt
945 2839 1017 2876 quod
1028 2839 1054 2867 in
1074 2839 1105 2867 iis
1113 2847 1162 2867 ceu
1172 2840 1250 2868 tectis
1262 2837 1346 2867 stadiis
1357 2847 1404 2875 per
1415 2837 1542 2877 hyemem
1561 2837 1635 2866 coelo
1647 2847 1700 2865 non
1709 2835 1800 2865 sereno
1809 2837 1918 2865 athleta:

356 2884 556 2907 exercerentur,
569 2886 614 2904 aut
625 2877 803 2915 (perstantibus
813 2878 954 2906 hominum
964 2881 1048 2918 copiis
1058 2889 1206 2913 certarent,
1230 2889 1283 2907 non
1294 2878 1308 2907 a
1318 2875 1438 2919 passuum
1448 2887 1563 2908 numero
1572 2899 1579 2909 ,
1596 2878 1672 2907 sicuti
1682 2878 1812 2907 milliaria:
1829 2878 1844 2907 a
1854 2880 1919 2917 διιεῖ

357 2924 416 2943 ton.
427 2916 454 2942 in
463 2917 580 2947 Nerone.
597 2927 661 2954 quas
674 2917 804 2956 Vopiscus
815 2920 843 2946 in
856 2919 1001 2947 Aureliano
1012 2921 1190 2948 milliarienses
1202 2928 1292 2948 vocat.

313 2957 336 2992 ἱ]
361 2956 455 2986 Claud.
469 2956 604 2986 Salmalius
621 2958 769 2998 legendum
779 2958 868 2989 censet
881 2973 888 2993 ς
908 2959 942 2988 ab
952 2963 1032 2990 unciis
1040 2961 1070 2997 ft
1086 2960 1268 2990 exercentibus.

1815 3001 1843 3036 k]
1855 2999 1916 3029 Phi-
