2023 3162
300 89 351 127 90
658 71 1486 113 M.V1**r1<uv111³0ct10r<1s

299 145 423 183 munis
435 143 477 182 sir
493 142 576 181 usus
590 152 723 180 eorum
733 134 903 188 utrisque.
936 136 1072 174 Ahena
1083 136 1104 172 s
1100 148 1188 187 upra
1200 136 1473 187 hypocaustum
1483 138 1549 176 tria
1561 136 1638 176 sunt
1649 150 1887 191 compones.»

299 202 478 245 da,unum
489 199 705 239 caldarium,
717 197 875 232 alterum
886 192 1274 242 tepidarium‚tertium
1285 192 1527 242 frigidarium:
1539 196 1576 232 ὅ(
1588 196 1638 232 ita
1649 197 1883 237 collocanda,

299 259 353 294 uti
363 270 406 292 cx
418 255 598 307 tepidario
609 254 648 289 in
659 250 860 288 caldarium
870 277 880 293 ‚
892 257 1077 297 quantum
1087 260 1190 296 aqua:
1202 247 1315 286 caldae
1327 251 1466 294 exierit,
1478 249 1607 287 influat
1623 266 1630 292 3
1644 251 1688 287 de
1698 251 1884 302 frigidario

298 315 338 350 in
350 311 567 362 tepidarium
578 308 621 345 ad
634 305 808 343 cumdem
819 305 978 340 modum
990 316 997 339 ε
1011 302 1282 353 testudinesque
1295 306 1486 341 alveorum
1499 317 1544 342 ex
1558 309 1754 343 communi
1764 307 1885 360 hypon

300 363 751 411 caiis1[d]calefacicntur.
781 357 1004 409 Suspensurae
1017 359 1268 396 caldariorum
1289 361 1339 398 ita
1350 358 1429 397 sunt
1440 359 1618 398 faciendae
1631 390 1641 405 ‚
1660 361 1712 398 uti
1722 364 1884 411 primum

300 420 603 472 sesquipedalibus
623 417 754 466 tegulis
764 415 886 452 solum
904 412 1082 452 sternatur
1099 416 1319 452 inclinatum
1331 415 1378 452 ad
1397 415 1636 467 hypocausim
1647 445 1656 460 ‚
1675 418 1727 454 uti
1742 418 1800 464 [e]
1812 420 1885 468 pila

302 491 390 516 cum
401 478 585 515 mittatur,
605 484 687 509 non
705 469 815 522 possit
835 471 934 507 intro
947 469 1121 510 resistere,
1137 469 1196 507 sed
1207 470 1323 508 rursus
1341 471 1466 509 redeat
1481 472 1526 510 ad
1540 469 1615 524 [f]
1634 471 1884 522 praefurnium3

301 534 374 584 ipsa
385 544 447 583 per
459 531 490 567 se
510 532 558 567 ita
568 528 721 565 flamma
739 526 883 564 facilius
893 527 1150 576 pervagabitur
1159 525 1223 562 sub
1243 525 1495 577 suspensione:
1515 527 1693 578 supraque
1705 528 1887 567 laterculis

297 591 371 641 [g]
385 585 575 624 bessalibus
585 584 668 634 pilae
677 582 856 620 struantur
866 583 916 619 ita
926 580 1122 631 dispolim,
1145 583 1199 619 uri
1210 582 1396 633 bipedales
1407 584 1537 633 tegulae
1557 582 1695 634 possint
1708 583 1808 634 supra
1819 583 1887 623 esse

301 644 515 680 collocatae.
549 638 795 677 Altitudinem
814 648 936 675 autem
949 638 1028 687 pilae
1047 637 1205 675 habeant
1215 638 1353 688 pedum
1365 638 1526 676 duorum
1540 669 1550 684 ,
1571 651 1696 687 eaeque
1707 638 1886 677 struantur

302 695 368 744 [h]
379 698 502 747 argilla
512 707 601 733 curn
612 695 748 744 capillo
759 692 919 738 subacta,
930 692 1106 744 supraque
1117 694 1355 730 collocentur
1364 695 1496 744 tegulae
1509 694 1696 744 bipedales
1709 723 1718 738 ‚
1739 707 1820 743 quae
1830 694 1889 731 su-

301 755 457 791 stineant
467 753 734 803 pavimentum.
747 750 1098 786 concamerationes
1109 761 1199 786 vcro
1210 779 1219 793 ‚
1238 748 1263 785 sl
1276 760 1319 787 ex
1329 748 1500 788 structura
1507 749 1606 788 faita*
1618 749 1769 795 fuerint,
1780 760 1888 787 erunt

302 810 480 847 utiliores.
514 809 578 844 Sin
588 815 712 844 autem
723 806 1025 854 contignationes
1036 803 1184 850 fuerint,
1195 804 1363 854 figlinum
1374 817 1469 856 opus
1479 805 1697 853 subjiciatur.
1727 805 1800 842 Sed
1810 805 1889 843 hoc

301 867 351 902 ira
364 867 432 903 erit
443 862 666 901 faciendum.
697 862 852 910 Regulae
864 860 988 897 ferreae
999 869 1061 898 aut
1071 872 1177 897 arcus
1188 860 1298 901 fiant,
1314 873 1438 910 eaeque
1451 863 1593 898 uncinis
1604 861 1726 899 ferreis
1735 861 1783 898 ad
1793 873 1888 898 con-

303 921 554 971 tignationem
565 917 821 967 suspendantur
831 927 943 965 quam
955 916 1207 956 creberrimis,
1231 929 1355 965 eaeque
1365 918 1499 966 regulae
1511 916 1583 955 sive
1594 929 1698 955 arcus
1709 920 1759 955 ita
1769 916 1889 966 dispo-

304 987 452 1015 nantur,
465 985 504 1012 ut
514 974 644 1024 regulae
655 972 729 1009 sine
741 971 967 1021 marginibus
977 971 1099 1009 sedere
1111 973 1147 1008 in
1160 972 1305 1009 duabus
1315 971 1513 1021 invehique
1522 972 1673 1023 possint,
1688 975 1725 1010 ὅ(
1737 974 1788 1010 ita
1798 982 1889 1010 torae

306 1031 656 1070 concamerationes
666 1029 702 1064 in
714 1027 812 1064 ferro
824 1029 984 1064 nitentes
994 1026 1062 1064 sint
1072 1027 1454 1078 perfedaeemmque
1467 1040 1696 1066 camerarum
1707 1029 1889 1079 superiora

304 1096 531 1137 coagmenta
541 1097 584 1122 ex
595 1085 718 1134 argilla
731 1095 815 1121 cum
827 1083 963 1134 capillo
983 1082 1004 1119 s
999 1082 1128 1120 ubacta
1137 1085 1318 1120 liniantur.
1350 1084 1504 1121 Inferior
1514 1094 1639 1122 autem
1659 1096 1740 1135 pars
1750 1095 1831 1133 quae
1842 1085 1889 1122 ad

301 1146 560 1193 pavimentum
582 1140 729 1190 spectat,
744 1141 904 1189 primum
917 1138 1003 1176 testa
1020 1150 1108 1176 curn
1121 1140 1222 1176 calce
1241 1140 1466 1188 trullissetur:
1483 1139 1615 1177 deinde
1626 1151 1740 1190 opere
1754 1141 1816 1187 [τί]
1837 1141 1890 1177 al-

303 1200 408 1237 bario
419 1198 489 1235 sive
509 1196 568 1243 [k]
587 1196 746 1234 reelorio
758 1196 914 1245 poliatur
926 1211 934 1237 3
954 1206 1080 1244 eaeque
1091 1206 1243 1232 camerae
1253 1196 1291 1231 in
1305 1195 1469 1233 caldariis
1483 1194 1506 1232 si
1519 1195 1682 1246 duplices
1694 1195 1796 1233 sastae
1807 1195 1889 1233 fue-

303 1256 387 1293 rint,
403 1254 598 1291 meliorem
610 1251 798 1289 habebunt
809 1249 925 1288 usum.
956 1251 1050 1288 Non
1060 1251 1161 1288 enim
1172 1250 1192 1287 ἐι
1203 1262 1339 1301 vapore
1350 1251 1489 1289 humor
1501 1264 1741 1302 corrumpere
1751 1253 1890 1302 poterit

303 1311 498 1348 materiem
511 1308 804 1358 contignationis
815 1336 825 1352 ,
845 1306 903 1344 sed
916 1308 1007 1344 inter
1018 1307 1104 1344 duas
1123 1318 1287 1344 cameras
1299 1308 1499 1357 vagabitur.
1532 1307 1809 1357 Magnitudines
1827 1319 1891 1345 au-

305 1376 381 1402 rem
393 1366 607 1403 balnearum
626 1363 795 1401 videntur
805 1362 881 1400 fieri
902 1375 971 1415 pro
984 1365 1093 1413 copia
1113 1363 1325 1400 hominum.
1355 1365 1436 1400 Sint
1445 1374 1570 1401 autem
1592 1365 1640 1401 ita
1653 1362 1889 1413 compofitae.

305 1419 668 1473 Qantalongitudo
679 1419 786 1457 fuerit
797 1449 807 1463 ‚
823 1420 927 1457 tertia
937 1419 1075 1464 demta,
1087 1418 1246 1457 latitudo
1257 1418 1310 1464 sit,
1323 1430 1451 1471 praeter
1462 1417 1498 1463 [l
1505 1424 1522 1465 ]
1535 1419 1714 1456 scholam
1726 1418 1830 1463 labri,
1851 1418 1891 1455 δε

301 1479 403 1517 alvei.
433 1476 602 1514 Labrum
611 1478 737 1525 utique
748 1474 810 1513 sub
822 1476 961 1513 lumine
971 1474 1185 1513 faciendum
1195 1474 1338 1514 videtur
1351 1504 1362 1520 ‚
1371 1487 1417 1513 ne
1426 1475 1558 1513 staiites
1569 1476 1712 1513 circum
1722 1474 1793 1512 suis
1805 1486 1890 1511 um-

1815 1529 1892 1567 bris

337 1640 393 1658 rem
403 1630 484 1661 elicit,
497 1628 650 1668 liypocausti
660 1631 825 1658 mentionem
834 1628 923 1660 fecisse
935 1631 1174 1669 lefflnd‘andeft.
1184 1631 1229 1659 lib.
1245 1641 1321 1660 xvir.
1332 1631 1458 1659 mindati.
1487 1631 1693 1658 Fornacatorem
1705 1629 1731 1656 in
1741 1629 1887 1667 Papiniano

340 1671 464 1700 I’antletsl.
474 1680 581 1698 xxxin.
592 1671 623 1698 de
633 1668 716 1698 fundo
727 1671 861 1703 instruero,
871 1672 1030 1710 interpretor
1038 1671 1151 1703 servum,
1162 1672 1207 1711 qui
1217 1673 1241 1699 in
1254 1672 1349 1700 balneo
1358 1681 1449 1700 curam
1458 1670 1537 1698 habet
1548 1669 1723 1698 succendendi
1731 1670 1812 1709 ignis.

298 1711 329 1745 d]
348 1711 495 1739 Pliilander.
518 1713 569 1739 Pro
578 1710 698 1739 calefiant
706 1711 806 1740 dietum
818 1712 862 1744 esi,
873 1721 902 1739 ut
912 1711 958 1739 lib.
968 1723 994 1745 4.
1003 1722 1062 1751 cap.
1074 1723 1102 1744 7.
1113 1711 1366 1743 concalefaciuntur,
1385 1722 1434 1750 pro
1445 1709 1634 1739 concalefiunt.

299 1754 326 1786 e]
348 1751 430 1778 Idem.
453 1751 517 1779 Cael.
527 1751 707 1791 Rhodiginus‚
718 1753 758 1779 vir
768 1752 858 1780 multae
869 1752 989 1781 leffionis
1002 1773 1008 1783 .
1029 1763 1077 1791 pto
1086 1753 1153 1791 pilis,
1165 1752 1268 1791 sphrcris
1279 1756 1302 1780 δε
1314 1753 1413 1792 glomis
1424 1752 1480 1790 pice
1492 1752 1565 1779 illitis
1577 1770 1584 1780 ,
1598 1750 1644 1778 nili
1655 1761 1697 1779 me
1705 1747 1772 1778 ffllit
1781 1759 1888 1778 memo-

341 1792 387 1820 ria.
398 1790 492 1828 quibus
503 1791 672 1830 languescens
683 1793 752 1831 ignis
764 1792 930 1821 excitabatur
939 1814 945 1825 ,
964 1794 999 1821 est
1011 1793 1207 1831 interpretatus.
1231 1794 1291 1832 Ego
1302 1802 1367 1831 puto
1387 1792 1539 1831 iimpliciter
1548 1791 1650 1819 distum
1668 1800 1717 1828 pro
1726 1799 1885 1829 quacunque

342 1830 475 1869 Spliaetula
486 1830 536 1858 sive
547 1831 669 1870 globulo.
693 1835 734 1859 De
745 1833 917 1861 inclinatione
928 1835 1000 1860 enim
1011 1834 1058 1861 soli
1069 1833 1221 1872 liypocausti
1233 1834 1361 1872 loquitur,
1373 1833 1416 1860 cui
1427 1830 1651 1868 vasariaimpolita
1662 1830 1728 1858 sunt.

295 1871 334 1909 f]
355 1871 441 1899 Idem.
462 1869 635 1898 Praefurnium
656 1872 691 1899 est
702 1881 730 1899 os
742 1871 896 1911 hypocausti
911 1871 1093 1906 livefornacis,
1107 1873 1242 1913 quoligna
1256 1875 1283 1900 in
1293 1872 1431 1901 fornacem
1446 1872 1582 1900 induntur.
1607 1873 1673 1908 Qo
1683 1869 1791 1899 nomine
1802 1871 1886 1899 utitur

344 1914 416 1940 Cato
427 1921 483 1949 cap.
495 1915 535 1945 38.
545 1911 590 1938 lib.
600 1911 631 1938 de
640 1921 666 1938 re
676 1912 790 1939 Rustica.

295 1954 328 1989 g]
348 1952 433 1979 Idem.
457 1953 532 1980 oei-o
541 1952 679 1979 unciarum
690 1951 740 1979 five
753 1952 888 1990 pollicum.
913 1949 960 1981 Pes
968 1953 1041 1980 enim
1051 1953 1074 1980 in
1084 1952 1228 1981 duodecim
1241 1954 1330 1981 uncias
1341 1975 1347 1984 ,
1358 1953 1384 1980 id
1394 1953 1437 1985 est,
1448 1952 1556 1990 pollices
1567 1951 1702 1980 dividitur.
1725 1952 1759 1979 Et
1770 1960 1797 1979 ut
1807 1951 1886 1980 semel

337 1993 436 2023 dicam,
447 2001 491 2030 pes
500 1992 628 2019 dividitur
640 1993 666 2019 in
678 1992 778 2029 palmos
788 2001 901 2030 quatuor
912 2014 919 2024 ,
937 1993 1038 2031 palmus
1047 1993 1149 2021 constat
1161 2002 1275 2031 quatuor
1292 1994 1383 2033 digitis
1393 1994 1433 2021 scu
1445 1992 1586 2032 pollicibus
1602 1992 1696 2020 tribus.
1716 1991 1817 2032 digitus
1826 2001 1884 2021 tam

337 2033 404 2060 latus
415 2033 449 2060 est
461 2042 539 2071 quain
549 2031 608 2060 sunt
616 2032 670 2059 lata
679 2032 770 2060 hordei
778 2042 859 2072 grana
870 2042 992 2072 quatuor.

295 2072 325 2108 ly]
349 2073 432 2100 idem.
454 2073 556 2112 Argilla
564 2081 633 2100 terra
644 2073 678 2100 est
689 2072 740 2101 live
749 2082 829 2106 creta,
841 2084 892 2111 qua
902 2073 978 2113 figuli
990 2083 1101 2102 utuntur
1111 2095 1118 2107 ,
1137 2075 1242 2113 pinguis
1253 2074 1361 2103 scilicet.
1383 2075 1421 2102 Ea
1433 2073 1574 2112 multiplici
1584 2073 1712 2111 reperitur
1722 2073 1813 2101 colore
1825 2095 1831 2106 ,
1848 2074 1885 2101 est

335 2115 408 2141 enim
419 2113 540 2145 candida,
551 2113 585 2140 cst
596 2113 708 2146 cinerea,
719 2114 788 2141 estin
797 2114 910 2142 candido
919 2115 1074 2147 cinerea,est
1084 2116 1205 2153 punicea,
1218 2115 1304 2146 rubra,
1318 2125 1447 2154 purpurea
1459 2115 1533 2154 nigra
1544 2135 1550 2145 ,
1560 2115 1639 2144 lutea,
1653 2113 1740 2142 viridis
1749 2134 1757 2144 ‚
1769 2117 1794 2142 δι’
1807 2114 1886 2142 varia.

335 2155 445 2181 Nomen
457 2162 545 2180 tamen
555 2152 658 2181 videtur
669 2152 683 2181 :i
696 2154 810 2181 candore
821 2156 895 2183 nasta
906 2167 912 2186 ς
923 2154 993 2193 ὶῆοςβν
1001 2155 1073 2182 enirn
1084 2155 1225 2183 candidum
1236 2155 1375 2195 signifieat.

293 2195 315 2228 ι’]
348 2194 432 2222 Idem.
455 2194 519 2221 Hoc
530 2192 560 2221 fit
570 2203 633 2231 pura
642 2193 721 2226 calce,
734 2193 856 2233 idemque
866 2205 978 2224 vocatur
994 2195 1084 2224 album
1096 2205 1161 2234 opus
1173 2195 1219 2223 lib.
1231 2206 1257 2229 7.
1268 2206 1322 2235 cap.
1332 2206 1355 2230 3.
1374 2195 1407 2224 dc
1416 2205 1449 2223 eo
1459 2195 1532 2234 plura
1542 2196 1599 2224 vide
1608 2196 1634 2223 in
1645 2195 1842 2224 commentario
1850 2195 1883 2223 dc

341 2235 446 2262 vitruv.
457 2233 599 2261 verborum
607 2232 812 2273 fignificatione.

300 2275 327 2308 1.·]
349 2274 431 2302 Idem.
457 2275 615 2302 Testorium
627 2274 728 2302 etiamsi
739 2285 848 2303 omnem
859 2277 970 2304 crustam
979 2276 1068 2305 induci
1080 2275 1184 2304 solitam
1197 2276 1327 2316 significet
1338 2298 1345 2309 ,
1365 2277 1416 2305 boc
1427 2286 1514 2306 tamen
1526 2277 1589 2306 loco
1600 2277 1885 2316 complestiturarena-

333 2324 399 2345 tum.
409 2314 434 2341 id
444 2315 489 2345 esi,
502 2315 658 2342 mortarium
669 2318 693 2342 δε
707 2325 907 2348 marmoratum,
920 2317 991 2355 quod
1002 2318 1156 2345 nostraaetas
1163 2317 1295 2354 [lumbum
1303 2318 1416 2356 appellat
1427 2339 1434 2350 ‚
1452 2328 1530 2357 atque
1541 2318 1668 2346 maltham
1677 2339 1683 2350 ,
1706 2327 1785 2356 quam
1803 2316 1884 2344 smal-

331 2364 390 2382 tuni
402 2355 498 2394 vulgus
510 2354 637 2382 Italorum
647 2356 767 2383 nominat
779 2367 785 2384 .·
795 2358 868 2392 cujus
879 2359 939 2396 quia
947 2358 1015 2385 ratio
1026 2359 1130 2396 propria
1140 2358 1175 2385 est
1185 2358 1350 2386 castellorum
1361 2369 1444 2397 aquae.
1457 2359 1549 2386 camin
1562 2359 1608 2386 lib.
1619 2367 1684 2385 v111.
1695 2367 1752 2395 cap.
1764 2367 1818 2385 vu.
1829 2355 1884 2384 dis-

325 2397 443 2424 tulimus.
466 2394 560 2422 Claud.
569 2395 703 2423 Salmasius
714 2396 740 2424 in
759 2397 888 2425 Solinum.
901 2408 960 2437 pag.
974 2408 1032 2426 ιιι..
1043 2402 1066 2426 ἅῑ
1078 2408 1153 2430 1229.
1176 2400 1205 2426 In
1217 2400 1300 2426 veteri
1318 2399 1492 2437 Inscriptione
1512 2398 1569 2426 calx
1583 2406 1692 2426 arenata
1702 2418 1709 2430 ‚
1727 2397 1765 2425 his
1783 2395 1879 2427 verbis,

325 2446 383 2474 qua:
396 2436 429 2464 sic
443 2435 553 2475 legenda
560 2434 584 2462 su
590 2443 617 2462 nt
627 2450 633 2468 3
653 2436 736 2474 eosque
741 2440 857 2474 parietes,
868 2439 1044 2476 marginesqtce
1053 2449 1136 2466 omnes
1144 2448 1195 2477 quae
1205 2439 1252 2465 lita
1259 2449 1308 2466 non
1317 2448 1391 2467 erunt
1400 2460 1407 2471 ,
1422 2440 1488 2467 calce
1498 2439 1627 2466 harenata
1636 2438 1678 2465 lito
1686 2437 1809 2475 politoque
1819 2458 1825 2469 ,
1848 2436 1882 2471 (5¹

325 2477 391 2505 calce
398 2476 467 2504 nuda
478 2475 603 2503 dealbato.
614 2474 657 2503 ubi
667 2475 760 2504 calcem
770 2477 868 2505 nudam
887 2488 965 2506 vocat
978 2488 1078 2506 meram
1098 2483 1122 2507 ὅ(
1140 2489 1232 2517 puram
1245 2500 1251 2511 ,
1272 2479 1314 2507 cui
1327 2489 1380 2507 non
1400 2479 1517 2507 admixta
1527 2489 1613 2507 arena.
1634 2479 1707 2506 Hinc
1720 2477 1883 2506 observanda

324 2515 475 2545 differentia
483 2515 572 2544 albarii
591 2517 677 2553 operis
688 2520 712 2544 &
723 2518 839 2545 tetstorii.
862 2519 1020 2547 Testorium
1039 2518 1067 2546 sit
1088 2519 1211 2547 harenata
1226 2519 1297 2547 calce
1306 2519 1346 2547 vel
1366 2529 1544 2547 marmorato:
1567 2519 1706 2547 Albarium
1718 2519 1789 2547 calce
1798 2527 1876 2546 mera.

324 2558 461 2585 Vitruvius
473 2567 478 2584 :
493 2555 664 2594 Testoriofive
673 2556 770 2584 albario
781 2565 868 2594 opere:
887 2562 910 2586 ὃ(
920 2560 971 2586 alio
981 2559 1052 2591 loco,
1065 2559 1154 2586 album
1163 2567 1221 2595 epm
1231 2559 1352 2598 appellat.
1372 2560 1436 2587 Inde
1447 2561 1538 2587 Albim·
1547 2563 1571 2587 δε
1583 2560 1688 2587 Albam·
1695 2560 1739 2597 qui
1748 2557 1879 2587 dealbant.

328 2599 468 2635 Proprium
481 2596 591 2625 verbum
605 2597 681 2632 hujus
691 2599 778 2636 operis
788 2598 914 2631 dealbare,
927 2608 955 2627 nt
966 2600 1073 2627 tectorii
1083 2600 1153 2627 liniri
1164 2604 1187 2626 S<
1198 2601 1285 2638 poliri.
1297 2601 1383 2628 Graeci
1393 2598 1600 2633 ufflmsassvocant
1610 2609 1665 2628 tam
1676 2600 1787 2627 albai-ios
1799 2608 1880 2637 quarn

325 2640 449 2666 teftores.
472 2633 758 2676 Hesycliiusaeaeml'mg,
768 2638 942 2672 λώρριῖνονπς.
954 2641 987 2667 Et
1000 2640 1113 2673 ’ωνιοιπά
1124 2639 1263 2672 οιό-ῗέςωπή
1273 2642 1295 2678 νξ
1305 2640 1410 2674 χμταᾷ.
1434 2642 1502 2668 Item
1514 2641 1636 2677 :ffln'xCr;‚
1652 2639 1806 2677 οἶο-ξὲςωζιςῑ
1828 2641 1882 2666 La-

325 2679 380 2705 tine
390 2678 546 2705 decalceauo.
569 2680 610 2705 Ita
621 2679 691 2706 enirn
702 2688 802 2706 veteres
813 2679 926 2718 loquuti.
950 2681 1035 2708 Festus
1047 2691 1052 2707 :
1073 2680 1188 2708 calceata
1197 2681 1314 2712 milicia,
1326 2681 1398 2709 calce
1409 2681 1497 2719 polita.
1522 2681 1588 2709 Vide
1600 2689 1703 2708 caetera.

289 2717 311 2751 l]
342 2718 488 2745 Philander.
507 2717 610 2749 Schola,
622 2727 651 2746 ut
661 2719 745 2757 placet
757 2719 915 2750 Hermolao,
928 2721 1002 2748 nobi»
1015 2731 1137 2759 quoque,
1163 2731 1221 2759 pars
1231 2722 1265 2749 est
1278 2721 1341 2748 libri
1359 2722 1409 2748 live
1427 2721 1493 2748 alvei
1507 2742 1513 2751 .
1532 2721 1559 2749 id
1569 2722 1603 2749 est
1621 2720 1729 2758 lapidea?
1741 2721 1879 2749 sinistam-e

323 2756 397 2785 fosl'ae
409 2757 559 2785 balnearum
570 2778 576 2789 ,
595 2759 638 2787 ubi
651 2760 950 2799 posterioresoccupato
967 2762 980 2789 a
999 2762 1129 2799 prioribus
1143 2762 1333 2789 labroalveove
1352 2761 1566 2800 praestolabantur
1577 2765 1601 2789 Sc
1612 2761 1756 2799 spestantes
1768 2761 1882 2789 stabant.

324 2799 389 2825 Alii<
401 2798 485 2835 placet
497 2800 629 2835 porticum
639 2797 691 2828 esse
701 2801 803 2828 circum
812 2800 923 2829 labrum.
937 2804 999 2840 Qa
1009 2803 1034 2829 in
1043 2801 1237 2842 significatione
1249 2801 1402 2839 usurpatum
1410 2799 1483 2830 fuisse
1490 2801 1642 2840 aliquando,
1653 2801 1687 2829 est
1696 2801 1844 2829 indicatum
1852 2801 1880 2830 iu

323 2838 446 2876 epistylio
461 2838 578 2875 porticus
591 2860 597 2870 ,
617 2850 696 2878 quam
715 2841 740 2867 in
763 2839 815 2868 sori
836 2843 952 2870 Romani
969 2843 1054 2880 capite
1073 2842 1105 2869 ad
1123 2843 1221 2870 radices
1242 2843 1391 2880 Capitolii,
1410 2842 1520 2870 librariis
1539 2841 1704 2878 praeconibus
1720 2862 1727 2874 ,
1757 2844 1791 2870 C.
1811 2844 1882 2871 Avi-

322 2880 388 2906 liuin
401 2878 533 2905 Licinium
546 2879 670 2907 Trofium
687 2878 775 2908 fecisse
788 2902 794 2912 ,
809 2881 860 2920 ipsa
872 2882 1008 2921 inscriptio
1023 2882 1153 2912 docebat:
1175 2882 1216 2911 sed
1230 2892 1277 2920 pro
1287 2884 1391 2921 porticu
1410 2884 1435 2910 in
1446 2892 1495 2920 qua
1504 2880 1586 2909 essent
1606 2881 1722 2910 tabernae
1732 2881 1835 2911 distant
1845 2892 1880 2910 eo

323 2919 386 2947 loco
396 2919 453 2956 quis
463 2928 517 2945 non
528 2918 616 2946 videt?
636 2921 671 2947 Ea
682 2922 764 2959 igitur
776 2924 893 2959 porticus
905 2923 998 2954 obruta
1011 2924 1091 2962 prius,
1106 2933 1167 2953 cum
1177 2932 1237 2952 ante
1247 2933 1344 2962 paucos
1355 2933 1438 2952 annos
1449 2920 1545 2951 referia.
1555 2919 1651 2953 fuisset.
1662 2923 1785 2952 inventus
1795 2924 1831 2952 est
1842 2923 1880 2951 ti-

323 2959 392 2988 tulus
403 2959 430 2987 iu
440 2958 560 2987 interiori
571 2960 693 2999 epistylio
701 2961 860 2997 hujusmodi,

1750 3007 1783 3034 C.
1802 3005 1880 3033 AVI-
