2023 3162
517 72 582 97 ns
635 57 1158 97 Aacnrrrci-vrta
1214 55 1399 96 Liuii.
1724 71 1766 98 ii

176 127 356 179 ampliore
368 138 482 176 quarn
502 128 687 176 parietum
699 127 764 174 qui
784 125 889 176 supra
901 135 1037 162 terram
1058 125 1139 163 sunt
1151 124 1285 166 futuri,
1311 128 1349 164 &
1363 139 1405 164 ea
1419 125 1644 177 impleantur
1655 139 1772 178 quam

176 183 384 221 solidissiina
395 182 578 224 struCiura.
609 184 707 219 Item
718 191 838 218 turres
858 182 941 218 sunt
965 181 1204 231 projiciendoe
1224 182 1263 218 in
1281 184 1504 219 exteriorem
1527 194 1669 234 partem
1684 211 1694 230 ‚
1715 186 1768 221 uti

176 251 265 276 cum
277 239 322 276 ad
334 250 481 276 murum
494 237 755 286 hostisimpctu
765 238 853 273 velit
873 239 1169 288 appropinquare
1183 265 1194 281 ‚
1215 236 1234 273 a
1245 238 1402 276 turribus
1423 238 1551 276 dextra
1568 251 1612 277 ac
1631 239 1763 277 finistra

175 295 350 332 lateribus
362 295 505 344 apertis,
522 292 602 329 telis
612 293 840 329 vulneretur.
857 292 1153 341 Curandumque
1164 294 1327 331 maxime
1342 293 1544 338 videtur,ut
1553 306 1630 332 non
1641 294 1759 332 facilis
1773 296 1819 323 Al·
1837 296 1886 325 de-

175 349 218 387 sit
227 351 344 388 aditus
356 350 401 387 ad
412 348 708 398 oppugnandum
723 359 892 384 murum:
916 346 1032 384 sedita
1053 348 1363 386 circumdandum
1384 350 1431 387 ad
1442 350 1529 386 loca
1547 352 1758 401 praecipitia,
1771 337 1825 404 ἐξίῃ(
1846 346 1886 365 ¹²*

175 408 215 444 ὃς
234 404 524 455 excogitandum
538 432 546 447 ‚
557 405 610 440 titi
619 413 809 452 portarum
829 405 961 440 itinera
972 415 1048 440 non
1060 402 1127 440 sint
1139 404 1273 441 direfta
1285 433 1294 449 ‚
1307 402 1364 442 sed
1378 408 1434 452 [c]
1447 403 1568 441 σκαιοὶ.
1580 406 1758 455 Namque
1772 399 1817 444 Al.
1829 417 1893 445 loca-

177 473 262 498 cum
282 463 330 498 ita
340 461 476 497 fastum
496 459 605 495 fuerit
618 487 626 501 ‚
644 468 731 495 tunc
743 459 914 494 dextrum
934 459 1027 495 latus
1050 459 1310 497 accedentibus
1325 489 1334 504 ‚
1354 462 1461 510 quod
1481 460 1585 499 scuto
1605 464 1761 499 nouerit
1774 468 1842 486 '¹⁰⁷¹-

175 517 333 555 tectum,
357 517 575 565 proximum
588 515 654 550 erit
666 526 788 551 muro.
820 514 1061 551 Collocanda
1071 524 1200 551 autem
1212 516 1347 564 oppida
1359 517 1441 554 sunt
1451 546 1462 562 ‚
1483 529 1562 555 non
1572 518 1764 567 quadrata,

175 583 245 609 nec
256 570 554 622 procurrentibus
566 570 707 617 angulis
720 599 729 613 ‚
750 569 809 607 sed
821 570 1117 609 circuitionibus,
1133 570 1186 606 uti
1198 569 1309 606 hostis
1322 583 1366 608 ex
1379 573 1546 623 pluribus
1559 575 1654 610 locis
1667 586 1763 611 con-

174 628 355 678 spiciatur.
371 627 409 663 ln
422 626 553 674 quibus
566 626 668 661 enim
679 626 798 673 anguli
811 636 1047 674 procurrunt,
1066 624 1262 662 difficulter
1279 626 1489 665 defenditur
1500 658 1510 674 ,
1533 628 1638 678 quod
1648 641 1765 678 angu-

175 683 230 721 lus
242 683 355 732 magis
365 680 510 718 hostem
519 690 641 717 tuetur
652 692 766 729 quam
778 682 913 717 civem.
944 679 1230 717 Crassitudinem
1242 692 1366 719 autem
1386 685 1484 720 muri
1499 695 1547 721 ita
1556 685 1764 722 faciendam

175 738 379 782 cense0,uti
389 738 517 774 armati
529 735 822 785 lioinines‚ssipra
831 736 987 772 obviam
999 737 1296 774 venientes‚alius
1307 738 1420 775 alium
1432 737 1762 790 fineimpeditione

174 795 352 846 praeterire
365 791 622 842 possintTum
633 792 668 827 in
681 790 910 828 crailitudinc
922 792 997 836 ejus
1009 801 1192 843 perpetuae
1202 790 1264 837 [d]
1276 794 1377 829 taleae
1388 794 1588 843 oleaginea:
1602 795 1763 833 ustulatae

175 862 286 899 quam
299 848 519 885 creberrime
529 845 822 884 instruantur.uti
834 857 998 896 utraeque
1011 849 1105 884 muri
1117 847 1258 884 frontes
1270 849 1363 884 inter
1373 848 1407 886 se
1422 847 1760 898 (quemadmodum

173 904 312 946 fibulis)
325 903 378 940 his
390 904 491 939 taleis
510 902 694 950 colligatae
706 914 879 940 :eternam
892 903 1052 940 habeant
1063 902 1289 940 firmitatem.
1302 904 1429 953 Namq
1439 926 1449 953 3
1458 907 1492 942 ei
1502 909 1675 946 materiae,
1688 919 1761 944 nec

174 958 381 1010 tempestas,
399 970 469 995 nec
483 959 611 999 caries,
625 970 694 995 nec
705 959 864 996 vetustas
885 958 1002 1009 potest
1013 971 1165 1003 nocere,
1179 959 1237 996 sed
1256 971 1297 996 ea
1317 958 1354 996 ὃ(
1365 962 1402 997 in
1414 971 1508 999 terra
1527 962 1661 999 obruta
1673 964 1761 999 &in

174 1027 271 1065 aqua
283 1016 470 1052 collocata
480 1025 674 1064 permanet
688 1014 760 1052 [ine
780 1016 876 1053 vitiis
889 1016 985 1052 utilis
996 1014 1230 1066 sempiterno.
1252 1017 1344 1065 Itaq3
1361 1029 1442 1054 non
1455 1016 1576 1055 solum
1588 1020 1624 1055 in
1636 1030 1762 1062 muro,

173 1072 231 1109 sed
240 1073 308 1109 etia
316 1083 353 1108 m
362 1072 399 1107 in
410 1070 730 1109 substructionibus
742 1101 750 1115 ,
762 1073 901 1121 quique
913 1073 1066 1121 parietes
1078 1074 1208 1109 murali
1220 1071 1454 1111 crassitudine
1468 1084 1574 1111 erunt
1586 1073 1766 1118 faciendi,⁴

172 1127 240 1165 hac
255 1128 396 1164 ratione
416 1127 556 1174 religati
571 1152 576 1163 ‚
600 1139 679 1163 non
702 1131 780 1164 cito
801 1127 1041 1165 vitiabuntur.
1073 1129 1263 1165 Intervalla
1286 1140 1410 1167 autem
1431 1131 1586 1167 turrium
1604 1131 1655 1167 ita
1674 1127 1761 1167 sunt

171 1182 355 1221 facienda:
378 1192 472 1218 utne
483 1183 629 1230 longius
651 1181 692 1219 sit
701 1184 768 1220 alia
780 1184 825 1220 ab
840 1184 909 1220 alia
921 1182 1053 1232 sagitta:
1074 1182 1285 1223 emissione,
1309 1184 1396 1222 utisi
1409 1197 1480 1234 qua
1501 1195 1757 1235 oppugnetur,

172 1249 253 1276 tum
266 1239 453 1275 aturribus
471 1250 550 1286 quae
563 1250 670 1275 eruut
689 1239 814 1276 dextra
824 1251 865 1276 ac
888 1239 1018 1275 finistra
1033 1267 1042 1283 ‚
1065 1238 1335 1289 Scorpionibus
1353 1241 1570 1289 reliquisque
1592 1242 1759 1279 telorum

172 1293 398 1332 mulionibus
411 1323 421 1337 ,
441 1293 562 1331 hostes
573 1295 798 1339 rejiciantur.
837 1295 1035 1343 Etiamque
1048 1305 1189 1334 contra,
1205 1297 1362 1333 interior
1372 1298 1528 1333 turrium
1541 1296 1759 1334 dividendus

169 1349 222 1386 est
233 1360 357 1386 murus
371 1375 379 1387 ‚
400 1350 596 1386 intervallis
615 1360 691 1387 tarn
712 1352 856 1399 magnis
869 1380 879 1395 ‚
898 1363 1015 1400 quam
1035 1361 1141 1387 erunt
1160 1361 1297 1395 turres,
1319 1354 1499 1389 utitinera
1518 1351 1586 1389 sint
1604 1354 1760 1389 interio-

170 1406 270 1442 ribus
290 1404 450 1455 partibus
471 1407 625 1442 turrium
643 1408 881 1454 contignata:
902 1418 1023 1455 neque
1045 1419 1088 1444 ea
1098 1405 1196 1444 ferro
1216 1406 1297 1443 fixa.
1333 1407 1459 1445 Hostis
1478 1410 1576 1446 enini
1596 1407 1621 1444 si
1640 1419 1758 1457 quam

170 1471 312 1511 partem
330 1462 426 1498 muri
447 1464 683 1511 occupaverit
695 1488 703 1501 ‚
726 1463 793 1511 qui
811 1463 1089 1512 repugnabunt,
1111 1461 1338 1500 rescindent:
1362 1466 1399 1501 ὅ(
1413 1463 1439 1501 fi
1451 1464 1621 1501 celeriter
1636 1463 1759 1500 admi*

170 1516 493 1559 nistravetint‚non
512 1519 692 1569 patientur
702 1519 860 1567 reliquas
871 1529 988 1568 partes
1001 1520 1160 1556 turrium
1173 1521 1309 1567 muriq3
1324 1518 1469 1556 hostem
1481 1518 1758 1569 penem-aremii}

170 1572 204 1609 se
216 1572 376 1609 voluerit
395 1575 627 1623 praecipitare.
659 1574 797 1611 Turres
819 1575 943 1623 itaque
954 1574 1121 1611 rotundae
1133 1603 1144 1619 ‚
1170 1576 1451 1624 autpolygoniae
1469 1575 1548 1610 sunt
1566 1573 1758 1610 faciendae:

172 1628 366 1676 quadratas
393 1630 494 1666 enim
514 1631 695 1667 machinae
716 1630 868 1667 celerius
889 1628 1059 1680 dissipant
1073 1658 1082 1673 ,
1109 1630 1213 1678 quod
1232 1631 1387 1678 angulos
1412 1631 1541 1667 arietes
1561 1628 1757 1666 tundendo

169 1683 363 1732 frangunt:
384 1685 423 1720 in
434 1685 493 1729 [e]
508 1685 836 1723 rotundationibus
849 1695 973 1722 autem
987 1684 1042 1729 (ur
1054 1685 1214 1730 cuneos)
1227 1685 1272 1721 ad
1283 1694 1456 1721 centrum
1469 1684 1656 1734 adigendo
1670 1713 1679 1728 ‚
1698 1685 1757 1721 lae-

170 1738 256 1774 dere
267 1750 344 1775 non
357 1738 512 1789 possunt.
544 1740 636 1776 Item
651 1742 879 1777 munitiones
896 1741 990 1777 muri
1000 1740 1232 1788 turriumque
1241 1739 1434 1787 agioeribus
1447 1740 1667 1786 conjunc'lae,
1680 1751 1759 1777 ma-

169 1796 269 1831 xime
289 1795 445 1831 tutiores
463 1795 561 1831 sunt:
583 1796 686 1842 quod
704 1808 829 1844 neque
846 1797 974 1832 arietes
987 1824 996 1839 ‚
1016 1807 1138 1843 neque
1159 1793 1388 1832 suffossiones
1404 1824 1415 1839 ‚
1431 1806 1554 1843 neque
1576 1794 1760 1833 machina:

171 1860 308 1887 caeterae
319 1851 368 1885 eis
378 1851 500 1886 valent
511 1862 664 1887 nocere.
701 1851 775 1887 Sed
786 1862 865 1887 non
878 1851 1055 1887 omnibus
1066 1851 1160 1886 locis
1170 1849 1220 1888 est
1229 1851 1370 1899 aggeris
1380 1851 1477 1888 ratio
1487 1848 1658 1887 facienda
1671 1877 1677 1888 ‚
1690 1850 1760 1887 nifi

171 1906 307 1954 quibus
317 1916 416 1942 extra
427 1917 577 1942 murum
591 1918 633 1941 ex
646 1906 723 1942 alto
737 1907 846 1945 loco,
871 1907 982 1955 plano
995 1906 1087 1956 pede
1108 1904 1269 1942 accessus
1291 1904 1401 1943 fuerit
1411 1905 1457 1943 ad
1479 1907 1623 1943 moenia
1636 1918 1757 1956 oppu-

172 1960 325 2009 gnanda.
357 1962 482 2010 ltaque
494 1962 532 1998 in
543 1961 722 2001 eiusmodi
743 1963 840 1999 locis
850 1963 1012 2011 primum
1022 1959 1119 1998 foffae
1130 1961 1209 1999 sunt
1225 1960 1401 1999 faciendae
1413 1987 1422 2001 ‚
1443 1961 1697 1999 latitudinibus
1718 1962 1758 1999 &

170 2016 424 2054 altitudinibus
435 2028 550 2066 quam
561 2016 812 2066 amplissimis,
833 2017 965 2054 deinde
986 2016 1273 2055 fundamentum
1293 2017 1685 2067 murideprimendum
1705 2016 1757 2054 est

171 2071 268 2108 intra
279 2072 429 2109 alveum
440 2072 550 2114 foffae,
562 2074 598 2110 ὃς
610 2072 646 2108 id
658 2086 675 2110 e
683 2072 902 2110 xtruendum
913 2072 961 2109 est
972 2084 1013 2109 ea
1024 2072 1259 2110 crassitudine
1270 2102 1280 2118 ‚
1291 2082 1330 2109 ut
1341 2084 1434 2123 opus
1447 2082 1635 2109 terrenum
1645 2071 1757 2109 facile

172 2126 396 2164 sustineatur.
428 2129 704 2166 Ireminteriore
715 2138 818 2178 parte
830 2127 1100 2165 substructionis
1113 2154 1121 2168 ‚
1142 2128 1430 2166 fundamentum
1448 2126 1578 2163 distans
1598 2126 1643 2164 ab
1655 2137 1757 2165 exte-

171 2183 270 2219 riore
280 2181 452 2219 introrsus
464 2184 592 2232 amplo
603 2183 1041 2233 spati0,constituendum
1052 2183 1167 2221 est‚it:i
1177 2186 1230 2221 uti
1243 2183 1418 2220 cohortes
1428 2180 1566 2233 posfint
1575 2183 1756 2231 quemad·

173 2238 335 2276 modum
346 2239 382 2273 in
395 2238 486 2281 acie,
507 2238 696 2282 insti-uitae,
712 2239 757 2274 ad
767 2238 1043 2276 defendendum
1061 2238 1164 2289 supra
1177 2238 1408 2276 latitudinem
1419 2239 1560 2287 aggeris
1573 2237 1748 2276 consiste-

172 2306 222 2330 re.
245 2294 348 2330 Cum
360 2303 483 2330 autem
494 2292 736 2330 fundamenta
747 2294 795 2330 ita
805 2293 1073 2333 distantiainter
1092 2294 1125 2330 se
1137 2292 1270 2332 fuerint
1282 2292 1491 2339 constituta,
1502 2303 1593 2331 tunc
1603 2296 1699 2332 inter
1711 2306 1756 2330 ea.

1091 2349 1121 2386 B
1154 2362 1173 2385 2
1683 2351 1754 2387 alia

172 2448 207 2482 c]
229 2445 376 2476 Philander.
399 2447 488 2485 Aliqui
506 2447 622 2476 Codices
633 2459 682 2486 pro
694 2450 788 2476 Gra-ca
803 2448 921 2477 dissione
942 2448 1057 2485 ejusdem
1067 2446 1267 2490 fignificationis
1277 2448 1376 2478 habent
1394 2447 1515 2476 Latinam
1524 2447 1607 2476 scaeva
1619 2467 1625 2479 ,
1644 2446 1695 2474 hoc
1708 2446 1754 2478 est,

215 2488 339 2525 obliqua,
356 2488 452 2515 linistra
463 2509 469 2520 ,
486 2487 559 2515 laeva.
581 2491 622 2516 Ita
633 2489 709 2517 habet
722 2489 792 2517 Cod.
806 2492 875 2527 Reg.
888 2493 912 2517 St
924 2490 1051 2518 Arundel.

172 2528 209 2563 d]
232 2528 376 2555 Philander.
390 2530 436 2556 Per
449 2529 517 2557 muri
529 2526 724 2557 crassitudinem
733 2529 887 2569 graciliores
895 2530 991 2563 trabes,
1003 2539 1133 2569 qnantum
1143 2530 1202 2559 satis
1214 2530 1263 2559 erit
1275 2529 1417 2570 exugendo
1428 2528 1608 2559 humori‚ustae
1622 2528 1670 2561 (ita
1680 2526 1754 2555 enim

212 2567 378 2596 iicet—scendo
396 2578 551 2606 permanent
563 2569 594 2596 ad
609 2569 832 2603 diuturnitatem)
852 2571 920 2598 inter
938 2570 961 2598 se
980 2571 1159 2599 revinciantur
1170 2571 1485 2610 pee'tinatimserratimve
1497 2590 1504 2599 ‚
1519 2577 1563 2596 aut
1573 2567 1754 2596 cancellatim.

173 2642 176 2644 ‚
214 2618 272 2636 eam
283 2609 487 2649 colligationem
506 2611 753 2649 connexionemque
765 2609 901 2639 fibulatam
921 2611 1026 2650 quidam
1043 2620 1167 2649 putarunt
1185 2607 1244 2639 esse.
1267 2614 1324 2640 Nor
1335 2620 1399 2638 vero
1409 2610 1629 2646 interpretamur,
1650 2608 1755 2646 quasin

214 2649 342 2677 structura
354 2659 452 2677 vocant
462 2650 547 2678 claves
562 2654 586 2678 ἃ
599 2649 691 2678 fibulas
701 2672 707 2683 ,
726 2652 833 2685 majesta
843 2652 925 2680 veluti
935 2651 1062 2680 transtilla
1071 2662 1116 2691 per
1128 2652 1244 2680 trabium
1255 2653 1349 2690 capita.
1374 2651 1464 2679 Nostri
1481 2646 1571 2677 ferreis
1586 2647 1758 2677 subscudibus

170 2724 172 2726 q
215 2690 345 2717 armillata
354 2690 471 2718 trabium
482 2691 569 2728 capita
579 2692 713 2725 trajiciunt
726 2712 733 2723 ‚
746 2692 868 2729 :itqueita
879 2693 1005 2720 retinent.

175 2731 209 2764 e]
230 2729 379 2758 Pliilandcr.
402 2733 472 2758 Cum
485 2732 606 2759 rotunda:
617 2740 701 2759 turres
714 2732 797 2760 veluti
806 2732 954 2760 inultorum
964 2743 1112 2761 cuneorum
1123 2733 1311 2771 compactione
1323 2731 1444 2758 constent
1455 2751 1462 2761 ‚
1471 2729 1600 2768 alterique
1610 2728 1759 2757 alterorum

216 2770 411 2798 collater-ilium
423 2781 473 2809 ope
490 2772 702 2804 confirmentur,
722 2783 775 2800 non
787 2781 891 2810 poterat
903 2772 969 2801 ullus
985 2772 1042 2801 sede
1052 2782 1182 2811 occupata
1193 2773 1322 2811 protrudi.
1347 2774 1438 2810 Itaque
1455 2772 1581 2799 omniurn
1600 2769 1758 2798 videbantur

217 2807 268 2838 esse
279 2809 442 2839 firmiffimae.
464 2812 507 2839 Est
516 2812 587 2839 euim
602 2813 715 2840 rotunda
725 2812 811 2852 figura
821 2812 851 2840 ad
864 2814 905 2840 vix
916 2814 1068 2851 patiendum
1080 2812 1171 2842 exact&
1181 2821 1335 2850 comparata
1345 2832 1352 2842 ,
1370 2821 1399 2840 ut
1413 2821 1472 2850 quae
1487 2811 1590 2839 nullum
1607 2809 1760 2849 expolitum

219 2851 348 2890 angulum
359 2850 445 2892 frangi
458 2861 597 2890 potentem
609 2852 702 2880 habeat
712 2875 719 2882 .
737 2853 809 2892 quod
820 2854 927 2881 testatur
943 2854 1057 2882 Galenus
1075 2854 1148 2882 libris
1167 2863 1304 2880 r-rv.v11.
1318 2862 1384 2880 vur.
1397 2856 1420 2880 δέ
1432 2851 1483 2880 fine
1496 2863 1523 2880 x.
1534 2852 1566 2879 de
1578 2850 1622 2879 usu
1632 2851 1758 2889 partium.

221 2892 247 2917 δε
265 2890 310 2919 lib.
329 2902 337 2919 1
351 2902 390 2920 ii.
407 2893 440 2920 de
451 2892 576 2920 calc-ineo
593 2893 704 2932 loquens
716 2895 810 2921 innuit.
836 2895 943 2921 Parrum
952 2895 1033 2922 etiam
1044 2895 1194 2922 nostrorum
1205 2894 1334 2921 memoria
1342 2903 1371 2921 ea
1380 2902 1486 2932 quoque
1495 2890 1760 2933 propugnaculorum

220 2930 288 2958 mio
296 2930 354 2961 satis
366 2941 422 2962 tuta
431 2931 483 2963 visa
492 2934 527 2962 est
538 2944 547 2974 :¹
564 2944 656 2964 verum
666 2935 751 2964 acrius
759 2933 917 2966 fulminante
928 2943 1067 2976 tormento
1074 2955 1081 2968 ‚
1095 2934 1144 2964 alia
1154 2931 1239 2963 forma
1248 2935 1363 2976 excitata
1371 2932 1439 2964 sunt.

1656 2974 1763 3013 fmi-
