2023 3162
441 81 1071 122 naAncnmrcz-vm
1129 80 1370 122 L13.V1.
1649 97 1720 133 103

132 155 209 192 suut
221 150 407 195 nationes,
420 149 526 199 quod
535 150 685 186 altiores
697 147 833 186 habent
843 147 1022 185 distantias
1032 148 1078 186 ad
1088 149 1274 187 mundum
1288 177 1298 193 ,
1313 149 1453 200 spiritus
1466 151 1572 190 vocis
1585 151 1720 191 haben-

128 205 182 247 tes
190 207 351 244 humore
363 207 526 256 repletos
538 204 804 254 ad[e]hypatas,
813 206 849 241 &
864 202 1310 254 prossambanomenoma
1320 215 1449 243 natura
1461 219 1584 245 rerum
1596 208 1719 247 sonitu

130 264 302 315 graviore
313 271 518 312 coguntur:
539 261 591 297 uti
601 260 731 296 eadem
746 261 887 297 ratione
898 261 1025 297 medio
1034 261 1360 310 progredientibus
1369 261 1414 299 ad
1426 263 1617 301 meridiem
1629 277 1719 314 gen-

128 331 201 358 tes,
224 329 481 369 paranetarum
494 313 736 352 acutiffimam
759 314 879 353 sonitu
889 318 995 352 vocis
1013 316 1207 366 perficiunt
1218 318 1453 355 tenuitatem.
1483 319 1572 356 Hoc
1592 331 1718 357 autem

128 387 257 413 verum
268 375 397 418 cll'e,ex
415 371 574 410 humidis
585 381 722 407 natura:
733 371 830 408 locis
841 373 1009 420 graviora
1023 371 1116 416 fieri,
1127 371 1163 408 ἃ
1175 386 1218 409 ex
1230 373 1374 410 fervidis
1385 375 1656 418 acutiora‚licet
1667 376 1718 412 ita

129 429 354 481 experiendo
366 427 669 466 animadvertere.
691 426 837 463 Calices
850 427 926 464 duo
938 427 973 462 in
986 438 1057 464 una
1069 427 1222 465 fornace
1234 441 1338 478 atque
1348 430 1460 475 coffi,
1469 442 1720 482 :rquoq3pon-

127 488 226 529 dere,
240 485 285 522 ad
297 485 515 535 crepitumq3
529 493 608 519 uno
621 480 741 519 sonitu
755 481 955 526 sumantur,
969 495 1013 520 ex
1024 483 1078 519 his
1089 495 1182 520 unus
1194 486 1232 521 in
1243 496 1379 534 aquam
1391 487 1608 530 dimittatur,
1621 487 1717 537 posta

131 555 173 580 ea
192 554 234 578 ex
247 551 342 590 aqua
362 541 552 578 eximatur,
566 546 656 574 tunc
667 538 775 588 utriq,
786 547 993 587 tangantur.
1007 539 1108 575 Cum
1121 541 1220 576 enim
1232 541 1280 578 ita
1290 540 1428 578 factum
1439 541 1561 586 fuerit,
1572 544 1717 592 largiter

128 601 223 636 inter
235 608 300 633 eos
311 595 448 632 sonitus
459 592 684 642 discrepabit,
694 606 843 643 aequoq3
860 594 1024 644 pondere
1033 606 1113 631 non
1123 604 1301 645 poterunt
1311 596 1389 633 ess'e.
1403 599 1454 634 Ita
1466 600 1502 635 ἃς
1515 597 1716 636 hominum

131 664 292 703 corpora
304 663 380 688 uno
389 661 522 701 genere
534 649 766 698 figurationis
777 651 814 687 ὃς
826 661 899 687 una
908 661 945 686 m
952 649 1038 687 undi
1051 651 1320 695 conjunctione
1334 663 1520 703 concepta
1532 681 1541 698 ‚
1552 655 1621 690 alia
1634 666 1717 704 pro-

130 719 212 760 pter
223 708 381 756 regionis
399 705 571 743 ardorem
582 715 734 742 acutum
754 705 916 755 spiritum
928 706 1021 741 aeris
1043 706 1254 755 exprimunt
1263 707 1365 745 tastu
1377 736 1387 752 ‚
1408 710 1474 746 alia
1484 720 1638 759 propter
1648 709 1719 746 bu-

130 765 245 802 moris
258 762 518 800 abundantiam
528 758 753 811 gravissimas
764 759 958 798 effundunt
969 759 1150 798 sonorum
1162 763 1365 810 qualitates.
1387 765 1483 801 Item
1495 775 1649 815 propter
1661 775 1716 801 te-

129 822 311 858 nuitatem
322 819 425 863 coeli,
445 817 655 855 meridianae
675 816 845 853 nationes
856 845 866 860 ,
885 829 930 853 ex
944 827 1058 853 acuto
1069 816 1214 854 fervore
1227 846 1237 861 ,
1249 828 1378 855 mente
1390 820 1596 869 expeditius
1619 821 1715 857 cele-

130 877 276 925 riusque
288 883 488 912 moventur
507 872 551 911 ad
563 871 804 910 consiliorum
824 872 1085 922 cogitationes.
1117 872 1330 923 Septentrio
1337 874 1436 911 nales
1449 884 1574 912 autem
1586 886 1715 924 gentes

130 931 253 970 infusae
265 928 493 967 craffitudine
506 930 768 979 coeli‚propter
778 927 999 964 obstantiam
1011 929 1104 966 aeris
1114 927 1275 967 humore
1288 928 1517 978 refrigeratae,
1532 931 1717 980 stupentes

130 988 266 1024 habent
286 996 436 1023 mentes.
466 985 555 1021 Hoc
572 995 697 1021 autem
717 985 767 1020 ita
786 982 854 1021 effe
876 983 895 1020 a
927 979 993 1035 [f]
1013 983 1237 1034 serpentibus
1257 986 1346 1022 licet
1365 985 1522 1035 aspicere
1533 1011 1541 1024 ,
1564 998 1644 1035 quae
1653 997 1718 1036 per

133 1043 296 1080 calorem
312 1053 400 1078 cum
409 1039 621 1077 exhaustam
641 1039 777 1077 habent
788 1039 956 1077 humoris
967 1039 1285 1088 refrigerationem
1299 1067 1306 1081 ‚
1332 1051 1424 1078 tunc
1443 1042 1622 1079 acerrime
1634 1053 1720 1079 mo-

131 1108 276 1136 ventur:
289 1109 353 1147 per
364 1096 543 1133 brumalia
553 1105 677 1133 autem
689 1095 725 1131 &
735 1094 897 1142 hyberna
907 1105 1078 1146 tempora
1088 1098 1294 1134 mutatione
1305 1097 1398 1134 coeli
1407 1097 1636 1146 refrigeratae,
1647 1098 1718 1134 im-

131 1163 243 1192 motae
254 1151 330 1190 sunt
340 1151 499 1203 stupore:
507 1152 555 1188 ita
566 1162 646 1188 non
656 1150 704 1187 est
716 1151 924 1188 mitandum
937 1150 961 1187 sl
972 1153 1157 1188 acutiores
1168 1151 1280 1189 efficit
1290 1152 1429 1190 calidus
1440 1154 1502 1190 aer
1514 1152 1717 1190 hominum

131 1219 273 1247 mentes
284 1233 293 1248 ‚
314 1207 544 1257 refrigeratus
556 1215 681 1243 autem
702 1216 834 1244 contra
844 1206 1031 1244 tardiores.
1063 1208 1165 1244 Cum
1185 1206 1253 1244 smt
1264 1217 1388 1245 autem
1412 1209 1490 1260 [g]
1505 1208 1717 1245 meridiana:

133 1266 302 1302 nationes
313 1265 444 1301 animis
455 1261 681 1301 acutisfimis,
695 1261 913 1312 infinitaque
924 1261 1070 1300 solertia
1080 1262 1324 1301 consiliorum
1336 1292 1347 1308 ‚
1359 1262 1464 1300 simul
1474 1263 1518 1300 ad
1530 1263 1718 1301 fortitudi-

133 1333 220 1358 nem
232 1319 484 1368 ingtediuntur
494 1344 502 1357 ‚
524 1317 575 1355 ibi
584 1319 831 1356 succumbunt
842 1347 851 1362 ‚
862 1319 965 1367 quod
976 1318 1113 1356 habent
1123 1319 1269 1357 exustas
1281 1319 1325 1356 ab
1337 1319 1411 1356 sole
1424 1321 1638 1357 animorum
1648 1320 1717 1356 vir·
1729 1331 1780 1355 Ar.
1796 1339 1842 1356 exc.

131 1386 241 1414 tutes.
274 1375 350 1426 Q
359 1386 447 1412 vero
466 1374 681 1424 refrigeratis
700 1373 895 1412 nascuntur
913 1376 1127 1423 regionibus
1140 1404 1150 1419 ‚
1169 1375 1215 1413 ad
1231 1387 1420 1412 armorum
1439 1375 1716 1412 vehementiam
1729 1372 1815 1415 uffa&

131 1433 333 1482 paratiores
342 1430 650 1480 stint‚magnisque
663 1430 795 1467 viribus
806 1430 998 1468 ruuntsine
1009 1431 1225 1475 timore,sed
1235 1431 1402 1469 tarditate
1413 1432 1529 1468 animi
1540 1430 1613 1467 fine
1626 1412 1844 1477 cori-3122*

134 1486 323 1525 siderantia
332 1489 511 1524 irruentes
524 1515 534 1530 ,
552 1485 624 1522 sine
634 1485 776 1533 solertia
787 1511 795 1525 ‚
820 1486 839 1522 s
834 1487 888 1536 uis
899 1485 1059 1524 consiliis
1077 1486 1335 1536 refringuntur.
1366 1488 1469 1524 Cum
1488 1498 1577 1536 ergo
1590 1487 1634 1523 ab
1655 1497 1714 1522 na·
1722 1489 1794 1525 sum.

133 1553 215 1580 tuta
233 1554 353 1579 terum
365 1542 443 1579 haec
463 1544 512 1579 ita
531 1541 597 1578 sint
614 1543 653 1579 in
673 1542 818 1579 mundo
838 1543 1028 1579 collocata
1040 1571 1049 1586 ‚
1069 1553 1110 1580 ut
1121 1555 1253 1580 omnes
1271 1544 1440 1581 nationes
1458 1542 1715 1580 immoderatis
1729 1534 1841 1599 Agat?

132 1599 378 1636 mixtionibus
392 1597 458 1635 [int
467 1597 644 1647 disparata:
656 1621 664 1635 ‚
684 1598 822 1647 placuit
833 1627 843 1643 ,
866 1598 1127 1649 utinterspatia
1137 1601 1253 1635 totius
1265 1599 1366 1638 orbis
1377 1608 1556 1635 terrarum
1570 1622 1577 1636 ‚
1598 1598 1716 1646 regio-
1727 1596 1781 1639 tm‘T

133 1666 315 1704 numque,
333 1653 461 1690 medio
473 1653 602 1690 mundi
619 1655 780 1704 populus
793 1654 992 1690 Romanus
1002 1652 1203 1703 possideret
1216 1654 1320 1691 fines.
1350 1653 1525 1700 Namque
1536 1662 1718 1702 tempera-

133 1709 277 1747 tiss'imae
289 1708 335 1746 ad
344 1719 541 1758 utramque
552 1719 704 1760 partem,
720 1711 758 1747 δε
770 1721 977 1760 corporum
989 1709 1164 1747 membris
1176 1735 1184 1750 ,
1209 1711 1499 1757 animorumque
1509 1708 1717 1756 vigoribus,

1105 1765 1142 1801 O
1646 1774 1717 1813 pro

132 1864 158 1897 e]
185 1861 268 1890 Idem.
289 1862 383 1890 Scribo
392 1863 421 1890 ad
432 1862 540 1901 hypatas
552 1867 575 1891 ἃ
587 1863 881 1902 proslambanomenon.
901 1866 1007 1892 Vocum
1017 1872 1108 1891 autem
1120 1863 1229 1890 varietas
1240 1872 1271 1890 ex
1283 1861 1579 1890 climatumdiverlitate
1597 1858 1721 1888 nasciturg

173 1904 244 1931 Nam
254 1912 358 1942 gentes,
370 1913 424 1942 quo
436 1903 585 1931 breviorem
595 1903 691 1931 habent
704 1905 760 1932 1‘011·
770 1904 995 1936 elevationem,eo
1005 1903 1062 1931 sunt
1074 1904 1197 1931 acutioris
1210 1904 1292 1934 vocis¹
1303 1912 1356 1940 quo
1366 1901 1556 1932 sublimiorem,
1567 1911 1599 1928 eo
1608 1900 1666 1928 sunt
1676 1900 1720 1928 so-

175 1943 274 1971 nitibus
285 1944 468 1984 gravioribus:
486 1942 500 1971 a
509 1953 570 1971 nete
580 1943 687 1975 scilicet,
701 1944 859 1972 transeundo
871 1955 915 1981 per
924 1943 1021 1975 mesen,
1033 1944 1064 1971 ad
1074 1943 1189 1982 hypaten
1200 1947 1224 1971 ὅ(
1233 1942 1520 1981 prossambanomenon
1532 1941 1720 1981 pertingendo,

174 1984 240 2011 utin
249 1984 346 2012 mufica
353 1984 449 2012 theatri
459 1984 640 2023 delignatione
648 1983 773 2022 superiori
783 1985 853 2012 libro
862 1985 1073 2012 demonstratum
1083 1985 1126 2011 est.
1145 1983 1174 2011 Id
1186 1993 1247 2011 vero
1257 1984 1293 2010 ait
1304 1981 1359 2010 fieri
1370 1991 1478 2021 propter
1491 1982 1650 2009 brevitatem
1659 1982 1719 2009 alti-

174 2023 272 2052 tudinis
284 2034 328 2052 aut
338 2025 486 2052 distantiam
497 2024 528 2052 ad
537 2024 677 2052 mundum.
690 2026 734 2052 Vti
746 2026 771 2052 in
784 2031 887 2065 organo
897 2024 1024 2053 Sambuca
1035 2023 1153 2056 {chorda
1162 2034 1220 2062 qua:
1229 2024 1263 2051 est
1272 2023 1374 2063 angulo
1387 2023 1506 2061 proxima
1518 2043 1524 2052 .
1535 2022 1586 2057 (ita
1595 2022 1666 2050 enim
1675 2018 1719 2049 io-

175 2064 267 2102 quitur
279 2066 428 2099 Vitruvius)
439 2065 464 2092 id
475 2065 510 2092 est
520 2086 526 2097 ‚
538 2075 595 2103 quae
606 2066 640 2093 est
652 2062 813 2095 brevissima,
826 2074 934 2093 tenuem
947 2062 1159 2093 &acutissimum
1170 2064 1249 2092 habet
1259 2074 1331 2092 vocis
1343 2062 1478 2091 sonitum:
1496 2062 1529 2089 ab
1537 2072 1566 2090 ea
1576 2072 1650 2092 vero.
1660 2071 1718 2099 qua:

175 2104 208 2131 ab
217 2104 317 2143 angulo
328 2106 442 2133 maxime
451 2104 529 2135 abest,
539 2105 566 2133 id
576 2106 610 2132 est
621 2104 635 2133 ‚i
647 2103 807 2138 longissima.
819 2107 926 2145 gravior
937 2106 1094 2143 exprimitur
1103 2105 1213 2133 sonitus*
1222 2105 1271 2133 Sed
1281 2104 1506 2132 animadverssone
1516 2102 1628 2140 dignuin
1641 2111 1718 2139 puta-

176 2153 246 2175 mus,
259 2145 329 2182 quod
341 2155 372 2172 ex
389 2145 497 2183 Capella
508 2148 533 2173 δε
551 2144 669 2173 Ausonio
679 2139 757 2173 rEfert
768 2148 844 2174 Ianus
863 2146 1008 2174 Parrhaiius
1020 2168 1026 2178 ,
1047 2147 1073 2173 in
1083 2145 1219 2173 arboribus
1230 2145 1356 2172 unificam
1375 2144 1506 2171 rationem
1517 2140 1644 2169 diversam
1656 2138 1716 2169 effe.

177 2187 248 2213 Nam
257 2193 284 2211 ut
296 2194 404 2223 quaeque
413 2185 549 2223 procerior
557 2185 634 2212 arbor
645 2187 681 2213 est
692 2190 716 2214 5„-
727 2188 752 2213 in
761 2187 844 2214 altum
855 2187 940 2214 tendit
952 2206 958 2216 ‚
978 2196 1011 2213 eo
1020 2187 1102 2226 magis
1113 2194 1195 2213 vento
1215 2183 1285 2223 pulsa
1293 2192 1402 2211 acutum
1417 2182 1501 2210 reddit
1511 2181 1604 2209 sonum
1619 2191 1625 2207 :
1644 2191 1719 2220 qux-

177 2234 282 2263 cunque
295 2235 358 2252 vero
376 2235 455 2263 quam
466 2225 607 2253 minimum
618 2225 709 2253 absunt
721 2225 842 2259 indice,
863 2227 968 2259 gravius
985 2229 1009 2254 δε
1021 2236 1101 2254 rauco
1121 2235 1256 2253 murmure
1274 2224 1438 2262 quatiuntur.
1457 2222 1566 2249 Ausonii
1586 2221 1660 2250 locus
1682 2222 1719 2249 est

175 2265 203 2292 in
214 2265 293 2303 Epist.
305 2265 336 2292 ad
350 2265 486 2293 Paulinum
498 2274 589 2304 quarta
599 2286 605 2297 ‚
623 2266 707 2303 liquis
719 2269 742 2293 &
755 2266 805 2293 hoc
816 2260 971 2294 deliderabit
982 2286 988 2293 .
1011 2266 1136 2293 Martiam
1146 2274 1235 2292 autem
1254 2264 1299 2291 lib.
1309 2266 1422 2300 1.Nupt⁴
1443 2262 1602 2301 Philologiae
1613 2283 1619 2293 ‚
1638 2262 1719 2290 verba

176 2305 231 2333 haec
243 2305 301 2333 sunt
315 2318 320 2336 ;
334 2310 403 2332 Inter
413 2305 461 2332 hoc
469 2308 536 2332 mira
550 2305 687 2342 speclacula
695 2326 701 2336 ,
709 2305 926 2344 fortunarumque
936 2306 1029 2342 cursus,
1039 2313 1121 2332 motus
1132 2314 1271 2336 nemorum,
1282 2301 1660 2340 etiamsusurrantzbmflabrbs‚
1672 2311 1717 2329 ca-

175 2355 240 2374 nora
249 2346 387 2373 modulatio
396 2345 480 2373 melico
487 2346 598 2384 quodam
608 2345 749 2382 crepitabat
758 2345 868 2382 appulsu.
888 2350 960 2373 Nam
970 2347 1135 2373 eminentiora
1142 2345 1298 2381 prolixarum
1309 2343 1430 2371 arborum
1440 2344 1562 2376 culmina,
1567 2343 1717 2381 perindeque

176 2387 293 2423 dtstenta.
305 2386 470 2422 acutosimitu
479 2385 645 2422 refisltabanc.
656 2386 784 2424 Qecquid
796 2396 856 2413 vero
866 2393 935 2413 terra
945 2385 1037 2422 confine
1047 2396 1076 2413 ac
1082 2388 1248 2423 propinquum
1259 2386 1337 2412 ramis
1345 2383 1484 2411 acclivibus
1491 2383 1587 2418 fuerat,
1593 2391 1715 2419 gravitas

176 2437 259 2455 rauca
267 2426 410 2465 quatiebat.
432 2430 473 2453 At
484 2427 567 2453 media
574 2427 637 2453 rasis
646 2434 689 2463 per
700 2436 803 2453 annexa
815 2424 973 2462 fiaeccentibm
984 2447 990 2457 ,
1010 2426 1089 2464 duplis
1099 2435 1128 2454 ac
1137 2425 1306 2464 ftfiguialterbs
1314 2446 1321 2457 ,
1342 2435 1386 2452 nec
1393 2434 1440 2451 non
1451 2433 1529 2452 etiam
1539 2423 1715 2462 sesquitertiis.

171 2468 358 2506 sequcicffaevis‚
371 2469 451 2495 etiam
458 2465 514 2504 fine
521 2467 663 2503 discretione
665 2467 804 2503 junc'luris,
813 2466 869 2494 licet
876 2469 1066 2495 intervenirent
1074 2467 1202 2496 limmata.
1214 2465 1399 2494 concinebanm.

131 2508 168 2546 s]
191 2508 339 2536 Philantler.
365 2507 480 2535 Galenus
498 2517 622 2535 extremo
631 2506 744 2535 secundo
755 2507 824 2534 libro
835 2507 867 2534 de
877 2505 976 2535 affectis
989 2507 1055 2535 locis
1066 2507 1156 2536 tradit,
1169 2507 1286 2535 calorem
1296 2515 1402 2534 motum
1413 2504 1527 2533 excitare
1539 2526 1544 2535 ‚
1558 2502 1642 2543 frigus
1654 2513 1718 2531 vero

177 2547 297 2577 ociosum
309 2552 331 2576 St
344 2548 374 2576 ad
389 2549 524 2575 motiones
533 2548 640 2587 pigrum
652 2545 759 2575 efficere
768 2547 872 2575 animal·
886 2547 949 2575 Inde
959 2548 1082 2575 animalia
1089 2545 1233 2588 frigidioris
1245 2555 1343 2574 naturae
1351 2545 1527 2584 perhyemem
1538 2544 1618 2572 solere
1628 2544 1719 2576 latere,

176 2588 291 2627 ipsasque
301 2588 367 2616 adeo
379 2590 488 2627 viperas,
504 2589 520 2616 fi
530 2590 740 2618 contrec'tentur,
751 2585 964 2626 deferantutque,
976 2599 1030 2616 non
1041 2588 1163 2615 mordere
1175 2598 1181 2614 :
1193 2596 1287 2616 contra
1299 2597 1342 2625 per
1354 2587 1562 2622 aestatcm,atque
1571 2593 1630 2612 tum
1641 2583 1721 2623 potis-

178 2631 291 2659 fimum,
310 2639 372 2657 cum
382 2629 507 2656 canicula:
517 2629 609 2656 ardore
618 2630 759 2656 exaestuant
770 2649 776 2660 ,
794 2627 882 2656 sevire
892 2626 1045 2657 &furorem
1062 2639 1114 2667 prae
1124 2628 1148 2657 se
1159 2625 1234 2657 ferre.
1258 2629 1297 2656 Eo
1308 2621 1443 2665 respexisse
1454 2625 1520 2653 milii
1529 2625 1632 2654 videtur
1650 2626 1722 2654 Ovi-

178 2670 236 2699 diu:
246 2669 362 2699 strando
372 2668 583 2708 Mcramorphos
596 2679 658 2697 cum
668 2671 720 2697 ait:

431 2725 539 2762 {illaque
545 2722 597 2760 polo
605 2720 683 2760 posita
693 2724 727 2749 es?
733 2721 838 2759 glaciali
842 2724 956 2759 proxima
964 2723 1072 2761 ftrpens,

427 2767 526 2800 Frigore
533 2766 606 2800 ngra
622 2764 693 2800 prim
703 2783 709 2792 ‚
724 2761 943 2798 necformidabilc‘a
952 2764 1003 2793 uui,

429 2804 542 2831 Incaluit
553 2824 559 2834 ,
572 2801 729 2841 fimapfitque
737 2813 818 2830 nrum
827 2802 975 2839 fervoribus
987 2806 1049 2830 iras.

141 2855 174 2891 g]
201 2855 282 2885 Idem.
303 2857 433 2886 Nationes
445 2866 503 2895 quae
513 2855 544 2884 ad
556 2856 695 2884 meridiem
708 2864 820 2895 vergunt
833 2876 839 2887 ‚
860 2864 922 2883 cum
931 2856 1012 2883 animi
1022 2855 1206 2894 perspicuitate
1216 2858 1240 2883 &
1251 2853 1360 2883 confilio
1370 2853 1513 2893 plurimum
1523 2854 1626 2883 valeant
1638 2876 1644 2887 ,
1665 2853 1728 2882 viri«

186 2893 233 2923 bus
243 2898 381 2926 minimum
393 2895 490 2936 poffint
502 2918 509 2929 ,
530 2896 737 2936 septentrionem
749 2896 896 2923 incolentes
907 2916 914 2926 ,
932 2896 1029 2924 viribus
1040 2898 1137 2924 innixae
1149 2899 1173 2923 δέ
1184 2895 1296 2923 confiliis
1304 2895 1435 2923 destitutae
1445 2892 1612 2935 franguntur.
1635 2898 1671 2923 Vt
1683 2905 1728 2922 ve-

187 2944 245 2962 rum
257 2936 285 2964 fit
296 2958 302 2969 ,
322 2939 379 2966 caeli
389 2939 513 2976 qualitate
524 2938 636 2977 ingeniis
647 2936 746 2974 aliquid
756 2938 881 2965 accedere
892 2944 936 2963 aut
946 2936 1036 2964 adimi.
1057 2937 1124 2964 Vide
1135 2936 1333 2974 Hippocratem
1344 2935 1389 2963 lib.
1398 2936 1429 2963 de
1441 2939 1499 2964 aere
1511 2957 1518 2968 ‚
1529 2936 1604 2975 aquis
1614 2939 1638 2964 ἃ
1650 2936 1725 2963 locis:

188 2975 321 3005 Aristotel.
334 2978 493 3010 Problemat.
505 2977 565 3009 sest.
580 2988 638 3007 xiv.
649 2986 728 3017 atque
739 2977 784 3006 hb.
800 2987 853 3008 vir.
872 2976 978 3007 Politic.
990 2981 1014 3007 δι
1026 2977 1171 3018 Vegetium
1179 2977 1225 3006 lib.
1236 2986 1258 3005 ι.
1270 2976 1302 3006 de
1312 2986 1339 3006 re
1350 2977 1430 3006 milit.
1440 2986 1495 3016 cap.
1506 2987 1527 3005 1.
1604 3014 1673 3051 17]Ιᾶ

1676 3022 1726 3043 em=
