2023 3162
461 63 525 87 οε
575 49 1097 87 ARCHITECTVRA
1153 48 1396 89 L113.II.v
1675 82 1717 96 s,

142 114 311 160 solidata,
332 130 412 156 non
423 120 552 169 recipit
568 120 606 155 in
622 117 656 154 se
673 128 743 154 nec
756 115 943 154 combibit
959 117 1158 167 liquorem.
1188 118 1303 167 Igitur
1325 118 1397 157 levi
1416 129 1567 170 raraque
1580 132 1667 159 cum
1680 121 1721 159 {it

141 178 364 230 proprietate
375 205 385 220 ‚
403 187 475 212 nec
485 176 641 224 patiatur
653 182 840 224 penetrate
849 174 887 209 in
897 184 1035 223 corpus
1045 172 1239 210 humidam
1251 173 1485 224 potestatem,
1496 188 1723 226 quocunque

141 231 308 282 pondere
318 230 425 268 fuerit
437 256 445 270 ‚
467 233 614 280 cogitur
624 229 669 266 ab
687 240 815 266 rerum
829 239 959 266 natura
980 228 1325 278 (quemadmodum
1335 235 1493 280 pumex)
1513 233 1563 268 uti
1574 232 1619 268 ab
1629 245 1724 282 aqua

142 287 364 324 sustineatur.
394 287 454 324 Sic
466 297 591 324 autem
604 295 756 334 magnas
768 283 904 321 habent
915 285 1089 322 utilitates
1102 310 1110 323 ‚
1129 284 1233 334 quod
1242 297 1365 334 neque
1375 287 1412 322 in
1423 286 1726 327 :edificationibus

142 342 226 380 sunt
234 342 381 380 onerosi
392 371 403 388 ‚
425 342 462 380 δι
473 353 561 379 cum
573 341 772 385 ducuntur,
785 339 805 375 a
817 339 1096 391 tempestatibus
1106 352 1185 378 non
1196 338 1449 379 clifl‘olvuntur.

791 455 877 492 CA
911 468 942 492 P.
1002 455 1076 494 IV.

553 545 637 595 De
658 561 834 604 arena,
857 540 920 600 Εἴ
942 553 1037 611 ejm
1047 541 1312 617 generibm.

143 674 223 757 IN
235 672 481 711 coementitiis
492 682 616 709 autem
628 670 815 708 stainans
828 699 838 714 ‚
858 671 1022 721 primum
1032 669 1081 707 est
1092 671 1149 716 [a]
1161 669 1208 708 de
1220 681 1330 709 arena
1346 673 1588 721 quaerendum
1602 702 1612 717 ‚
1630 683 1670 711 ut
1680 686 1723 711 ea

183 729 225 767 sit
233 729 366 766 idonea
385 727 429 764 ad
446 729 639 764 materiam
657 725 910 771 miscendam,
928 738 1049 775 neque
1070 725 1202 763 habeat
1222 736 1355 764 terram
1374 730 1634 767 commixtam.
1664 726 1723 775 [b]

143 786 417 823 Generaautem
429 794 546 819 arenae
556 781 706 819 folliciae
716 781 796 818 sunt
807 780 884 818 haec
896 810 906 826 ‚
926 783 1160 831 nigra,cana‚
1181 781 1288 819 rubra
1300 783 1575 826 ‚carbunculus.
1605 787 1657 822 Ex
1668 784 1724 821 his

142 853 222 891 quae
232 843 269 878 in
280 851 393 878 manu
405 838 609 876 confricata
627 837 757 874 fecerit
766 836 976 876 stridorem,
1001 839 1069 875 erit
1079 839 1240 887 optima:
1261 850 1340 887 quae
1361 849 1489 876 autem
1499 839 1634 876 terrosa
1645 840 1726 878 fue-

142 900 189 935 rit
200 923 208 937 ,
226 899 352 934 &non
370 895 520 932 habebit
537 894 768 946 asperitatem
782 921 792 937 ‚
813 894 903 931 item
915 893 990 930 siin
1007 892 1269 931 vestimentum
1282 893 1482 931 candidum
1506 906 1546 932 ea
1559 897 1726 941 conjecta

142 953 262 992 fuerit,
274 949 400 1002 postea
408 949 550 989 excussa
560 951 619 987 vel
630 950 697 986 ieta
708 975 717 988 ,
741 949 777 985 id
787 961 865 986 non
873 950 1133 998 inquinaverit,
1148 961 1270 998 neque
1280 950 1330 986 ibi
1341 959 1437 986 terra
1446 950 1466 985 s
1460 949 1631 988 ubsiderit
1641 980 1650 995 ‚
1660 953 1727 987 erit

142 1009 288 1046 idonea.
319 1008 358 1044 Si
367 1016 494 1044 autem
505 1019 586 1044 non
597 1016 702 1043 erunt
713 1006 872 1043 arenaria
884 1034 894 1049 ‚
912 1005 1009 1043 unde
1020 1005 1208 1043 fodiantur
1218 1031 1227 1048 ,
1247 1016 1327 1042 tum
1339 1005 1385 1043 de
1405 1005 1620 1044 fluminibus
1630 1016 1690 1043 aut
1703 1004 1725 1043 ὲ

141 1066 263 1113 glarea
273 1064 340 1100 erit
347 1063 590 1100 excernenda.
621 1063 712 1098 Non
724 1062 844 1099 minus
857 1063 970 1098 etiam
992 1061 1038 1098 de
1049 1062 1173 1099 littore
1184 1063 1331 1099 marino
1344 1076 1353 1104 ·‚
1376 1061 1434 1098 sed
1447 1062 1536 1098 eain
1547 1062 1727 1099 struCturis

141 1120 220 1157 haec
231 1118 340 1156 habet
350 1119 439 1155 vitia
449 1147 460 1164 ‚
479 1118 587 1167 quod
597 1117 795 1154 difficulter
805 1115 975 1161 ficcessit,
987 1129 1122 1167 neque,
1137 1117 1271 1162 ubisit,
1285 1118 1433 1154 onerari
1444 1116 1477 1154 se
1489 1119 1728 1155 continenter

140 1177 256 1226 paries
272 1175 408 1225 patitur
419 1200 427 1213 .
439 1174 504 1211 nisi
515 1171 843 1212 intermissionibus
856 1172 1056 1222 requiescat
1069 1187 1076 1209 :
1090 1185 1211 1223 neque
1223 1175 1572 1210 concamerationes
1585 1175 1726 1224 recipit.

142 1231 288 1269 Matina
298 1240 422 1268 autem
431 1230 508 1267 hoc
517 1232 674 1280 amplius
685 1257 695 1273 ‚
715 1229 821 1278 quod
830 1230 940 1266 etiam
959 1231 1114 1279 parietes
1126 1258 1136 1273 ‚
1157 1241 1244 1266 cum
1256 1231 1293 1266 in
1308 1229 1362 1266 his
1373 1230 1526 1266 tectoria
1544 1229 1640 1266 faeta
1650 1229 1726 1266 fue·
1740 1244 1785 1272 A),
1802 1256 1844 1272 re-

141 1288 213 1324 rint
223 1315 233 1332 ‚
251 1287 480 1323 remittentes
491 1284 705 1335 salsuginem
717 1314 726 1329 ‚
747 1297 790 1322 ea
800 1284 1012 1323 diffolvunt.
1044 1283 1208 1323 Foffieiae
1219 1297 1308 1323 vero
1321 1286 1487 1323 celeriter
1498 1286 1535 1322 in
1545 1285 1726 1323 [trustutis
1740 1288 1846 1313 mitten-

142 1341 344 1379 ficcescunt
354 1370 365 1385 ‚
383 1343 420 1379 δε
430 1342 586 1380 testona
595 1352 816 1392 permanent
828 1370 838 1386 ,
858 1340 896 1377 ὃ(
907 1343 1259 1379 concamerationes
1272 1342 1481 1393 patiuntur3
1506 1340 1564 1378 sed
1576 1340 1630 1378 ha:
1642 1325 1866 1401 qtiaejlfssff‘

141 1398 223 1436 sunt
234 1398 278 1434 de
288 1397 453 1435 arenariis
471 1409 650 1437 recentes.
680 1398 719 1434 Si
728 1399 829 1435 enim
840 1407 995 1435 exemtae
1013 1397 1148 1435 diutius
1159 1400 1318 1457 jaceant3
1340 1397 1385 1435 ab
1396 1398 1485 1434 Sole
1500 1399 1536 1434 ὃς
1547 1397 1656 1434 Luna
1669 1399 1724 1441 [c]
1737 1377 1828 1434 εαξη)

141 1452 179 1490 &
195 1455 327 1504 pruina
347 1453 540 1492 conco&ae
559 1454 804 1498 resolvuntur,
817 1453 854 1490 &
872 1453 965 1491 fiunt
976 1451 1131 1491 terrosae.
1161 1455 1215 1491 Ita
1228 1466 1318 1492 cum
1329 1455 1365 1490 in
1376 1452 1590 1490 structuram
1611 1454 1724 1495 conii·
1736 1446 1817 1502 ΜΝ,-

142 1511 289 1548 ciuntut
299 1537 310 1554 ‚
330 1521 407 1546 non
418 1509 507 1559 poff
503 1508 568 1548 unt
577 1511 768 1548 continere
781 1519 975 1548 coementa
985 1536 993 1550 ,
1017 1509 1079 1548 sed
1088 1521 1130 1547 ea
1141 1520 1252 1548 ruunt
1270 1512 1309 1547 ὅς
1321 1509 1497 1547 labuntur
1509 1539 1519 1553 ‚
1538 1520 1725 1558 oneraque
1736 1497 1846 1516 wm'm'

142 1566 297 1615 parietes
308 1577 387 1602 non
399 1564 546 1615 possunt
559 1566 737 1603 sustinere.
768 1567 957 1603 Recentes
969 1576 1094 1604 autem
1105 1565 1255 1605 fofficiae
1267 1574 1355 1603 cum
1367 1567 1404 1602 in
1417 1565 1599 1602 structuris
1608 1575 1725 1601 tantas

141 1620 299 1658 habeant
314 1622 466 1666 virtutes
478 1650 489 1666 ‚
510 1634 559 1660 eae
569 1624 605 1659 in
624 1622 785 1659 testor-iis
798 1621 885 1659 ideo
904 1634 984 1660 non
1002 1623 1082 1659 sunt
1101 1623 1208 1659 utiles
1219 1649 1227 1662 ‚
1254 1621 1361 1670 quod
1379 1620 1629 1670 pinguitudini
1649 1622 1726 1665 ejus

143 1678 245 1722 calx,
265 1677 367 1726 palea
379 1678 602 1722 commixta,
624 1687 776 1728 propter
796 1677 1067 1716 vehementiam
1077 1689 1155 1714 non
1175 1676 1296 1726 potest
1314 1675 1387 1712 fine
1397 1677 1497 1712 rimis
1514 1675 1723 1714 inarescere:

141 1731 326 1769 fluviatica
335 1743 424 1768 vero
435 1743 585 1782 propter
596 1735 827 1769 macritatem
840 1734 909 1778 (uti
922 1731 988 1780 [d]
1000 1733 1202 1782 signinum)
1226 1734 1286 1779 [e]
1298 1731 1522 1769 bacillorum
1540 1729 1723 1768 subaffio-
1740 1735 1768 1758 V·
1780 1732 1855 1760 limo-

142 1787 249 1826 nibus
260 1791 297 1826 in
308 1787 469 1824 testor-io
481 1790 613 1840 recipit
624 1786 856 1826 soliditatem.
1124 1780 1125 1783 ¹
1738 1772 1829 1801 Imm·

1608 1893 1725 1931 CAP.

142 2092 173 2126 a]
194 2090 345 2120 Philander:
370 2095 465 2122 Arenae
476 2093 632 2134 gener-atria
641 2092 709 2121 sunt.
731 2088 850 2120 Fossiciae
869 2099 962 2129 quarta
972 2101 1030 2130 pars
1048 2091 1126 2120 calcis
1144 2090 1203 2119 addi
1215 2090 1311 2122 debet.
1331 2089 1507 2119 fluviatiliaut
1519 2088 1626 2115 marina:
1636 2087 1722 2118 tertia,

183 2141 276 2160 autore
296 2134 418 2161 Plio-lib.
439 2145 504 2162 xxx
516 2145 531 2161 v
544 2145 562 2161 1.
585 2144 642 2172 cap.
656 2144 696 2167 23.
716 2137 740 2161 8<
759 2132 884 2160 Vitruvio
901 2142 958 2170 cap.
976 2132 1028 2171 seq.
1051 2132 1100 2160 Sed
1114 2131 1131 2159 fi
1152 2134 1191 2160 uti
1209 2130 1312 2160 necesse
1331 2132 1360 2158 fit
1373 2131 1451 2157 maris
1467 2138 1560 2158 arena,
1580 2129 1630 2156 erit
1647 2138 1725 2155 com-

182 2173 294 2200 modum
304 2194 311 2205 ,
330 2182 359 2200 ut
370 2173 459 2202 scribit
468 2174 565 2202 Pallad.
578 2174 622 2201 lib.
636 2184 657 2202 1.
667 2184 724 2212 cap.
736 2183 777 2203 10.
797 2174 866 2211 prius
875 2182 933 2199 cam
944 2173 1044 2201 iacunae
1055 2172 1173 2200 humoris
1182 2173 1265 2200 dulcis
1276 2171 1411 2209 immergi,
1423 2178 1451 2196 nt
1463 2169 1558 2196 vitium
1569 2167 1625 2196 salis
1635 2188 1642 2198 ,
1652 2169 1725 2206 aquis

182 2211 303 2240 suavibus
313 2212 367 2241 lota
377 2213 506 2252 deponat:
529 2223 558 2242 ut
572 2216 669 2242 mirum
681 2215 763 2242 videri
773 2223 827 2241 non
842 2212 936 2240 debeat
948 2234 954 2245 ,
972 2213 1044 2252 quod
1057 2214 1161 2240 Vitruv.
1174 2212 1218 2240 lib.
1230 2223 1250 2239 1.
1263 2222 1318 2250 cap*
1334 2222 1356 2238 2.
1373 2211 1500 2237 marinam
1518 2209 1600 2236 lotam
1618 2209 1725 2237 dixerit.

183 2252 317 2280 Barbarm
327 2266 336 2281 :
359 2254 438 2291 Apud
447 2255 567 2283 Picentes
586 2256 634 2289 (ut
646 2253 726 2282 refert
738 2253 863 2281 Albettus
878 2254 889 2287 )
906 2263 972 2290 agro
982 2253 1147 2281 Salernitano
1159 2262 1264 2280 arenam
1275 2262 1306 2279 ex
1319 2251 1384 2278 mari
1401 2249 1532 2288 sumptam
1550 2245 1659 2277 fofficiae
1671 2259 1726 2276 non

181 2294 364 2332 postponunt:
382 2293 424 2322 sed
434 2294 490 2330 ejus
499 2296 618 2333 regionis
630 2305 682 2321 non
692 2295 767 2321 omni
778 2303 809 2320 ex
820 2293 912 2320 littore
922 2293 1087 2332 desumptam
1095 2292 1208 2328 probant
1219 2314 1226 2324 ,
1236 2292 1364 2330 liquidem
1375 2299 1546 2329 compertum
1557 2289 1725 2323 habent‚l1't-

183 2335 286 2362 toribus
297 2356 302 2367 ,
313 2345 365 2373 qua
376 2335 406 2362 ad
419 2336 525 2362 Austros
536 2335 704 2372 excipiendos
716 2341 821 2371 pateant
831 2354 837 2365 ,
846 2343 951 2360 arenam
963 2330 1013 2361 effe
1022 2342 1143 2360 omniurn
1153 2333 1333 2360 deterrimam.

142 2375 171 2410 b]
199 2375 354 2403 Philander:
379 2376 514 2404 Omnium
524 2372 580 2403 rufa
593 2375 644 2403 iive
654 2374 730 2402 rubra
742 2374 843 2411 optima
853 2394 859 2404 ,
872 2374 959 2400 metiti
968 2373 1099 2412 sequentis
1109 2373 1144 2400 est
1156 2383 1219 2401 cana
1230 2395 1236 2405 ‚
1247 2374 1357 2401 tertium
1367 2372 1459 2401 Iocum
1471 2373 1545 2412 nigra
1556 2366 1668 2410 possidet
1678 2390 1684 2402 ‚
1694 2378 1724 2398 ut

183 2414 273 2443 scribit
285 2416 437 2444 Pallad.lib.
448 2427 467 2443 1.
479 2426 535 2454 cap.
549 2425 589 2442 10.
615 2418 751 2443 Invenitur
762 2418 785 2441 ἃ
794 2411 866 2441 fulva
876 2417 900 2441 δ(
912 2413 992 2445 lutea,
1003 2418 1025 2442 S:
1034 2414 1146 2441 aliorum
1159 2414 1292 2442 colorum.

142 2457 176 2491 c]
198 2456 372 2496 Legendum:
394 2457 436 2484 Ab
447 2457 506 2485 Sole
516 2460 540 2484 ἃ
552 2458 626 2484 Luna
640 2456 777 2485 concocTtx
789 2474 795 2486 ,
812 2453 904 2492 pruina
919 2453 1086 2483 resolvuntur
1100 2464 1106 2481 :
1121 2454 1186 2482 nihil
1201 2456 1272 2483 enim
1282 2452 1345 2483 facit
1357 2454 1447 2494 pruina
1466 2452 1497 2480 ad
1509 2452 1727 2480 concostionem.

185 2499 245 2524 Ver.
255 2497 324 2525 Cod.
334 2498 401 2538 legit
412 2508 502 2536 pruna.

141 2537 172 2572 d]
194 2537 348 2565 Pliilander:
368 2539 510 2578 Signinum
521 2549 585 2577 opus
596 2538 625 2567 fit
634 2548 665 2565 ex
676 2538 745 2565 testis
757 2536 818 2564 tusis
829 2535 915 2564 addita
924 2535 1012 2567 calce,
1022 2537 1173 2564 testimonio
1191 2535 1259 2564 Plin.
1269 2535 1315 2563 lib.
1325 2539 1405 2563 xxxi'.
1423 2544 1479 2572 cap·
1493 2544 1530 2561 12.
1551 2533 1635 2559 Aliter
1644 2533 1725 2560 etiam

182 2577 240 2607 fieri
249 2577 298 2617 ipse
309 2578 446 2607 Vitruvius
457 2581 537 2607 docet
547 2580 578 2607 ad
590 2578 671 2608 finem
686 2578 733 2606 hb.
750 2587 816 2606 viti.
839 2577 909 2605 Galli
926 2579 1064 2605 amentum
1076 2587 1214 2606 vocamus.
1235 2579 1306 2605 Nam
1317 2584 1486 2605 cermeutum
1497 2573 1560 2613 quid
1571 2570 1643 2607 effu,
1653 2572 1729 2613 supra

185 2618 231 2646 lib.
245 2630 264 2646 1.
274 2619 401 2647 diximus.

144 2662 177 2696 ε]
199 2659 389 2688 CLSalmalius
400 2660 427 2687 in
445 2660 528 2687 Solin.
549 2669 624 2692 1229.
639 2669 688 2698 pro
706 2659 854 2686 bacillorum
872 2657 930 2697 lege
948 2657 1106 2685 liaculorum.
1127 2657 1258 2685 Linebant
1275 2658 1362 2695 prinio
1381 2655 1452 2684 calce
1470 2658 1495 2683 δε
1509 2665 1586 2682 arena
1603 2653 1725 2692 parietes,

184 2700 427 2730 deindeinductum
436 2701 582 2728 tectorium
591 2699 746 2739 subigebant
761 2699 870 2726 liaculis.
889 2701 960 2734 Qae
973 2698 1145 2726 instrumenta
1158 2696 1231 2726 fuere
1251 2697 1392 2735 levigando
1404 2696 1456 2731 jam
1473 2696 1582 2724 induero
1600 2696 1726 2722 tectorio.

185 2740 271 2779 Qod
290 2743 378 2770 Graeci
397 2740 498 2775 λειαλυξν
509 2741 612 2769 dicunt.
632 2740 696 2768 Inde
715 2739 836 2767 haculum
851 2737 956 2777 Aicwvig
964 2738 1108 2776 exponitur
1120 2740 1147 2766 in
1159 2735 1266 2766 Gloffis.
1288 2738 1362 2765 Hinc
1380 2736 1443 2764 liare
1452 2738 1597 2767 cisternam,
1608 2736 1725 2763 tectorio

184 2782 278 2819 polire,
288 2783 355 2820 apud
367 2781 574 2810 Tertullianum.
586 2783 619 2809 Et
629 2781 713 2808 liz-um
725 2781 829 2823 panegis
839 2779 907 2818 apud
917 2778 1133 2807 Iurisconsultum
1144 2788 1192 2817 pro
1203 2779 1328 2810 testatio,
1339 2776 1366 2820 ᾖ
1378 2780 1450 2812 λεῖον,
1462 2785 1490 2805 ut
1500 2777 1565 2805 olim
1576 2777 1725 2805 docuimus,

189 2821 355 2852 rescribendo
364 2833 412 2864 pro
424 2823 522 2852 rivum.
545 2820 658 2851 Gloss‘ae:
672 2825 735 2850 λεῖον
746 2824 803 2851 mm*
815 2839 824 2851 ,
837 2819 914 2859 polim
931 2829 985 2848 uno
996 2819 1079 2848 verbo
1093 2819 1140 2853 lio,
1156 2819 1207 2848 boc
1221 2820 1272 2853 est,
1293 2820 1349 2847 zm*
1359 2838 1365 2846 .

1619 2920 1649 2954 a]
1667 2916 1727 2946 Phia
