2023 3162
287 107 338 140 74
672 83 1500 125 DESIGNIFICATIONE

283 158 436 197 ordinis.
466 156 599 206 Lignei
617 158 728 205 igitur
747 157 927 208 primurn,
948 151 1076 204 postea
1093 151 1207 189 ctiam
1227 152 1380 202 lapidei,
1400 163 1441 190 ut
1452 154 1499 189 ait
1510 153 1780 204 Vitruvius3ita
1787 156 1870 208 fere

281 217 319 252 in
337 209 486 267 operibus
502 210 642 265 lapideis
653 205 696 249 ό*
707 213 905 247 marmoreis
922 207 1050 246 mutuli
1060 204 1217 244 inclinati
1219 206 1408 260 scalpturis
1421 205 1671 258 deformantur,
1691 210 1782 262 quod
1788 228 1868 250 mu-

283 272 368 307 tatio
384 271 434 306 es‘t
452 269 694 305 canteriorum.
725 266 804 303 Cur
824 275 949 302 autem
967 264 1134 302 inclinati
1145 265 1157 300 ἓ
1168 262 1315 300 causam
1328 263 1437 301 addit.
1454 264 1579 300 etenim
1597 264 1775 317 neceffizrio
1787 282 1867 321 pro-

276 336 357 380 pter
364 322 541 376 stillicidia
553 322 738 376 proclinati
755 321 970 358 collocantur.
1002 332 1080 372 ergo
1101 311 1145 356 ῥ’
1166 315 1419 370 triglyphorum
1447 313 1492 356 ὠ·
1510 319 1723 358 mutulorum
1741 325 1781 360 in
1799 332 1867 362 Do-

285 383 364 420 ricis
392 377 544 432 operibus
573 380 660 416 ratio
687 391 732 414 ex
752 389 789 413 ea
807 377 998 413 mutatione
1013 377 1162 412 inventa
1182 378 1248 411 eit.
1282 375 1470 412 Caeterum
1491 404 1501 419 ,
1528 384 1569 412 ut
1594 386 1698 413 notat
1727 379 1867 419 Philan-

284 440 368 476 der,
391 435 611 487 posteriores
632 433 838 471 Architecti
857 444 939 470 non
959 430 1088 469 modo'
1102 431 1255 468 mutulis
1275 430 1325 467 usi
1347 429 1431 469 sunt
1448 432 1485 467 in
1505 442 1620 480 opere
1639 432 1784 471 Dorico
1804 438 1867 474 [ub

284 505 449 532 corona,
463 490 521 527 fed
541 491 654 527 etiam
676 491 714 526 iu
735 488 912 539 zophoro
933 488 1075 526 ordinis
1095 485 1297 537 compositi
1315 485 1380 524 seu
1398 488 1538 525 Italici,
1562 488 1648 535 qui,
1664 498 1704 525 ut
1721 488 1863 538 ipseait,

274 552 351 603 post
363 547 519 586 Vitruvii
526 543 658 598 scripta
668 545 836 581 excitatns
848 546 909 581 eft.
939 544 978 581 ld
996 544 1108 581 ctiam
1125 542 1386 580 animadvertit
1404 543 1448 580 ad
1468 554 1509 579 ea
1520 543 1630 579 verba
1642 573 1652 588 ,
1670 543 1800 580 mutuli
1816 549 1867 583 in-

283 603 403 640 clinati
412 599 596 654 scalpturis
615 599 867 654 deformantur.
898 606 942 636 Se
959 596 1130 652 nusquam
1147 594 1309 649 vidisse)
1323 628 1332 643 ‚
1355 600 1393 635 in
1408 598 1539 636 ordine
1558 599 1709 636 Dorico
1722 628 1733 643 ‚
1754 611 1867 639 mutu-

282 659 330 696 los
349 657 518 707 infronte
535 655 741 702 inclinatos,
750 654 817 706 fid
834 655 942 693 rectos
962 648 1006 693 (θ’
1027 651 1225 707 aequilibres.
1254 654 1302 691 Et
1319 654 1401 692 sane
1418 658 1468 692 ita
1488 654 1537 691 est
1551 684 1561 699 ‚
1580 666 1651 692 uec
1670 655 1773 691 aliter
1792 669 1868 694 me-

281 716 373 752 mini
392 726 453 751 me
471 713 660 751 observare
681 743 691 758 ,
718 723 800 750 tum
822 712 919 762 apud
947 712 1123 760 antiquos
1142 739 1152 755 ‚
1175 720 1258 747 tum
1278 712 1388 747 etiam
1409 711 1506 763 apud.
1524 709 1703 747 nostrates
1723 713 1760 748 δε
1781 724 1870 749 neo-

281 773 420 808 tericos
441 769 701 807 Architectos.
734 769 921 805 Caeterum
940 767 1048 816 quod
1069 766 1115 803 acl
1137 766 1330 804 Vocabuli
1348 776 1517 804 naturam
1537 767 1713 817 pertinet,
1736 778 1870 805 notan-

281 826 371 863 dum
382 825 431 862 est
443 855 453 871 ‚
473 825 493 862 a
511 825 628 863 verbo
641 825 815 862 mutilate
829 823 969 860 sacrum
980 822 1048 859 effe
1059 823 1200 859 mutila.
1231 822 1367 860 Mutila
1384 832 1511 860 autem
1521 823 1594 858 dici
1605 820 1814 864 decurtata,
1831 826 1870 862 δε

280 885 462 931 quoniam
482 881 601 917 mutili
613 880 750 918 desecta
761 877 1015 929 repraesentant
1026 879 1280 916 canteriorum
1291 879 1409 928 capita
1421 890 1468 915 eo
1489 879 1646 915 nomine
1658 877 1737 915 sunt
1746 881 1870 929 appel-

278 940 354 976 lati.
384 939 445 975 De
465 937 616 974 mutulis
630 937 751 973 Varro
763 935 807 971 de
828 936 877 970 R.
891 936 941 970 R.
962 934 1036 971 Sed
1058 946 1127 985 pro
1149 933 1389 971 columbariis
1409 935 1447 970 in
1465 936 1604 984 pariete
1625 935 1792 971 mutulos
1805 945 1869 973 aut

275 996 381 1045 palos
400 994 437 1029 in
459 993 654 1035 ordinem,
675 990 778 1042 supra
797 1001 893 1038 quos
908 991 1114 1038 teguliculae
1126 989 1339 1026 cannabinae
1352 988 1432 1027 sunt
1449 989 1640 1042 impofitae.
1672 990 1869 1028 Nostrates

275 1047 499 1100 modtgltones
523 1050 536 1094 (
551 1048 727 1084 Barbarus
737 1047 837 1083 enim
849 1044 1001 1082 barbate
1010 1044 1132 1082 scribit
1142 1042 1290 1079 moduni
1299 1046 1314 1085 )
1332 1044 1434 1093 quasi
1445 1043 1652 1090 mutilt'ones,
1669 1046 1761 1083 item
1772 1060 1869 1083 men-

264 1102 381 1154 fidas,
393 1115 509 1139 omne
519 1104 555 1139 id
565 1102 762 1153 appellant,
776 1100 880 1149 quod
890 1100 935 1137 ad
946 1100 1083 1149 aliquid
1094 1099 1325 1137 fulciendum
1335 1111 1401 1138 aut
1412 1100 1684 1138 sustentandum
1697 1099 1717 1138 ὲ
1727 1104 1868 1152 pariete

277 1160 474 1210 projicitur
486 1160 522 1195 ὃς
534 1159 686 1195 eminet.
717 1156 974 1195 Eustathiusin
988 1155 1142 1192 Aristot.
1155 1156 1289 1192 Moral.
1302 1156 1365 1193 lib.
1385 1158 1494 1201 1.ait,
1512 1158 1640 1204 μὲτλοι
1659 1158 1866 1208 triglyphos

276 1215 460 1266 appellari,
479 1215 540 1250 cui
559 1225 638 1251 non
659 1212 863 1250 architecto
875 1240 885 1256 ‚
905 1212 1012 1249 bono
1024 1213 1102 1259 jure
1120 1210 1169 1248 est
1183 1210 1463 1260 ignoscendum.
1478 1225 1692 1261 quanquam
1705 1213 1787 1250 fiad
1799 1226 1868 1252 vo-

276 1272 395 1308 cabuli
407 1271 674 1319 proprietatem
692 1270 863 1305 animum
874 1266 1054 1312 advertas,
1063 1267 1127 1318 ipsi
1145 1279 1300 1317 quoque
1309 1268 1496 1320 triglyphi,
1509 1269 1626 1320 capita
1636 1268 1798 1307 trabium
1810 1282 1867 1307 re-

272 1326 365 1363 secta
375 1325 642 1375 repraesentant.
655 1325 747 1362 Haec
758 1324 831 1360 ille.
846 1324 924 1376 Qi
935 1323 1080 1361 Alberti
1090 1324 1206 1360 libros
1217 1325 1326 1362 vertit
1335 1324 1372 1360 in
1383 1326 1548 1373 linguam
1560 1324 1740 1370 Italicam,
1755 1336 1867 1364 vocat

273 1379 468 1432 menfilonz'.
497 1381 596 1419 Vide
616 1383 654 1419 &
676 1379 965 1417 CLSalmafium
985 1381 1022 1415 in
1034 1380 1209 1417 Solinum
1228 1391 1309 1429 pag.
1325 1392 1338 1416 1
1354 1392 1438 1427 129.
1481 1381 1657 1436 Qicum
1670 1379 1865 1427 docuisset,

267 1433 407 1486 μόςτλον
419 1466 429 1482 ,
442 1435 479 1473 δε
491 1437 620 1474 Siculo
631 1448 738 1473 more
753 1431 903 1485 μόθιλον
917 1462 925 1475 ,
950 1435 1103 1473 derivari
1119 1433 1182 1470 dm?
1199 1437 1257 1478 τῆς
1275 1432 1356 1485 nube
1370 1462 1378 1476 ‚
1402 1439 1440 1474 <Sc
1454 1448 1556 1485 myas
1575 1435 1739 1473 conchas
1751 1435 1866 1475 dietas

269 1490 337 1529 xm*
346 1497 392 1530 τὲ
405 1489 517 1541 μυέιν,
543 1492 647 1541 quod
661 1492 838 1529 claudant
855 1491 889 1528 se
906 1501 1017 1540 atque
1030 1494 1194 1542 aperiant
1213 1492 1364 1540 quando
1379 1493 1491 1536 libet,
1512 1502 1552 1529 ut
1572 1491 1712 1529 faciunt
1728 1503 1864 1530 omnes

271 1548 429 1587 conchae
441 1548 605 1599 duplices
617 1560 659 1584 ac
672 1548 881 1598 bipatentes
896 1561 903 1583 :
932 1548 1109 1597 Denique
1127 1547 1338 1586 concludit:
1360 1549 1421 1586 Sic
1435 1549 1550 1588 etiam
1559 1546 1683 1585 mutlos
1694 1559 1764 1600 pro
1778 1561 1865 1587 mu-

271 1606 359 1643 tulis
382 1603 630 1642 aedificiorum
641 1603 779 1641 dixere.
809 1604 947 1641 Μὲλπν
961 1604 1060 1655 apud
1073 1604 1307 1644 Eustratium.

1020 1706 1098 1761 N.

265 1823 449 1907 NAos
480 1837 529 1863 EN
559 1826 828 1865 PARASTAsiN.
850 1826 957 1864 Lib.1
970 1837 984 1862 1
997 1838 1028 1863 1.
1044 1838 1074 1863 c.
1084 1838 1115 1863 1.
1129 1823 1295 1864 eAEdium
1303 1821 1696 1877 autemprinctpiafimt,
1711 1819 1859 1874 equibus

359 1879 481 1927 constat
482 1881 683 1932 figurarum
700 1883 858 1932 aspertus,
875 1876 918 1920 ἅ*
931 1883 1089 1934 primum
1100 1883 1139 1918 in
1149 1886 1254 1925 antu,
1265 1879 1356 1933 quod
1372 1885 1482 1916 Graece
1500 1876 1574 1918 νοοές
1594 1879 1629 1913 ἐν
1650 1872 1850 1927 ωςρριςσίζῖν.

266 1932 420 1970 Baldus:
445 1936 556 1971 Antae
574 1936 704 1972 Graece
721 1931 934 1986 ῆβρριςκᾶδες,
960 1938 1054 1975 aedes
1074 1949 1168 1976 veto
1188 1936 1246 1973 seu
1264 1935 1450 1985 templum
1470 1931 1545 1974 νωές
1562 1933 1714 1970 dicitur:
1736 1934 1857 1971 Ratio

267 2000 358 2038 ergo
369 1990 536 2026 nominis
547 1989 567 2024 a
581 1989 696 2038 figura
716 1991 777 2028 seu
789 1991 931 2041 aspectu
942 1994 1066 2041 operis
1077 2021 1087 2036 ,
1107 2001 1149 2029 ut
1165 1991 1238 2041 ipse
1249 1991 1441 2027 Vitruvius
1451 1988 1605 2039 praefert.
1620 1987 1857 2034 Ejuscemodi

266 2046 367 2080 enim
387 2045 617 2094 templorum
644 2044 766 2082 forma
794 2048 834 2084 in
852 2046 992 2094 angulis
1014 2045 1218 2083 frontium,
1242 2045 1507 2081 columnarum
1526 2045 1621 2082 loco
1642 2044 1732 2081 duas
1751 2055 1857 2082 antas

262 2098 322 2136 seu
333 2097 466 2147 Graece
479 2099 682 2150 parastadas
693 2100 814 2139 habet.
830 2100 979 2139 Addam
990 2101 1139 2138 aunarii
1149 2101 1255 2144 loco,
1272 2099 1376 2149 quod
1387 2111 1458 2137 nos
1467 2102 1549 2138 Itali
1559 2101 1719 2137 dicimus
1730 2112 1855 2140 naves,

263 2154 322 2193 seu
335 2164 482 2192 navatus
492 2157 720 2206 templorum
730 2185 741 2201 ,
760 2157 781 2193 a
807 2157 916 2195 Naos
929 2157 1058 2193 Graeca
1068 2168 1167 2194 voce
1185 2155 1376 2192 emanasse.

317 2212 356 2248 N
366 2221 393 2248 A
405 2226 426 2248 R
439 2223 459 2248 E
473 2223 499 2247 s,
513 2211 624 2250 Lib.v
633 2224 646 2247 1
661 2223 674 2247 1
686 2219 821 2261 .c.4.Et
832 2213 926 2248 inter
936 2210 1020 2248 duos
1025 2213 1179 2263 parietes
1189 2209 1315 2247 canales
1325 2208 1470 2247 ducatur
1477 2207 1626 2262 inferior
1637 2224 1741 2263 quam
1750 2209 1854 2250 libra-

261 2275 415 2302 mentum
434 2265 605 2304 conclavis
615 2264 885 2317 fuerit,habens
903 2279 1003 2303 nares
1024 2265 1071 2302 ad
1078 2266 1188 2303 lotum
1194 2275 1381 2318 patentem.
1413 2267 1607 2316 Sequitur:
1628 2273 1716 2304 Item
1726 2281 1805 2305 cum
1815 2269 1854 2304 in

262 2319 485 2358 altitudinem
499 2321 849 2375 perstrutt'tufiterin
861 2321 1107 2375 relinquantur
1104 2322 1317 2374 spiramenta
1329 2336 1341 2358 :
1363 2323 1402 2359 Si
1418 2324 1509 2360 enim
1519 2336 1587 2359 non
1601 2332 1667 2376 per
1675 2336 1776 2360 nares
1791 2320 1854 2360 hu-

261 2389 350 2422 mor,
365 2374 407 2420 &
417 2378 455 2413 in
471 2378 540 2413 imo
558 2371 601 2416 (ῥ’
611 2379 649 2414 in
648 2376 788 2430 flammo
798 2376 956 2417 habuerit
970 2379 1099 2424 exitus,
1110 2391 1178 2415 non
1188 2379 1303 2415 minus
1313 2379 1352 2415 in
1368 2377 1652 2429 novastruc‘tura
1660 2376 1704 2430 fi’
1720 2374 1796 2430 a'iffi
1818 2392 1853 2415 ,τ-

260 2429 321 2469 bit.
351 2434 398 2470 Et
409 2433 521 2483 paulo
533 2433 632 2484 post:
653 2436 693 2472 si
704 2446 819 2473 autem
836 2434 924 2472 locus
933 2448 1000 2471 non
1011 2435 1167 2487 patietur
1172 2433 1390 2483 struituram
1399 2460 1407 2474 ‚
1420 2432 1555 2472 canales
1562 2434 1671 2485 fiant,
1691 2429 1735 2472 ὠ
1748 2447 1851 2470 nares

259 2497 387 2524 exeant
395 2490 432 2524 in
443 2487 551 2525 locum
564 2499 748 2541 patentem.
771 2491 903 2531 Claud.
918 2490 1116 2529 Salmasius
1128 2490 1173 2528 ad
1183 2488 1405 2540 Vopiscum.
1428 2490 1580 2528 Canalis
1601 2502 1702 2526 nares
1713 2489 1849 2528 habere

261 2543 407 2583 dicitur,
421 2543 498 2582 hoc
509 2544 559 2582 est
569 2547 688 2583 exitus
698 2547 833 2595 quibus
842 2548 982 2586 humor
992 2548 1168 2596 egeritur,
1185 2556 1223 2583 ut
1235 2545 1320 2583 heic
1330 2544 1429 2584 foss'ae
1439 2546 1536 2596 apud
1547 2545 1754 2596 Vopiscum
1768 2547 1848 2594 qui-

259 2599 326 2636 bus
352 2612 447 2649 aqua
474 2600 659 2639 educitur.
700 2601 805 2639 Nam
825 2598 1081 2642 foffam'nares
1101 2604 1139 2639 in
1157 2614 1258 2640 mare
1277 2602 1434 2648 dejectas
1454 2601 1503 2638 fic
1522 2602 1657 2639 habere
1675 2602 1780 2638 dixit,
1807 2610 1848 2637 ut

260 2654 450 2693 Vitruvius
467 2668 571 2694 nares
592 2656 636 2695 ad
654 2657 786 2695 locum
796 2669 998 2709 patentem.
1018 2658 1357 2709 Spitamentaidem
1368 2668 1490 2695 vocat.
1522 2658 1644 2695 Graeci
1661 2653 1842 2694 dvxmou‘e.

260 2707 361 2747 Hinc
380 2710 486 2749 vetus
503 2713 633 2751 auctor
651 2713 876 2752 Gloffirum:
889 2713 986 2760 Elix,
999 2710 1147 2758 αἰναπιιοῆ
1160 2711 1266 2761 ὀχεἹέ.
1282 2714 1403 2751 Elices
1417 2723 1553 2754 autem,
1565 2712 1766 2749 secundum
1781 2711 1845 2748 Fe,

258 2763 354 2801 stum
367 2796 378 2810 >
406 2766 505 2805 sulci
521 2770 662 2821 aquarii
670 2766 777 2821 fiant,
796 2780 862 2823 per
870 2783 951 2824 quos
972 2783 1063 2825 aqua
1081 2769 1238 2808 educitur
1254 2768 1272 2807 ὲ
1288 2767 1373 2806 liris.
1403 2769 1549 2807 Servius
1568 2769 1603 2803 in
1620 2767 1841 2816 1.Ge0rgic.

256 2817 346 2869 apud
363 2823 518 2873 antiquos
540 2822 707 2877 hodieque
725 2826 763 2863 in
774 2824 946 2880 aliquibus
960 2827 1153 2880 provinciis
1169 2825 1266 2864 elices
1286 2820 1594 2878 appellanturstclci
1610 2820 1788 2874 ampltores
1799 2820 1844 2859 ad

246 2872 421 2924 ficcandos
433 2890 529 2929 agros
539 2879 646 2917 duni.

314 2931 353 2969 N
367 2945 385 2969 Ε
395 2943 420 2970 Τ
433 2945 462 2969 E·
476 2933 558 2972 Lib.
568 2948 603 2975 v.
615 2947 696 2988 cap.
705 2952 743 2986 4.
755 2943 845 2977 Nete
855 2937 1126 2990 synemme‘ncon.
1138 2935 1271 2975 Baldus
1282 2949 1290 2974 ε
1302 2935 1403 2974 Nete
1415 2934 1566 2971 denotat
1576 2932 1716 2970 ultima.
1728 2935 1840 2973 DiCta

1712 3003 1756 3028 stu
1762 3001 1838 3027 [CH]
