2023 3162
311 65 335 98 ῠ
673 57 1051 96 ELEMENTORVM
1101 54 1530 95 Aneiiirfiervaffi

315 128 520 180 plurimum
531 126 689 166 versatur
699 131 735 164 in
749 126 1014 164 combustione
1026 133 1087 163 aut
1097 122 1333 170 obscuritate,
1345 136 1498 177 propter
1509 125 1653 163 alterius
1664 126 1812 165 luminis
1825 129 1902 168 illu-

316 184 465 223 striores
477 184 612 227 radios,
623 195 740 233 quam
753 181 821 219 sint
831 180 950 233 ipsius.

375 238 678 279 Adivcrsishisce
688 239 860 281 scientiis,
874 247 914 273 ut
931 236 1027 279 dixi,
1048 234 1255 273 &fortassis
1277 237 1352 272 aliis
1371 249 1527 285 quoque
1542 265 1551 280 ‚
1577 236 1744 276 derivant
1771 240 1904 277 Archi-

317 297 402 333 testi
413 296 512 333 suam
523 295 734 332 dominam
745 293 874 341 quoad
884 292 1110 328 electionem
1122 291 1206 329 situs
1229 305 1235 327 :
1258 293 1293 327 in
1304 303 1378 340 qua
1389 295 1524 330 nonita
1539 291 1589 329 fui
1600 292 1742 330 severus
1755 323 1764 337 ,
1786 306 1824 330 ut
1838 297 1906 333 do-

164 353 192 374 10
206 350 300 405 ''mm'‘
318 352 395 388 Cius
406 352 459 388 vir
470 350 581 387 nostri
591 351 671 393 xvi,
683 349 747 398 qui
760 347 904 399 praecisc
914 346 1092 397 restringit
1101 347 1303 398 perferstum
1315 347 1420 383 situm
1435 377 1444 391 ,
1466 347 1663 397 praesertim
1674 350 1802 397 quoad
1814 350 1905 388 salu-

166 386 305 454 zib-sixt,
318 408 490 444 britatem
503 434 512 450 ,
533 404 577 441 ad
592 404 702 441 locum
715 413 831 440 contra
840 415 940 455 quem
959 402 1020 438 Sol
1027 401 1140 438 radios
1151 399 1234 452 fitos
1246 400 1374 451 fundit
1386 400 1542 453 cumfitb
1558 406 1678 439 Arjcre
1689 405 1825 441 oritur:
1847 405 1907 443 Ut

214 449 221 460 ’
319 464 438 500 verbo
449 463 571 498 dicam
581 487 589 500 ‚
607 460 685 497 vult
695 458 829 496 habere
839 460 998 509 primam
1008 459 1266 495 salutationem
1279 459 1386 495 veris.
1417 458 1488 495 Sed
1502 458 1554 495 lioe
1566 469 1677 501 norae,
1692 458 1906 510 ubicunque

318 519 398 555 illas
418 514 645 554 offendimus
664 516 702 552 in
723 514 894 565 gravibus
915 524 980 551 aut
998 513 1138 551 levibus
1157 514 1369 551 auctoribus
1382 543 1391 557 ,
1412 526 1501 550 meo
1521 514 1659 553 iudicio
1679 517 1906 564 potiusvota

317 573 400 610 sunt
410 584 526 621 quam
540 580 738 622 praecepta,
762 580 871 619 atque
882 569 952 607 hac
963 571 1138 619 qualitate
1157 570 1235 606 illas
1248 568 1363 606 miss‘as
1374 568 1407 605 fa
1415 570 1489 605 cio.
1518 570 1659 607 Interea
1678 570 1844 611 affirmo,
1865 574 1906 609 in

316 629 384 667 situ
395 627 568 676 eligendo
586 626 707 676 (quod
718 625 767 662 est
777 627 889 663 veluti
901 626 1138 663 connubium
1154 637 1239 662 eum
1253 625 1361 671 loco)
1385 635 1460 661 tam
1473 625 1670 675 prudentes
1682 626 1750 663 effe
1770 627 1906 665 debere

317 682 672 732 edificanteffiquam
681 681 760 718 sunt
772 683 943 732 proei2ne
955 692 1043 718 cum
1054 682 1181 718 omnia
1192 679 1442 725 fecerimus‚in
1455 692 1526 716 nos
1539 693 1719 730 congruat
1730 683 1908 720 condem-

316 739 434 784 natio,
445 750 558 788 quam
568 731 1150 787 Magisternoster'pronuntiatin
1160 737 1393 784 Mytilenen:
1416 734 1573 787 oppidum
1592 734 1744 787 quidem,
1768 740 1900 788 inquit,

316 793 518 836 ‘edificatum
537 791 706 846 eleganter
720 822 730 837 ‚
738 791 806 844 fid
814 790 1050 845 imprudenter
1064 790 1225 844 posttttm.
1256 791 1386 841 Atq'uc
1399 791 1475 828 haec
1495 791 1650 841 quidem
1663 792 1707 830 de
1721 794 1906 832 universali

315 849 497 904 positura,
521 850 581 886 scu
592 849 754 886 statione.

374 906 545 955 Sequitur
556 907 629 950 jam
640 903 830 955 dispositio
842 904 1021 954 partium3
1050 902 1095 941 de
1107 915 1179 954 qua
1203 904 1260 951 (ut
1271 915 1382 953 quam
1397 904 1596 941 minimum
1609 903 1770 942 tribuam
1781 906 1818 943 in
1831 906 1907 944 hoc

318 973 408 999 meo
422 973 536 1011 opere
548 962 819 1010 imaginationi,
830 972 910 1008 quae
920 958 969 996 est
980 961 1119 997 incerta
1131 961 1166 996 ὃ(
1177 959 1399 1009 irregularis)
1412 971 1624 1009 proponam
1636 963 1799 1009 regulam
1812 964 1830 1000 a
1845 975 1906 999 me

316 1016 395 1067 ipso
407 1017 621 1060 collectam,
643 1019 680 1054 &
691 1017 728 1054 in
739 1016 977 1066 quamineidi
989 1014 1064 1051 hoc
1077 1015 1220 1053 modo:
1242 1015 1489 1053 Notaveram,
1509 1026 1665 1052 omnem
1687 1027 1802 1053 artem
1814 1027 1907 1055 tunc

318 1073 387 1110 ess'e
399 1071 692 1124 perfeffiss‘imam
707 1102 716 1116 ‚
737 1084 823 1109 eum
836 1071 962 1108 reduci
982 1070 1103 1121 potest
1116 1070 1159 1109 ad
1177 1072 1338 1109 natutale
1359 1070 1511 1120 aliquod
1534 1072 1767 1121 principium.
1802 1073 1906 1126 Qid

319 1130 419 1166 enim
432 1127 510 1165 sunt
532 1126 798 1173 judicios'issimi
820 1126 997 1164 Artifices
1009 1139 1124 1175 quam
1144 1129 1251 1164 minii
1272 1129 1430 1164 naturae?
1455 1125 1614 1163 Hocme
1633 1128 1736 1164 duxit
1756 1128 1800 1164 ad
1814 1141 1906 1166 con-

318 1184 575 1233 templandum
597 1184 768 1234 corporis
787 1182 902 1219 nostri
921 1181 1102 1219 fabricam
1123 1207 1131 1220 ,
1167 1183 1203 1218 in
1231 1194 1308 1231 quo
1329 1181 1491 1219 summus
1511 1182 1746 1220 Areliitcetus
1768 1193 1908 1222 tantam

318 1240 477 1288 ostendit
488 1239 710 1278 industriam,
726 1249 765 1276 ur
775 1238 980 1275 humanam
991 1240 1174 1275 rationem
1185 1240 1223 1274 in
1233 1238 1421 1288 stuporem
1434 1239 1557 1288 rapiat.
1589 1238 1642 1275 Ibi
1654 1237 1795 1276 offendi
1809 1240 1905 1285 Cor,

321 1306 362 1333 ut
372 1297 453 1332 virae
465 1294 612 1332 fontem
626 1324 636 1340 ‚
659 1296 694 1331 in
707 1294 834 1332 medio
846 1295 990 1331 circiter
1006 1295 1175 1331 locatum
1187 1294 1232 1331 ad
1243 1291 1517 1343 :equalissimam
1530 1294 1715 1343 spirituum
1735 1296 1907 1334 vitalium

322 1350 632 1388 distributionem.
665 1349 817 1388 Oculos
827 1348 962 1386 sursum
973 1348 1058 1386 fitos
1069 1374 1078 1388 ‚
1099 1360 1140 1386 ut
1151 1359 1258 1386 tanto
1271 1351 1452 1395 maiorem
1470 1347 1669 1386 describere
1681 1351 1824 1388 valeant
1838 1348 1908 1387 cir-

323 1407 452 1443 culum
463 1408 555 1444 intra
565 1404 668 1445 suurn
680 1405 929 1456 conspestuni.
960 1405 1114 1443 Brachia
1126 1406 1171 1442 ad
1184 1415 1385 1455 utrumque
1405 1405 1495 1442 latus
1507 1401 1668 1455 projesta
1681 1434 1690 1450 ‚
1713 1415 1753 1443 ut
1765 1406 1907 1444 facilius

320 1462 600 1512 preliendercnt.
631 1462 792 1500 Breviter
815 1460 877 1507 (ne
888 1462 1101 1499 aberremus
1120 1462 1329 1507 injucunda
1342 1461 1410 1498 liae
1429 1460 1699 1510 speculatione)
1723 1463 1830 1511 plane
1841 1474 1906 1512 ap·
1942 1470 1945 1472 ·

319 1528 421 1567 paret
435 1547 444 1562 ‚
462 1520 515 1555 uti
524 1517 696 1556 sententia
705 1519 818 1569 petita
830 1516 850 1554 ὲ
860 1518 983 1557 divina
996 1518 1090 1559 luce,
1106 1511 1533 1565 locum‘uniuscujuiQue
1542 1519 1652 1567 partis
1663 1516 1905 1556 determinan-

323 1574 412 1611 dum
426 1572 445 1610 a
456 1572 523 1611 suo
536 1574 610 1611 usu.

379 1628 437 1665 Ut
447 1631 557 1677 igitur
568 1629 813 1679 procedamus
826 1631 846 1667 a
857 1632 1009 1670 naturali
1021 1631 1193 1670 strucl‘tura
1205 1629 1249 1669 ad
1259 1629 1505 1681 artificialem,
1530 1628 1566 1665 δι’
1579 1630 1615 1667 in
1627 1627 1834 1667 rudioribus
1849 1642 1907 1668 re-

325 1683 392 1721 bus
414 1684 673 1722 conservemus
691 1687 856 1736 aliquam
874 1687 1079 1737 imaginem
1100 1685 1509 1725 excellentissimarum:
1540 1686 1681 1722 Omnia
1691 1686 1906 1736 principalia

323 1739 519 1777 conclavia
536 1740 719 1790 voluptati
729 1742 982 1787 inservientia,
1005 1753 1047 1780 ut
1058 1742 1182 1780 musea
1201 1744 1238 1779 δε
1258 1740 1498 1779 Bibliothecae
1517 1740 1676 1790 spestent
1692 1740 1902 1777 Orientem:

322 1806 411 1831 nam
429 1807 553 1832 aurora
572 1793 685 1844 ,Musis
709 1798 831 1833 amica,
870 1799 1011 1834 Omnia
1028 1799 1115 1835 loca
1137 1797 1346 1835 ministralia
1365 1822 1372 1835 ‚
1403 1808 1487 1844 quae
1505 1796 1670 1833 calorem
1692 1794 1906 1840 desiderant,

319 1859 361 1887 ut
380 1854 549 1900 coquina:
563 1880 572 1895 ‚
587 1850 717 1888 balnea
732 1880 741 1895 ‚
760 1851 903 1902 pistrina
915 1881 924 1896 ‚
943 1854 1118 1890 lavatoria
1140 1855 1177 1889 ὃ(
1190 1851 1336 1893 similia,
1358 1850 1569 1888 Meridiem.
1602 1851 1741 1887 Omnia
1754 1863 1834 1899 quae
1849 1864 1904 1888 re·

319 1906 475 1954 quirunt
484 1906 651 1955 frigidam
665 1908 942 1957 temperiem,ut
953 1908 1309 1957 penuaria‚graiiaria
1321 1908 1356 1943 ὅ(
1367 1905 1829 1956 fimilia‚8eprenti·ionem.
1843 1907 1906 1944 Ad

319 1960 418 1998 idem
430 1973 585 2011 quoque
598 1963 689 1999 latus
699 1974 778 2011 quae
789 1962 963 1999 destinata
975 1962 1053 2000 sunt
1065 1964 1244 2007 motioni,
1258 1973 1299 2000 ut
1309 1963 1474 2012 porticus
1487 1991 1496 2006 ,
1507 1961 1698 2011 praesertim
1711 1963 1748 1999 iii
1760 1961 1906 1999 fei-vidis

322 2016 533 2054 climatibus
544 2046 553 2061 ,
576 2026 642 2054 aut
652 2030 736 2066 qnae
747 2018 1110 2069 praetereapostulant
1130 2019 1298 2055 constans
1311 2019 1346 2054 ὃς
1358 2017 1568 2055 invariabile
1578 2018 1703 2053 lumen
1716 2047 1725 2062 ‚
1747 2028 1788 2054 ut
1799 2018 1906 2056 Pina-

321 2071 500 2115 cothecae‚
513 2073 650 2121 (inquit
662 2074 863 2121 Vitruvius)
883 2086 945 2124 per
956 2087 1048 2123 quas
1060 2075 1229 2125 intelligit
1244 2073 1285 2121 (si
1298 2075 1383 2110 licet
1395 2074 1582 2119 conjicere
1594 2085 1638 2109 ex
1648 2073 1742 2110 illius
1754 2073 1905 2118 Graeco,

323 2137 363 2163 ut
373 2127 611 2176 saepeneccss'e
623 2128 671 2165 cst
683 2128 727 2165 de
748 2129 904 2179 Larino)
925 2140 1021 2167 certa
1032 2129 1247 2181 repositoria
1266 2129 1448 2165 rariorum
1465 2140 1623 2178 operum
1644 2128 1830 2177 pistorum
1845 2139 1908 2166 aut

318 2182 495 2220 aliorum,
519 2196 600 2232 qua:
612 2184 656 2221 ab
668 2184 764 2220 Italis
775 2183 925 2220 Studiolt'
936 2187 1166 2235 appellantur
1180 2210 1187 2224 ,
1209 2197 1288 2235 quat
1300 2185 1377 2220 aliis
1390 2185 1486 2220 locis
1497 2185 1559 2221 ubi
1579 2185 1676 2220 Solis
1688 2182 1810 2220 cursus
1824 2196 1905 2221 um-

318 2237 401 2274 bras
411 2238 523 2275 variat
535 2239 698 2276 multum
710 2241 921 2277 amitterent
932 2241 1065 2290 gratier.
1097 2241 1142 2277 Et
1154 2240 1352 2278 secundum
1365 2239 1459 2276 hanc
1473 2240 1660 2289 regulam,
1679 2238 1802 2276 habita
1812 2238 1906 2277 sem-

318 2304 384 2341 per
394 2294 539 2331 ratione
551 2293 632 2331 usus
643 2323 653 2339 ,
678 2307 835 2343 quaeque
846 2307 928 2345 pars
943 2306 1026 2346 apte
1039 2297 1175 2346 poterit
1186 2296 1311 2333 locari.

373 2349 469 2386 Non
481 2348 530 2386 est
541 2347 604 2387 liic
616 2351 928 2400 praetereundum‚
947 2362 1089 2389 veteres
1111 2351 1263 2389 Graecos
1274 2353 1311 2389 ἃ
1324 2352 1544 2396 Romanos,
1556 2351 1628 2387 ruri
1640 2353 1675 2388 ἃ
1690 2351 1725 2386 in
1736 2349 1826 2388 loco
1838 2363 1905 2388 un-

320 2404 429 2453 dique
447 2404 585 2444 libero,
608 2417 701 2455 pene
721 2404 886 2455 religiose
906 2406 1047 2443 frontes
1067 2405 1212 2444 suarum
1231 2408 1365 2444 aedium
1388 2405 1609 2443 constituisse
1621 2405 1666 2443 ad
1686 2406 1901 2454 Meridiem3

320 2458 478 2496 fortassis
497 2473 543 2498 ne
555 2461 699 2498 domini
711 2461 872 2498 domum
881 2463 1092 2499 revertentis
1105 2464 1242 2499 oculus
1255 2464 1428 2512 caligaret
1439 2491 1449 2505 ‚
1469 2471 1532 2499 aut
1545 2471 1584 2497 ut
1597 2460 1700 2498 frons
1720 2460 1740 2496 a
1761 2462 1850 2499 Sole
1863 2463 1907 2499 il-

321 2514 463 2552 lustrata
481 2518 684 2565 gratiorem
696 2516 866 2554 redderet
878 2517 1087 2569 adspectum
1102 2546 1110 2561 ,
1123 2528 1186 2554 aut
1198 2519 1249 2554 ob
1261 2518 1419 2567 aliquam
1429 2516 1543 2554 talem
1555 2515 1712 2553 causam.
1743 2516 1815 2553 Sed
1827 2518 1905 2554 Itali

319 2568 434 2606 hodie
446 2571 490 2607 ab
504 2584 551 2610 co
571 2571 772 2622 discrepant
785 2601 794 2616 ‚
815 2572 948 2622 dequo
960 2573 1045 2609 alibi
1065 2573 1168 2624 plura
1179 2572 1359 2610 dicentur.
1394 2572 1486 2610 Haec
1498 2571 1675 2609 haetenus
1695 2569 1905 2609 suffecerint

317 2624 363 2660 de
383 2625 566 2674 positione
586 2628 817 2678 fingulorum
831 2627 1112 2665 membrorum:
1135 2630 1240 2671 cujus
1254 2657 1262 2672 ,
1275 2628 1379 2665 sicuti
1392 2627 1673 2665 Auitornosser
1684 2627 1819 2677 serpe&
1831 2629 1904 2664 im-

316 2681 440 2730 primis
454 2681 513 2718 lib.
528 2689 562 2719 6.
577 2695 656 2734 cap.
674 2695 733 2721 10.
752 2681 910 2720 insinuat
923 2712 933 2727 ,
952 2683 1136 2732 singularis
1148 2683 1375 2721 esthabenda
1388 2685 1499 2723 ratio,
1526 2691 1736 2732 pronatum
1756 2683 1901 2731 Regio-

316 2747 432 2781 num3
457 2747 541 2773 nam
557 2749 714 2786 quaeque
727 2739 843 2775 Natio
857 2747 1001 2776 tenetur
1019 2739 1121 2789 supra
1142 2739 1281 2788 regulas
1302 2738 1539 2787 quascunque
1549 2738 1748 2788 prudenter
1760 2737 1901 2788 prospi-

319 2802 403 2826 cere
424 2790 589 2828 adversus
610 2794 913 2831 inconvenientia
934 2793 1009 2832 sua.
1034 2796 1071 2832 &
1090 2805 1283 2844 propterea
1302 2792 1460 2831 fortassis
1479 2795 1627 2830 bonum
1647 2793 1849 2830 triclinium
1862 2794 1900 2830 in

311 2842 500 2895 AEgyptO,
516 2846 651 2883 faceret
670 2847 818 2886 bonum
828 2852 1047 2898 penuarium
1069 2851 1107 2886 in
1123 2852 1151 2886 A
1161 2850 1267 2897 nglia.
1293 2851 1468 2897 Sequitur
1478 2849 1553 2893 jam
1564 2847 1769 2884 secundum
1781 2860 1900 2885 mem-

317 2900 448 2946 brum,
471 2900 516 2939 de
528 2902 686 2952 generali
703 2902 864 2942 sestione
885 2906 1022 2955 operis.
1047 2906 1088 2942 Iu
1101 2916 1235 2955 opere,
1255 2906 1417 2955 primurn
1431 2902 1676 2941 considerabo
1695 2904 1898 2955 praecipuas

1757 2969 1896 3009 Ρὰϊῐΐὸς
