2023 3162
507 76 574 114 υε
620 73 1132 117 AneurTEeTvRA
1190 76 1404 118 L13.11.
1715 94 1759 131 35

169 155 249 196 quae
261 154 316 181 res
329 156 418 183 cum
430 143 510 186 sunt
520 146 636 184 unffle
648 146 718 194 (uti
727 147 839 183 etiam
851 145 946 197 libri)
960 145 980 182 ὲ
991 147 1100 183 tineis
1113 148 1151 184 ὅ(
1165 144 1185 182 ὲ
1197 148 1293 184 carie
1304 159 1385 185 non
1395 148 1584 189 laeduntur.
1605 151 1762 192 Arboris
1777 152 1903 200 Vjunfflae'.

167 211 292 239 autem
302 201 378 246 ejus
389 202 470 240 sunt
481 202 612 240 similes
625 202 813 252 cupreffeae
824 202 1019 247 foliatum,
1029 204 1201 242 materies
1219 215 1314 241 vena
1329 205 1473 243 directa.
1496 208 1626 257 Ephesi
1638 212 1674 246 in
1686 211 1763 248 aede
1776 208 1804 230 V·
1816 205 1887 232 (⁸¹⁰-

167 256 408 295 simulacrum
426 258 559 296 Dianae
572 260 609 296 ὅ(
625 259 738 295 etiam
749 259 935 296 lacunaria
945 271 990 296 ex
1003 270 1045 295 ea
1055 287 1066 303 ,
1089 258 1187 296 &ibi
1199 260 1287 297 &in
1301 262 1441 297 caetcris
1452 263 1642 302 nobilibus
1654 265 1764 312 fanis,
1776 255 1822 273 Μ’

165 323 320 363 propter
333 314 576 351 aeternitatem
586 312 666 350 sunt
674 312 780 350 faeta.
816 312 1025 351 Nascuntur
1036 324 1158 352 autem
1179 314 1234 351 hae
1244 314 1394 353 arbores
1407 321 1570 356 maxime
1592 321 1715 359 Creta:
1726 325 1765 361 ὅ(
1820 354 1824 358 .

166 369 339 419 Apliricae
352 372 388 407 ὅ(
400 370 591 407 nonnullis
614 370 722 418 Syriae
744 369 969 419 regionibus.
1003 370 1114 406 Larix
1136 381 1227 408 vero
1238 396 1246 410 ‚
1272 373 1340 421 qui
1352 384 1431 410 non
1443 374 1492 410 est
1513 385 1624 413 notus
1634 377 1766 416 nisibis

165 426 416 476 municipibus
429 454 440 469 ‚
459 427 525 474 qui
538 425 618 461 sunt
629 426 727 462 circa
737 427 852 476 ripam
869 425 1033 462 fluminis
1044 425 1179 463 Padi&
1191 427 1317 464 littora
1329 429 1439 466 maris
1459 429 1664 472 Adriatici,
1685 446 1767 479 non

166 480 290 518 solum
310 482 361 518 ob
378 483 432 526 [z]
453 482 551 517 succi
570 480 782 517 vehementi
803 483 991 518 amaritate
1009 480 1054 518 ab
1066 483 1161 518 carie
1181 493 1243 520 aut
1256 482 1276 519 a
1288 486 1385 520 tinea
1405 496 1484 522 non
1505 499 1665 525 nocetur
1675 514 1683 529 ‚
1707 489 1768 526 sed

167 539 282 573 etiam
294 536 484 573 flammam
495 549 539 573 ex
552 537 626 585 igni
638 548 716 572 non
728 538 857 587 recipit
869 566 879 581 ‚
895 548 964 573 nec
976 536 1049 586 ipse
1060 535 1180 585 potest
1191 548 1256 588 per
1266 538 1299 574 se
1313 540 1440 578 ardere
1452 571 1462 586 ‚
1483 542 1547 580 nisi
1560 542 1632 589 (uti
1642 544 1767 583 saxum

165 593 205 629 in
216 593 369 630 fornace
381 592 426 628 ad
437 592 579 629 calcem
591 592 852 641 coquendam)
873 593 951 629 aliis
960 592 1068 641 lignis
1089 603 1210 629 uratur
1224 606 1231 628 :
1251 605 1321 631 nec
1333 605 1455 633 tamen
1469 608 1554 636 tum
1572 599 1766 638 flammam

165 649 307 698 recipit.
320 659 391 685 nec
403 647 610 684 carbonem
622 648 788 687 remittit,
798 648 858 684 sed
867 649 987 697 longo
997 647 1114 697 spatio
1126 648 1229 686 tarde
1241 649 1476 690 comburitur
1485 679 1493 692 ‚
1519 655 1625 703 quod
1638 656 1687 693 est
1696 659 1765 694 mi-

166 706 269 741 nima
280 706 370 753 ignis
384 705 419 739 &
433 704 526 739 aeris
550 701 570 739 ὲ
592 704 779 753 principiis
790 713 1051 753 temperatura.
1085 703 1261 741 Humore
1281 716 1405 743 autem
1416 709 1453 744 δε
1465 718 1613 747 terreno
1624 711 1674 748 est
1685 723 1764 749 ma-

166 761 257 798 teria
267 759 362 810 spisi'e
374 757 538 804 solidata,
556 759 591 795 δέ
602 770 680 795 non
695 758 831 796 habens
841 759 949 809 spatia
967 757 1194 796 foraminum
1207 788 1217 804 ,
1232 772 1310 808 quo
1321 761 1432 811 possit
1450 764 1542 812 ignis
1553 777 1758 815 penetrare,

164 817 358 864 rejicitque
378 814 452 857 ejus
463 816 540 852 vim
554 841 561 854 ,
589 826 656 851 nec
668 816 805 865 patitur
824 814 869 852 ab
887 817 935 851 eo
946 813 1012 851 sibi
1034 816 1111 851 cito
1132 817 1264 852 noceri
1273 842 1281 856 ,
1310 827 1535 868 propterque
1557 823 1702 871 pondus
1712 824 1759 861 ab

166 883 260 920 aqua
270 882 346 908 non
356 870 617 915 sustinetur-‚sed
631 882 675 907 cu
682 883 716 907 m
727 880 908 921 portatur,
919 880 979 908 aut
993 871 1030 906 in
1043 872 1210 916 navibus,
1224 880 1285 908 aut
1298 870 1400 922 supra
1409 874 1583 925 abiegnas
1593 878 1652 923 [ls]
1665 889 1759 918 rates

167 925 441 965 collocatur.Ea
451 937 577 963 autem
592 929 762 964 materies
773 926 1097 976 quemadmodum
1110 925 1324 973 sitinventa‚
1335 927 1385 964 est
1397 931 1503 968 causa
1516 933 1757 982 cognoscere.

163 979 285 1021 Divus
306 980 392 1019 Caes
386 993 424 1018 ar
443 994 530 1019 cum
552 984 758 1020 exereitum
781 981 956 1019 habuiss'et
973 984 1070 1020 circa
1092 982 1205 1033 Alpes
1225 1012 1235 1028 ‚
1262 985 1579 1036 imperavissetque
1602 991 1761 1027 munici-

164 1040 232 1089 piis
245 1037 405 1088 prtestare
418 1050 656 1076 commeatus
667 1064 676 1077 ‚
699 1040 825 1088 ibique
839 1039 924 1076 esset
937 1039 1121 1076 castellum
1135 1040 1320 1076 munitum
1333 1070 1343 1084 ‚
1354 1041 1460 1090 quod
1471 1044 1674 1082 vocabatur
1684 1046 1758 1082 La-

164 1096 308 1144 rignum
319 1123 329 1139 ,
348 1103 438 1131 tunc
452 1095 562 1143 quiin
573 1107 620 1131 eo
631 1094 784 1132 fuerunt
796 1124 805 1138 ‚
827 1095 978 1132 naturali
996 1096 1203 1133 munitione
1216 1095 1346 1133 confifi
1359 1126 1369 1141 ‚
1390 1098 1590 1137 noluerunt
1600 1103 1761 1151 imperio

163 1162 297 1200 parere.
329 1151 456 1198 ltaque
478 1152 683 1201 Imperator
705 1152 832 1201 copias
845 1150 940 1194 iussit
959 1150 1164 1190 admoveri.
1195 1153 1280 1190 Erat
1292 1163 1418 1191 autem
1429 1165 1512 1193 ante
1531 1158 1611 1203 ejus
1624 1156 1760 1195 castelli

164 1216 308 1256 portam
320 1207 426 1242 turris
438 1219 481 1243 ex
492 1205 559 1243 hac
571 1208 724 1244 materia
736 1236 745 1250 ,
757 1208 904 1245 alternis
916 1207 1076 1245 trabibus
1087 1208 1289 1245 transversis
1306 1210 1375 1256 (uti
1386 1213 1488 1261 pyra)
1504 1213 1600 1250 inter
1610 1211 1642 1249 se
1652 1225 1761 1251 com-

164 1261 281 1312 posita
290 1262 381 1306 alte,
402 1273 441 1299 ut
451 1261 565 1312 posset
574 1263 619 1300 de
630 1261 781 1299 summo
792 1262 938 1300 sudibus
961 1265 997 1300 δ(
1015 1263 1193 1313 lapidibus
1211 1264 1433 1303 accedentes
1450 1269 1646 1318 repellere:
1667 1278 1759 1305 tunc

162 1327 256 1354 vero
269 1328 354 1354 cum
364 1318 656 1356 animadversum
668 1318 717 1355 est
727 1321 795 1355 alia
805 1331 869 1356 eos
880 1319 951 1356 tela
961 1348 971 1364 ‚
982 1328 1114 1369 praeter
1124 1319 1226 1357 sudes
1239 1347 1246 1360 ‚
1262 1333 1341 1357 non
1352 1320 1487 1360 habere
1499 1349 1507 1362 ,
1521 1335 1645 1373 neque
1655 1325 1745 1374 poff
1737 1337 1759 1362 e

161 1372 311 1422 longius
324 1374 343 1409 a
355 1385 464 1410 muro
475 1386 625 1425 propter
633 1375 780 1425 pondus
801 1375 967 1419 jaculari,
988 1378 1213 1425 imperatum
1233 1377 1282 1414 est
1293 1376 1486 1416 fasciculos
1497 1377 1540 1416 ex
1559 1382 1668 1430 virgis
1680 1381 1761 1417 alli-

162 1437 271 1477 gatos
294 1427 331 1464 δε
351 1427 449 1466 faces
461 1431 627 1468 ardentes
640 1431 685 1467 ad
698 1443 780 1467 eam
795 1432 1047 1468 munitionem
1059 1431 1278 1470 aecedentes
1290 1435 1450 1471 mittere.
1482 1436 1608 1484 ltaque
1628 1436 1756 1474 celeri*

161 1492 217 1521 ter
235 1484 371 1522 milites
393 1486 660 1535 congesserunt.
691 1486 897 1537 Postquam
908 1487 1061 1523 flamma
1079 1489 1177 1526 eirca
1189 1490 1289 1525 illam
1308 1492 1502 1528 materiam
1514 1493 1632 1541 virgas
1647 1504 1756 1529 coma

160 1539 402 1590 prehendisset
413 1542 459 1577 ad
470 1543 614 1580 coelum
623 1543 778 1583 sublata,
803 1541 924 1580 effecit
934 1545 1160 1593 opinionem
1169 1573 1180 1589 ‚
1200 1546 1256 1581 uti
1266 1545 1448 1583 videretur
1456 1548 1529 1593 jam
1539 1557 1620 1585 tota
1632 1548 1755 1585 moles

162 1596 374 1634 concidisse.
407 1598 511 1635 Cum
524 1609 651 1636 autem
664 1611 706 1636 ca
717 1598 823 1650 perse
833 1599 990 1637 extin&a
1011 1598 1095 1636 ess'et
1111 1599 1147 1636 δε
1157 1603 1323 1649 requieta
1333 1628 1341 1641 ,
1364 1602 1539 1651 turrisque
1550 1603 1683 1640 intaeta
1694 1614 1758 1654 ap-

160 1651 348 1700 paruisset,
371 1653 552 1691 admirans
573 1655 693 1693 Caesar
703 1682 711 1694 ‚
738 1654 832 1702 juffit
842 1666 946 1693 extra
967 1656 1132 1692 telorum
1151 1655 1368 1693 mistionem
1378 1668 1444 1693 eos
1465 1659 1754 1696 circumvallari.

157 1707 288 1755 Itaque
299 1709 437 1745 timore
448 1710 571 1746 coaffi
583 1711 757 1760 oppidani
770 1723 856 1747 eum
868 1710 902 1748 se
914 1710 1140 1755 dedidissent,
1152 1710 1346 1759 quaesitum
1358 1712 1456 1749 unde
1465 1726 1506 1751 ea
1518 1712 1750 1763 effentligna‚

159 1773 243 1809 qua:
255 1764 300 1799 ab
312 1765 388 1812 igni
399 1777 474 1801 non
486 1766 726 1802 laederentur:
747 1777 838 1803 tunc
857 1768 889 1803 ei
907 1765 1253 1804 demonstraverunt
1273 1779 1331 1804 eas
1349 1769 1498 1805 arbores
1512 1794 1519 1807 ‚
1548 1780 1704 1817 quarum
1713 1771 1754 1807 in

157 1816 214 1853 his
225 1818 320 1854 locis
331 1821 501 1856 maximae
514 1820 592 1857 lunt
605 1822 738 1869 copiae,
752 1824 788 1858 ὃ(
800 1821 885 1859 ideo
898 1820 934 1856 id
947 1821 1137 1859 castellum
1148 1822 1355 1872 Larignum
1368 1851 1378 1867 ‚
1396 1824 1487 1861 item
1500 1826 1673 1861 materies
1682 1825 1754 1862 La-

157 1873 261 1921 rigna
272 1873 319 1911 est
330 1876 522 1926 appellata.
555 1877 645 1912 Haec
657 1888 781 1914 autem
798 1889 862 1927 per
881 1875 1026 1914 Padum
1043 1878 1266 1915 Ravennam
1287 1878 1522 1930 deportatur,
1546 1881 1585 1917 in
1597 1881 1755 1918 colonia

156 1926 211 1973 [l]
228 1929 403 1974 Fanestri,
424 1930 560 1969 Pisauri
572 1925 780 1975 ‚⁹Anconae
796 1962 806 1976 ‚
827 1931 1046 1981 reliquisque
1056 1945 1135 1981 quae
1156 1932 1281 1971 suntin
1292 1945 1335 1972 ea
1345 1936 1517 1985 regione,
1541 1937 1754 1986 municipiis

157 1985 362 2033 praebetur,
389 1988 493 2034 cujus
506 1990 671 2025 materiei
684 1987 707 2024 fi
719 1987 805 2026 ess‘et
814 1987 968 2025 facultas
990 1990 1316 2039 apportationibus
1329 1991 1376 2028 ad
1392 1990 1563 2037 Urbem,
1584 1993 1754 2038 maximae

156 2039 377 2080 haberentur
388 2043 426 2079 in
440 2043 601 2081 aedificiis
614 2045 787 2082 utilitates
801 2059 809 2081 :
835 2046 871 2082 &
883 2044 906 2081 si
920 2046 1046 2081 nonin
1057 2045 1237 2083 omnibus
1251 2076 1261 2092 ‚
1274 2056 1374 2084 certe
1386 2047 1518 2086 tabulae
1530 2049 1568 2084 in
1590 2050 1662 2093 [m]
1673 2046 1753 2083 sub-

154 2097 321 2144 grundiis
333 2101 479 2137 circum
490 2101 624 2138 insulas
635 2100 659 2137 si
670 2097 782 2139 ess'ent
795 2110 839 2138 ex
852 2113 894 2138 ea
906 2102 1105 2139 collocatae
1120 2131 1129 2146 ‚
1142 2103 1186 2140 ab
1199 2103 1480 2149 trajeffionibus
1490 2102 1753 2140 incendiorum

153 2151 308 2188 aedificia
320 2155 490 2202 periculo
503 2156 758 2196 liberarentur,
774 2156 880 2206 quod
892 2169 944 2193 eae
955 2169 1028 2194 nec
1040 2156 1231 2195 flammam
1242 2170 1311 2195 nec
1324 2159 1530 2196 carbonem
1540 2157 1689 2208 possunt
1699 2170 1753 2195 re-

155 2208 279 2257 cipere
289 2237 299 2252 ,
322 2221 393 2245 nec
403 2209 523 2247 facere
534 2223 596 2260 per
608 2212 628 2247 s
622 2225 652 2248 e.
684 2213 778 2249 Sunt
787 2222 911 2250 autem
924 2224 975 2249 eae
996 2212 1146 2250 arbores
1156 2212 1254 2250 foliis
1272 2212 1451 2250 similibus
1461 2214 1540 2264 pini
1551 2239 1559 2253 ,
1579 2214 1754 2252 materies

157 2275 285 2301 earum
297 2266 451 2313 prolixa.
466 2266 659 2303 tracTtabilis
671 2266 937 2304 adintestinum
948 2279 1042 2317 opus
1056 2296 1066 2312 ,
1086 2279 1167 2304 non
1178 2270 1302 2305 minus
1312 2281 1426 2318 quam
1438 2269 1600 2319 sapinea:
1622 2269 1750 2307 habet·
1762 2279 1791 2303 V.
1802 2278 1889 2314 sappi-

158 2331 231 2368 que
243 2319 398 2357 resinam
410 2321 590 2370 liquidam
604 2322 722 2358 mellis
733 2321 856 2359 Attici
867 2323 1011 2367 colore,
1023 2335 1108 2370 quae
1118 2325 1230 2361 etiam
1242 2325 1414 2362 medetur
1423 2324 1594 2374 phtisicis.
1608 2326 1669 2362 De
1680 2324 1746 2362 sin-
1761 2326 1818 2384 {257³
1829 2356 1882 2385 1¹6

159 2375 254 2423 gulis
276 2376 470 2425 generibus
483 2406 492 2421 ‚
507 2377 642 2425 quibus
661 2376 948 2429 proprietatibus
968 2375 988 2414 ὲ
1008 2387 1138 2416 natura
1147 2392 1274 2417 rerum
1294 2381 1494 2418 videantur
1511 2381 1579 2418 esse
1597 2392 1750 2430 compa·
1762 2408 1782 2426 c,
1795 2378 1845 2425 iss
1884 2376 1891 2385 ¹

157 2441 241 2468 ratze
254 2460 264 2475 ‚
284 2432 490 2481 quibusque
511 2444 755 2482 procreantur
776 2432 981 2470 rationibus
1002 2459 1010 2473 ‚
1043 2433 1209 2484 exposui.
1239 2435 1450 2486 Insequitur
1469 2436 1751 2481 animadversio,

158 2486 249 2535 quid
258 2488 319 2524 ita.
333 2488 440 2537 quod
451 2500 530 2537 quae
541 2491 579 2525 in
590 2487 698 2526 Urbe
709 2488 881 2538 supernas
889 2487 1020 2526 dicitur
1029 2489 1129 2527 abies
1141 2518 1149 2531 ,
1175 2491 1340 2529 deterior
1350 2492 1399 2529 est
1412 2518 1419 2531 ,
1433 2504 1546 2542 quam
1556 2505 1636 2542 quoe
1646 2491 1753 2529 infcr-

157 2553 223 2579 nas
235 2571 245 2587 ‚
263 2555 343 2591 quae
362 2545 533 2594 egregios
552 2546 589 2581 in
604 2543 765 2582 aedificiis
775 2543 820 2581 ad
837 2545 1118 2584 diuturnitatem
1138 2547 1276 2598 praestat
1296 2548 1402 2596 usus;
1426 2550 1464 2585 ὅ(
1486 2547 1530 2584 de
1549 2549 1603 2586 his
1620 2547 1747 2588 rebus,

1048 2602 1079 2638 E
1110 2616 1132 2640 2
1623 2616 1751 2653 quem-

155 2693 188 2726 i]
230 2693 285 2719 Aut
303 2690 448 2730 legendum
470 2690 593 2722 videtur,
614 2691 650 2719 ob
662 2691 768 2721 succum
787 2693 940 2723 vehementi
955 2693 1121 2725 acrimoni55
1137 2702 1182 2722 aut
1202 2695 1273 2724 succi
1284 2694 1472 2723 vehementem
1483 2695 1665 2724 acrimoniam.
1688 2705 1753 2724 narn

199 2731 276 2759 aliter
285 2732 450 2760 construstio
459 2740 512 2758 non
523 2731 580 2759 satis
593 2733 628 2760 est
639 2734 792 2761 commoda.

159 2773 188 2807 k]
213 2771 254 2800 Ad
275 2773 424 2812 marginem
440 2771 486 2799 lib.
500 2771 578 2800 isaaci
589 2770 676 2801 Voffii
690 2775 965 2805 annotatuminvenio
977 2788 982 2805 :
994 2775 1190 2807 Itavetuszsed
1201 2776 1369 2804 correerurn:
1389 2785 1450 2805 cum
1460 2776 1532 2816 prius
1540 2776 1660 2805 videatur
1676 2771 1754 2804 fuisse

201 2822 278 2844 rates,
298 2813 434 2841 autsimile
443 2813 525 2851 quid;
545 2812 588 2840 sed
599 2813 742 2853 legendum
753 2823 844 2844 crates.

159 2850 189 2885 l]
218 2853 364 2881 Philander.
387 2854 475 2888 Hujus
487 2854 611 2882 meminit
631 2854 677 2882 lib.
689 2864 778 2883 v.c.1.
797 2856 841 2884 Est
857 2864 948 2884 autem
965 2857 1074 2890 Piceni,
1093 2857 1119 2885 id
1131 2856 1167 2885 est
1178 2876 1185 2889 ,
1207 2855 1336 2884 Marchiae
1347 2857 1523 2886 Anconitanae
1534 2856 1594 2886 urbs
1606 2856 1686 2885 hodi'e
1703 2857 1753 2885 Fa-

201 2901 264 2920 num
273 2893 344 2922 dista
355 2915 361 2925 ‚
375 2894 442 2922 Plin.
453 2898 477 2922 ἃ
489 2894 604 2922 Ptolem.
618 2896 720 2924 Fanum
728 2897 853 2924 Fortunae
863 2917 870 2929 ,
889 2896 970 2925 Mela:
979 2907 1040 2926 cum
1051 2899 1157 2925 Vitruv-
1166 2896 1272 2925 colonia
1281 2897 1416 2925 Fanestris.

161 2932 202 2966 m]
223 2932 306 2960 idem.
325 2934 972 2977 Subgrundiasuntteffipartesprominentiores.
993 2940 1035 2967 lta
1044 2937 1157 2979 appellat
1169 2936 1287 2967 Iabolen.
1298 2937 1422 2968 Pandect.
1432 2937 1608 2969 lib-1.Varro
1619 2937 1751 2977 subgrun-

162 3008 166 3011 ι
203 2971 265 3005 dn,
282 2975 462 3014 GraeciyeiCae
478 2979 503 3005 δι
523 2975 653 3015 iza-374&-
1660 3018 1673 3055 ]
1691 3016 1739 3046 Ph.

1642 3027 1659 3045 a
1731 3028 1755 3046 ι-
