2023 3162
310 120 359 151 92
703 96 1530 139 M.V1⁷rnuv111³01.tioms

308 174 360 208 cis
372 179 517 208 motus:
543 167 596 206 uti
608 165 843 210 dissonantes,
853 164 920 213 qui
932 162 1066 200 Graece
1078 161 1250 200 dicuntur
1261 159 1477 210 ‚cadmeo-ns:
1493 164 1819 212 circumsonantes,
1829 171 1893 218 qui

306 227 403 278 apud
414 237 480 263 eos
490 227 731 262 nominantur
744 219 972 266 wssmzffvrec:
988 219 1080 256 item
1091 217 1316 264 resonantes,
1325 221 1389 269 qui
1401 221 1571 256 dicuntur
1582 220 1792 267 αἰπῑχὲμτεςς
1806 237 1894 261 con.

305 281 558 330 sonantesque,
573 290 668 328 quos
678 275 1076 328 appellantavvnxivree.
1108 274 1343 313 Diffonantes
1351 276 1431 312 sunt
1445 304 1454 319 ,
1472 276 1508 311 in
1519 276 1656 323 quibus
1674 289 1747 315 vox
1761 280 1891 328 prima,

309 349 399 375 cum
411 337 459 374 est
472 338 563 372 elata
573 336 610 372 in
622 333 871 375 altitudinem,
883 328 1022 368 offensa
1033 329 1275 379 superioribus
1286 329 1407 368 solidis
1419 331 1642 381 corporibus
1653 361 1663 376 ,
1684 334 1894 384 repulsaque

165 404 289 441 Amfi-
309 393 670 432 refiliensinimum,
691 387 872 438 opprimit
882 384 1105 435 insequentis
1125 386 1228 422 vocis
1240 386 1455 424 elationem.
1489 385 1815 426 Circumsonantes
1835 403 1893 428 au-

166 447 226 491 40225
242 449 269 473 ¹'⁷³
309 459 385 487 tem
395 448 415 485 s
410 456 483 484 unt.
500 448 535 482 in
547 443 680 494 quibus
693 442 1012 491 circumvagando
1023 440 1151 478 coacta
1161 452 1235 479 vox
1247 441 1280 479 se
1292 440 1434 480 solvens
1444 445 1482 479 in
1493 442 1622 479 medio
1636 442 1709 479 fine
1722 448 1894 484 extremis

165 496 223 514 ’Μ’
310 504 450 542 casibus
466 500 617 539 sonans,
638 498 691 536 ibi
710 499 956 548 extinguitur,
977 498 1116 534 incerta
1127 495 1327 534 verborum
1347 497 1628 547 significatione.
1661 497 1893 539 Resonantes

306 572 408 598 vero,
424 560 460 594 in
471 557 624 606 quibus,
635 566 724 592 eum
735 556 771 591 in
783 553 901 591 solido
912 553 1008 591 tastu
1021 551 1187 603 percussa
1199 552 1342 597 resiliat,
1357 555 1532 603 imagines
1545 554 1790 605 exprimendo
1802 583 1811 599 ‚
1828 569 1894 594 no-

307 613 473 652 vissimos
494 611 596 648 casus
616 610 780 660 duplices
800 609 941 647 faciunt
961 609 1099 646 audiui.
1132 609 1229 646 Item
1248 609 1494 647 consonantes
1513 608 1609 654 sunt,
1632 611 1670 647 in
1693 609 1837 659 quibus⁴
1848 613 1894 650 ab

164 678 215 702 Ar·
236 674 275 702 di·
307 670 388 707 imis
400 669 568 706 auxiliata
581 678 670 704 curn
681 667 916 704 incremento
929 664 1103 702 scandens
1113 688 1121 702 ‚
1143 664 1347 713 ingreditur
1357 665 1404 702 ad
1415 677 1518 704 aures
1530 665 1682 703 discreta
1692 665 1892 705 verborum

162 716 238 748 sm*
306 726 481 764 claritate.
513 725 569 761 Ita
583 721 609 759 fi
626 723 664 759 in
676 722 855 760 locorum
864 720 1048 759 electione
1067 719 1179 757 fuerit
1189 720 1346 769 diligens
1366 720 1632 759 animadversio
1645 750 1654 766 ‚
1676 721 1894 760 emendatus

303 783 370 818 erit
380 779 577 831 prudentia
595 778 641 815 ad
651 777 897 815 utilitatemin
916 776 1066 814 theatris
1078 776 1182 813 vocis
1200 773 1362 814 effeims.
1394 778 1611 814 Formarum
1629 787 1753 814 autem
1766 776 1894 816 descri-

302 837 556 888 ptionesinrer
574 834 607 871 se
619 832 886 871 discriminibus
899 832 954 869 his
973 841 1253 871 eruntnotatae‚
1275 833 1421 882 utiquae
1435 845 1480 870 ex
1499 834 1686 882 quadratis
1708 832 1896 883 designan-

302 904 375 932 tur,
388 893 621 929 Graecorum,
636 901 715 939 quae
729 902 773 927 ex
784 889 930 940 paribus
941 890 1180 938 trigonorum
1192 888 1379 932 lareribus,
1396 888 1618 926 Latinorum
1631 888 1790 926 habeant
1798 890 1890 927 usus.

299 949 354 986 Ita
374 947 427 985 his
453 945 785 998 praescriptionibus
805 946 871 996 qui
890 945 1050 983 voluerit
1062 944 1143 994 tuti,
1168 944 1385 983 emendatas
1405 943 1540 984 efficiet
1559 944 1788 985 theatrorum
1811 957 1890 998 per-

301 1003 491 1042 sectiones.

960 1058 995 1096 C
1024 1071 1047 1096 A
1076 1070 1107 1097 Ρ.
1165 1059 1237 1098 IX.

467 1142 549 1193 De
563 1137 826 1214 porticibus
836 1139 948 1212 pos?
967 1141 1190 1190 Seianam,
1210 1135 1272 1194 Εἴ
1285 1134 1709 1190 ambulationibus.

303 1266 365 1311 [a]
375 1263 506 1345 POst
523 1264 682 1301 Scenam
706 1263 872 1313 porticus
889 1260 968 1299 sunt
987 1259 1268 1300 constituendae,
1291 1262 1344 1298 uti
1362 1272 1450 1298 cum
1468 1260 1606 1298 imbres
1626 1270 1776 1310 repente
1787 1258 1896 1297 ludos

437 1320 770 1370 interpellaverint,
788 1317 922 1355 habeat
942 1318 1100 1369 populus
1113 1345 1122 1360 ‚
1152 1328 1229 1365 quo
1249 1315 1282 1353 se
1299 1318 1448 1367 recipiat
1471 1329 1516 1354 ex
1527 1316 1684 1354 theatro.
1715 1314 1772 1360 [b]
1787 1314 1894 1353 Cho-

304 1375 473 1423 ragiaquc
484 1377 739 1413 laxamentum
751 1374 909 1411 habeant
920 1373 965 1409 ad
977 1372 1136 1408 chorum
1148 1372 1347 1423 parandum
1361 1400 1371 1416 ,
1391 1373 1443 1409 uti
1454 1371 1535 1409 sunt
1546 1373 1711 1421 porticus
1732 1372 1894 1421 Pompe-

303 1432 391 1477 iana:
403 1458 414 1474 ,
435 1432 601 1479 itemque
612 1430 767 1467 Athenis
778 1430 943 1480 porticus
954 1429 1166 1480 Eumenici,
1189 1428 1368 1478 patrisque
1385 1426 1512 1465 Liberi
1530 1427 1668 1465 fanum.
1699 1429 1757 1473 [c]
1773 1427 1819 1462 Et
1831 1439 1896 1463 ex-

164 1507 213 1531 A..
225 1485 474 1531 abeuntibus
486 1483 506 1522 ὲ
525 1486 668 1523 theatro
680 1485 813 1522 finistra
824 1494 925 1535 parre
946 1483 1102 1521 Odeum
1113 1509 1121 1522 ,
1145 1482 1249 1531 quod
1261 1483 1423 1520 Athenis
1438 1484 1593 1521 Pericles
1606 1483 1792 1519 columnis
1805 1483 1894 1532 lapi-

162 1544 285 1579 mstocles-
303 1542 379 1578 deis
391 1540 575 1592 disposuit,
589 1543 817 1590 naviumque
829 1540 932 1578 malis
945 1541 982 1577 ὃς
995 1539 1161 1576 antennis
1174 1536 1194 1575 ὲ
1206 1538 1328 1588 spoliis
1341 1537 1491 1575 Persicis
1500 1540 1692 1588 pertexuit.
1707 1539 1814 1575 Idem
1827 1550 1894 1575 au·

309 1603 386 1634 t'em
404 1599 514 1634 etiam
526 1626 535 1640 ,
550 1595 741 1634 incensum
754 1595 1015 1634 Mithridatico
1029 1594 1142 1633 bello,
1160 1606 1221 1631 rex
1234 1593 1508 1632 Ariobarzanes
1527 1593 1691 1631 restituit.
1728 1595 1894 1642 Smyrnae

302 1650 365 1704 [d]
388 1652 616 1702 strategeum.
651 1651 841 1689 Trallibus
852 1652 1018 1701 porticus
1031 1662 1074 1686 ex
1088 1660 1242 1698 utraque
1254 1660 1356 1700 parte
1379 1651 1436 1697 (ut
1455 1650 1585 1697 scenae)
1609 1649 1708 1699 supra
1718 1649 1890 1692 stadium,

304 1709 513 1757 caeterisque
525 1708 730 1746 civitatibus
743 1732 751 1746 ‚
773 1720 855 1757 quae
865 1706 1117 1756 diligentiores
1129 1704 1337 1742 habuerunt
1348 1704 1600 1742 Architectos.
1633 1705 1745 1743 Circa
1755 1703 1893 1742 theatra

301 1761 383 1800 sunt
395 1764 561 1812 porticus
571 1765 608 1800 &
618 1762 906 1806 ambulationes,
917 1773 997 1812 qua:
1007 1762 1178 1800 videntur
1188 1762 1237 1797 ita
1250 1771 1425 1810 oportere
1436 1761 1631 1798 collocari,
1649 1761 1697 1808 [e]
1712 1762 1765 1797 uti
1775 1758 1890 1808 dupli-

304 1831 365 1856 ces
377 1818 446 1855 lint
458 1843 466 1856 ‚
480 1815 718 1866 habeantque
729 1820 927 1855 exteriores
938 1819 1132 1855 columnas
1144 1817 1305 1855 Doricas
1317 1828 1405 1854 eum
1417 1816 1584 1866 epistyliis
1599 1817 1636 1852 ὃς
1647 1816 1890 1859 ornamentis,

1845 1882 1891 1907 cx

299 1953 330 1987 a]
354 1951 499 1979 Philander.
523 1951 644 1977 Porticus
654 1950 748 1977 addita:
759 1947 816 1976 sunt
827 1948 902 1976 sacris
913 1949 1010 1976 aedibus
1020 1970 1026 1980 .
1036 1950 1176 1977 illustrium
1188 1950 1305 1976 virorum
1316 1947 1451 1978 domibus.
1463 1951 1486 1975 ὅ(
1498 1949 1608 1987 publicis
1621 1945 1892 1976 :edificiismecessita-

341 1992 375 2019 tis
385 2000 429 2019 aut
440 1991 589 2018 ornamenti
602 1991 716 2017 animive
728 1988 810 2017 causa.
827 1989 881 2016 Sub
889 1990 925 2016 eis
936 1990 1083 2027 repentinas
1092 1990 1190 2027 pluvias
1204 1988 1332 2020 vitabant,
1354 1987 1507 2026 umbrasque
1517 1999 1545 2016 ac
1556 1986 1657 2029 frigora
1668 1990 1808 2027 captabant
1821 2008 1828 2020 .
1849 1998 1894 2015 va·

341 2031 436 2069 riisque
448 2031 611 2059 sermonibus
620 2031 690 2058 diem
703 2028 904 2060 consumebant,
916 2030 930 2056 a⁴
941 2030 1049 2057 meridie
1062 2030 1150 2057 Solem
1160 2029 1268 2067 hyeme.
1281 2028 1294 2056 a
1306 2027 1482 2066 septentrione
1489 2030 1588 2056 aestivas
1601 2029 1705 2057 umbras
1719 2030 1892 2067 excipientes.

337 2072 499 2111 lnfigniores
511 2079 701 2101 memorantur.
709 2070 837 2108 Apollinis
846 2070 1081 2102 Palatini‚Circum
1093 2071 1239 2097 maximnm
1250 2067 1461 2108 x⁷erii155Augusti
1472 2070 1498 2097 in
1508 2071 1608 2097 Martio
1617 2079 1712 2108 campo
1723 2074 1746 2098 &
1755 2070 1808 2104 ejus
1817 2066 1890 2100 foro;

341 2112 455 2150 AEmylii
467 2112 534 2139 inter
547 2120 650 2149 portam
663 2111 851 2150 Trigeminam
863 2113 886 2138 δέ
901 2111 1011 2138 Navalia
1021 2113 1235 2149 Argonautarum
1251 2108 1266 2137 a
1276 2111 1380 2147 Campo
1387 2109 1418 2136 ad
1429 2111 1504 2148 Septa
1517 2111 1651 2150 Agrippae.
1661 2120 1718 2148 quae
1727 2114 1750 2138 6:
1762 2110 1832 2137 lovis
1843 2109 1892 2136 Vl-

339 2153 417 2184 toris;
429 2156 452 2181 &
464 2151 584 2184 Panthei3
597 2152 729 2179 Antonini
742 2152 779 2178 Pii
791 2151 863 2185 juxta
873 2152 897 2178 S.
908 2150 1069 2188 Stephanum
1081 2152 1106 2177 in
1118 2150 1235 2190 Truglio
1247 2171 1254 2182 ‚
1266 2149 1348 2182 Balbi,
1361 2150 1491 2189 contigua
1500 2152 1553 2186 ejus
1564 2151 1678 2183 theatro,
1689 2152 1759 2179 circa
1768 2149 1891 2178 obscuras

341 2204 411 2222 nune
423 2193 564 2232 apothecas
577 2206 583 2224 3
604 2191 732 2230 Capitolii
741 2192 768 2218 in
780 2191 861 2219 latere
872 2192 934 2219 clivi
946 2191 1109 2229 Capitolini.
1121 2195 1172 2219 dcc.

299 2234 328 2271 b]
350 2235 430 2262 idem.
447 2233 581 2273 Choragia
592 2232 741 2273 significant
752 2235 776 2259 διε
788 2241 833 2259 eos
845 2232 1019 2270 quiludorum
1028 2232 1230 2259 instrumentum
1238 2231 1412 2270 suppeditant.
1421 2231 1545 2261 &locum
1556 2231 1624 2259 unde
1634 2231 1889 2260 totuminstrumen-

345 2284 402 2303 tum
415 2275 554 2312 promitur.
580 2276 620 2301 De
635 2272 748 2312 vestibus
766 2271 874 2310 quidem
890 2272 1001 2300 cornicis
1019 2275 1043 2300 &
1055 2273 1162 2311 tragicis
1173 2271 1260 2300 scribit
1270 2273 1391 2311 pleraque
1404 2273 1452 2300 lul.
1463 2272 1555 2300 Pollux
1565 2272 1609 2299 lib.
1623 2281 1660 2300 tv.
1672 2281 1727 2309 cap.
1739 2280 1822 2298 xviii.
1845 2274 1887 2299 De

338 2315 471 2354 Choragis
481 2323 544 2341 vero
555 2313 678 2341 Libanius
688 2314 714 2340 in
724 2321 886 2352 argumento
896 2313 1034 2341 Orationis
1042 2312 1228 2340 Demosthenis
1241 2314 1273 2349 ’Q'
1284 2312 1386 2342 Mam.
1396 2312 1523 2341 Solebant
1534 2313 1687 2341 indumenta
1694 2308 1786 2339 assumi
1797 2309 1811 2338 ὲ
1821 2311 1889 2338 cho-

332 2357 412 2396 ragis‚
425 2364 482 2394 quae
492 2354 578 2382 aediles
589 2352 728 2392 praebeuda
739 2353 873 2385 locabant,
884 2361 912 2381 ut
924 2353 959 2380 est
969 2353 1036 2391 apud
1049 2353 1204 2381 Plautumin
1215 2352 1299 2380 Persa.
1328 2354 1484 2394 Fulgentius
1499 2353 1630 2380 Placiades
1640 2350 1691 2379 esse
1700 2352 1779 2379 etiam
1791 2351 1887 2378 chora-

333 2398 410 2438 gium
420 2394 546 2435 virginale
554 2392 631 2421 funus
642 2402 716 2432 putat
730 2414 737 2426 ‚
749 2394 828 2432 idque
838 2403 869 2421 cx
882 2394 986 2432 Apuleii
995 2394 1069 2422 dicto
1078 2393 1147 2425 hoc;
1164 2396 1219 2421 lam
1236 2391 1356 2422 feralium
1367 2395 1517 2432 nuptiarum
1528 2392 1677 2420 miserrimae
1687 2391 1783 2431 virgini
1795 2387 1889 2419 chora-

332 2439 408 2478 gium
419 2436 533 2464 struitur.
562 2435 588 2462 Si
599 2444 647 2473 pro
656 2434 832 2462 instrumento
842 2437 865 2462 &
875 2442 1000 2472 apparatu
1011 2432 1108 2462 funeris
1118 2434 1260 2467 intellexit,
1271 2436 1297 2462 in
1308 2444 1362 2470 ejus
1370 2434 1527 2462 sententiam
1538 2432 1645 2472 pedibus
1655 2442 1695 2460 eo.
1718 2431 1888 2471 Metaphori-

332 2479 380 2506 ταῖς
391 2478 464 2505 enim
472 2473 592 2504 feralium
606 2475 757 2513 nuptiarum
767 2482 921 2512 apparatum
933 2473 1100 2513 significavit.

299 2521 326 2554 c]
348 2518 431 2546 ldem.
453 2517 553 2544 Odeum
564 2516 645 2543 etiam
657 2515 774 2543 Romani
785 2515 944 2546 habuerunt,
953 2523 982 2541 ut
992 2524 1024 2542 ex
1034 2515 1178 2542 Ammiano
1188 2514 1233 2542 lib.
1248 2524 1310 2542 xvx.
1320 2522 1415 2553 praeter
1423 2513 1487 2542 alios
1498 2513 1652 2543 didicimus.
1669 2510 1716 2540 blm*
1728 2513 1748 2540 ‚A
1758 2512 1832 2550 φ’ἓιῗς,
1845 2512 1885 2540 in-

339 2559 397 2597 quit
407 2557 506 2587 Suidas,
517 2556 532 2584 a
544 2565 622 2584 cantu
634 2556 746 2584 ditium.
769 2556 831 2582 Erat
842 2563 931 2582 autem
942 2555 1074 2593 gradatim
1088 2553 1304 2589 velutiffsissi'oiw
1314 2575 1320 2585 ‚
1338 2554 1364 2582 id
1374 2555 1408 2581 est
1421 2575 1427 2585 .
1438 2553 1613 2581 minusculum
1624 2552 1765 2584 theatrum.
1776 2555 1886 2581 struftus

338 2599 423 2630 locus.
432 2599 500 2626 unde
509 2597 610 2625 Mulie-2
620 2596 764 2624 certamina
774 2594 964 2633 (petrahamur.
975 2595 1072 2622 Scribit
1083 2596 1154 2623 enim
1165 2595 1316 2627 Suetonius.
1330 2597 1466 2622 Neronem
1478 2594 1606 2622 muricum
1617 2602 1750 2621 certamen
1762 2593 1888 2621 instituis-

338 2638 372 2669 se,
386 2639 572 2666 Domitianum
582 2639 647 2665 item
659 2658 665 2668 .
686 2636 730 2664 ubi
741 2645 835 2673 praeter
844 2635 1007 2663 citharoedos
1019 2645 1150 2663 certarent
1162 2636 1298 2664 citharista:
1310 2639 1333 2663 ἃ
1345 2635 1565 2673 psallocitharistae
1576 2655 1582 2666 ,
1598 2644 1676 2672 atque
1685 2635 1763 2661 etiarn
1776 2635 1886 2662 Odeum

339 2675 500 2706 excitaviffe.
523 2680 555 2706 Et
568 2676 723 2706 Plutarchus
738 2678 765 2703 in
776 2678 829 2703 vita
843 2676 948 2703 Periclis
959 2676 1055 2703 author
1066 2676 1101 2704 est
1112 2672 1227 2704 retulisse
1237 2676 1302 2715 regii
1312 2675 1473 2703 tabernaculi
1487 2673 1610 2702 formam.
1633 2676 1702 2701 Nam
1714 2678 1737 2702 ἃ·
1747 2674 1835 2702 Suidas
1848 2675 1885 2702 ait

339 2720 365 2746 in
378 2728 410 2745 eo
420 2716 560 2752 days-43⁴0,
570 2717 593 2749 Ξ
604 2716 722 2756 ,ι”,ςλωἹΘυ
729 2713 815 2745 fuisse.
836 2716 905 2744 Odei
916 2717 1038 2744 meminit
1050 2726 1103 2744 non
1115 2715 1190 2745 semel
1204 2718 1229 2744 in
1239 2716 1335 2744 Atticis
1348 2720 1372 2744 &
1382 2715 1560 2743 Corinthiacis
1573 2713 1714 2742 Pausanias.
1735 2714 1812 2742 Odea
1820 2725 1887 2753 qua—

338 2767 400 2787 tuor
408 2754 481 2785 fuiss‘e
493 2760 588 2786 Romae
599 2759 713 2798 legimus
722 2779 728 2789 .
754 2767 836 2785 unum
847 2758 873 2784 in
883 2758 1038 2788 Aventino.
1057 2757 1170 2785 alterum
1190 2759 1259 2785 inter
1270 2757 1417 2784 Palatinum
1428 2760 1451 2784 ὃ(
1462 2756 1619 2783 Coeliumad
1630 2763 1728 2782 metam
1739 2754 1886 2789 sudantem,

337 2799 449 2826 tertium
461 2807 541 2835 prope
552 2798 686 2826 theatrum
699 2799 829 2835 Pompeii,
838 2806 961 2836 quartum
976 2798 1134 2827 Domitiani.
1149 2798 1181 2825 de
1192 2808 1245 2837 quo
1252 2798 1403 2825 Suetonius.

271 2834 277 2841 ’
296 2840 327 2874 d]
348 2839 431 2866 Idem.
454 2840 621 2876 Stratageum
633 2839 684 2866 live
695 2839 862 2878 litategeuin,
875 2839 1107 2866 armamentarium
1117 2838 1168 2867 dici
1179 2839 1277 2877 potnit.
1289 2837 1531 2876 ubireponerentur
1541 2835 1653 2864 hostium
1665 2834 1754 2874 spolia,
1765 2845 1809 2864 aut
1821 2847 1888 2876 ptae-

329 2880 440 2909 torium.
453 2888 507 2916 quo
517 2880 691 2906 convenirent
705 2879 811 2906 milites.

292 2921 317 2956 c]
338 2920 422 2947 Idem.
433 2919 553 2945 Porticus
562 2918 679 2955 duplices
689 2919 825 2957 appellatae
833 2918 890 2946 sunt
902 2917 917 2946 :i
925 2917 1022 2956 duplici
1033 2920 1217 2948 columnarum
1227 2918 1329 2949 ordine.
1342 2918 1407 2946 ficut
1418 2917 1535 2955 triplices
1544 2915 1673 2943 Suetonio
1685 2915 1711 2942 in
1720 2917 1829 2945 Nerone
1840 2918 1884 2946 di-

324 2969 429 2989 cuntur.
442 2959 466 2985 ln
475 2959 569 2995 quibUS
581 2967 632 2985 tres
643 2958 700 2985 sunt
710 2959 896 2987 columnarum
906 2959 1020 2986 ordmes-
1041 2962 1111 2989 Nam
1120 2964 1144 2987 ἅ·
1157 2959 1291 2987 Gallienus
1303 2961 1370 2996 lmp.
1379 2958 1513 2997 porticum
1524 2956 1677 2983 Flaminiam
1689 2956 1806 2994 usquead
1817 2969 1886 2996 pon-

324 3010 380 3028 tem
393 2999 518 3027 Milvium
529 3007 659 3037 paraverat
671 2999 776 3028 ducere,
789 3008 817 3026 ut
828 2998 979 3026 tetrastiche
989 2999 1063 3027 fieret
1075 3010 1118 3027 aut
1130 3001 1209 3027 etiam
1223 2999 1393 3037 pentastiche.
1406 2999 1492 3037 inquit
1505 2996 1702 3035 Iul.Capitolin.
1714 2999 1739 3025 in
1751 2999 1805 3033 ejus
1819 3000 1882 3029 vita.

328 3042 356 3071 id
366 3042 400 3070 est
409 3047 522 3078 quatuor
531 3039 700 3077 autquinque
710 3039 834 3067 ordinum
844 3039 1041 3068 columnarum:
1051 3041 1082 3068 ad
1092 3041 1229 3068 laxitatem
1240 3040 1312 3068 enirn
1321 3039 1376 3067 haec
1386 3038 1573 3077 spectaut,non
1585 3038 1616 3066 ad
1623 3037 1800 3067 altitudinem.
1811 3040 1883 3067 Nam

1815 3078 1883 3107 ultra
