2023 3162
467 120 533 145 nr
580 107 1083 146 Ancnrrrcrvrta
1139 103 1368 143 Lin.1V.
1661 121 1749 159 75,

761 212 796 249 C
825 225 847 248 A
878 223 908 249 Ρ.
968 212 1068 251 VII.

369 302 452 353 De
464 299 707 375 Tuscana}
718 298 985 357 rationibus?
1001 299 1452 374 aedinmsttcrarum.

123 413 307 496 Locus
318 415 355 450 in
367 425 446 463 quo
455 413 539 450 aedis
551 412 795 450 constituetur
805 441 815 456 ,
837 424 927 450 cum
939 411 1108 450 habuerit
1118 414 1155 450 in
1167 413 1398 462 longitudine
1406 412 1464 450 sex
1474 421 1593 463 partes
1605 442 1616 458 ,
1634 423 1705 453 una

195 470 345 520 dempta
357 496 366 513 ,
387 470 567 517 reliquum
578 469 683 518 quod
695 469 762 505 erit
774 498 783 513 ,
801 469 981 506 latitudini
1002 469 1117 506 detur.
1148 468 1373 519 Longitudo
1383 479 1506 507 aut-em
1519 469 1705 507 dividatur

124 525 313 575 bipartito,
326 528 363 563 ὅ(
375 537 458 573 quae
469 536 549 574 pars
560 526 802 569 entinterior,
814 524 990 571 cellarum
1000 523 1118 576 spatiis
1129 524 1356 574 designetur:
1369 536 1448 575 quae
1459 528 1526 563 erit
1535 527 1706 576 proxima

123 580 250 620 fronti.
266 582 528 618 columnarum
537 579 1015 630 dispofitionirelinquatur.
1045 581 1139 617 Item
1158 580 1316 618 latitudo
1330 581 1510 619 dividatur
1526 584 1563 618 in
1581 592 1704 631 partes

124 637 274 682 decem,
286 650 329 675 ex
338 637 391 674 his
402 646 511 673 ternae
523 647 642 687 partes
654 636 780 673 dextra
790 648 832 673 ac
843 635 977 673 sinistra
990 636 1092 674 cellis
1105 635 1316 673 minoribus
1330 663 1338 676 ‚
1349 636 1422 675 five
1431 637 1493 675 ubi
1501 638 1563 674 alae
1573 636 1703 675 fututae
1720 652 1747 675 r.
1777 646 1811 675 ibi

124 692 206 731 sunt
219 719 226 734 ‚
241 693 376 731 dentur
386 721 397 737 ‚
419 692 566 741 reliquae
577 703 741 741 quatuor
750 692 879 730 mediae
889 692 956 729 :edi
967 692 1223 730 attribuantur.
1253 692 1421 741 Spatium
1432 692 1537 742 quod
1548 695 1615 730 erit
1623 704 1706 731 ante
1719 688 1780 716 ‘'l“-

126 750 237 787 cellas
248 751 284 787 in
294 758 441 800 pronao
454 776 463 791 ‚
484 749 535 784 ita
545 748 733 785 columnis
743 747 969 798 designetur,
991 757 1033 784 ut
1047 747 1238 797 angulares
1259 758 1391 785 contra
1411 758 1513 786 antas
1523 751 1706 801 parietum

124 816 376 843 extremorum
390 800 410 840 ὲ
423 804 574 852 regione
585 804 831 840 collocentur.
862 804 958 840 Duae
970 803 1101 841 mcdiae
1114 800 1134 839 ὲ
1146 804 1300 852 regione
1310 804 1492 853 parietum
1506 833 1514 849 ,
1535 807 1600 854 qui
1611 808 1705 843 inter

125 872 228 900 antas
239 863 276 899 ὅ(
288 859 449 898 mediam
461 859 577 896 aedem
588 859 736 897 fuerint,
746 861 794 897 ita
805 858 1075 904 distribuantur,
1086 868 1128 898 ut
1137 860 1232 896 inter
1242 869 1344 896 antas
1354 858 1392 895 &
1403 861 1600 897 columnas
1612 863 1708 912 prio·
1722 865 1750 889 V-
1773 870 1821 888 Μ’

126 929 183 954 res
193 929 257 968 per
265 916 431 955 medium
441 914 565 952 iisdem
577 915 791 965 regionibus
802 917 921 953 alterae
933 915 1166 966 disponantur
1176 939 1184 953 ‚
1199 927 1324 965 eaeque
1336 914 1403 952 sint
1414 916 1490 952 ima
1507 918 1569 961 [a]
1592 915 1709 954 crassi-
1720 909 1786 930 “W'‘

126 973 254 1011 tudine
263 971 459 1011 altitudinis
469 982 571 1021 parte
582 969 745 1022 septima,
759 971 917 1010 altitudo
939 968 1001 1018 [b]
1022 974 1127 1009 tertia
1136 982 1236 1022 parte
1247 970 1445 1008 latitudinis
1456 973 1601 1023 templi,
1611 972 1648 1009 su
1654 985 1709 1009 m-

127 1039 263 1078 maque
274 1029 449 1066 columna
459 1037 588 1075 quarta
598 1037 700 1078 parte
713 1026 1048 1065 crassitudinisimae
1069 1027 1316 1067 contrahatur.
1347 1027 1458 1078 Spirae
1482 1038 1609 1063 earum
1631 1029 1709 1064 altae

129 1083 278 1121 dimidia
290 1094 390 1136 parte
402 1081 645 1121 crassitudinis
657 1083 745 1121 fiant
755 1114 765 1129 ‚
785 1083 947 1122 habe-ant
965 1082 1064 1135 spirae
1075 1095 1202 1122 earum
1213 1081 1401 1135 plinthum
1413 1083 1459 1120 ad
1468 1084 1650 1120 circinum
1662 1083 1712 1120 al·
1730 1092 1733 1095 ’

128 1149 205 1177 tam
215 1139 282 1178 suae
294 1138 533 1177 crassitudinis
545 1139 695 1176 dimidia
708 1150 828 1191 parte:
864 1141 924 1185 [c]
944 1149 1072 1176 torum
1090 1139 1237 1190 insuper
1247 1151 1333 1177 curn
1346 1139 1532 1190 apophygi
1542 1140 1709 1177 crassum,

128 1205 306 1245 quantum
316 1195 651 1246 plinthuszcapituli
662 1195 821 1233 altitudo
833 1195 985 1233 dimidia
994 1194 1250 1232 crassitudinis.
1261 1195 1385 1232 Abaci
1396 1194 1565 1240 latitudo,
1574 1204 1712 1244 quanta

127 1252 204 1289 ima
224 1251 421 1289 crassitudo
441 1251 650 1289 columnae.-
681 1252 921 1302 Capitulique
942 1249 1142 1289 crassitudo
1166 1250 1349 1288 dividatur
1367 1252 1406 1288 in
1427 1261 1545 1301 partes
1565 1261 1657 1288 tres:
1688 1247 1709 1286 ὲ

131 1308 263 1357 quibus
276 1319 348 1344 una
357 1307 517 1358 plintho,
527 1319 607 1356 quoe
620 1306 668 1343 cst
680 1319 748 1358 pro
760 1308 906 1352 Abaco,
918 1308 1045 1345 detur:
1077 1304 1144 1352 [d]
1169 1307 1281 1343 altera
1292 1306 1452 1346 Echino,
1465 1307 1570 1343 tertia
1584 1307 1713 1356 Hypo-

130 1363 309 1401 trachelio
322 1374 409 1400 cum
420 1361 854 1415 astragalo&apophygi.
885 1365 1005 1414 Supra
1025 1363 1224 1400 columnas
1245 1362 1364 1399 trabes
1388 1365 1449 1409 [e]
1470 1362 1711 1414 compastiles
1724 1374 1753 1398 V.
1771 1378 1828 1406 apo-

129 1420 435 1469 imponantur‚uti
445 1417 511 1456 smt
520 1420 721 1456 altitudinis
734 1420 897 1457 modulis
908 1421 1033 1468 iis‚qui
1043 1418 1064 1455 ὸ.
1073 1418 1330 1469 magnitudine
1342 1420 1464 1471 operis
1475 1418 1711 1470 postulabun-
1719 1409 1797 1450 phyfi.

130 1484 203 1513 tur.
236 1474 371 1524 Eaeque
390 1473 510 1511 trabes
529 1476 774 1527 compactiles
791 1485 998 1526 ponantur,
1028 1485 1070 1512 ut
1087 1484 1230 1512 tantam
1248 1473 1407 1512 habeant
1426 1472 1708 1513 crassitudinem,

131 1540 268 1580 quanta
276 1530 425 1569 summae
438 1531 626 1569 columnae
637 1534 704 1569 erit
715 1530 1053 1581 hypotrachelium‚
1062 1533 1100 1568 ὃς
1111 1532 1162 1568 ita
1170 1529 1239 1567 fin‘t
1251 1530 1455 1580 compasta:
1477 1526 1550 1581 [f]
1570 1528 1653 1566 subs
1650 1541 1714 1566 cu-

133 1586 241 1624 dibus
267 1587 304 1624 &
333 1584 564 1632 securiculis,
594 1597 635 1624 ut
656 1587 898 1639 compastura
917 1587 1083 1625 duorum
1101 1585 1303 1636 digitorum
1323 1585 1455 1623 habeat
1475 1586 1713 1622 laxationem.

132 1643 236 1680 Cum
256 1645 355 1680 enirn
375 1643 468 1678 inter
482 1642 515 1679 se
534 1653 689 1693 tangunt
708 1643 745 1680 δε
767 1655 844 1680 non
853 1643 1121 1694 spiramentum
1144 1644 1182 1679 ὃς
1199 1641 1395 1691 perflatum
1406 1641 1509 1679 venti
1519 1642 1714 1689 recipiunt,

133 1699 214 1750 [g]
235 1696 598 1744 concalefaciuntur,
614 1701 651 1737 δε
670 1700 837 1736 celeriter
853 1697 1074 1749 putrescunt.
1114 1698 1230 1746 Supra
1247 1695 1365 1733 trabes
1384 1695 1421 1732 δε
1440 1697 1542 1745 supra
1560 1697 1715 1745 parietes

133 1755 333 1800 trajesturae
354 1754 594 1791 mutulorum
606 1783 615 1798 ,
639 1765 769 1805 quarta
780 1764 881 1803 parte
891 1754 1090 1790 altitudinis
1107 1753 1294 1790 columnae
1307 1780 1318 1796 ‚
1336 1752 1589 1803 projiciantur.
1618 1751 1715 1787 Item

133 1810 172 1846 in
200 1821 333 1847 eorum
361 1809 547 1846 frontibus
576 1820 861 1862 antepagmenta
885 1808 1043 1858 figantur
1062 1838 1072 1853 ‚
1102 1808 1280 1858 supraque
1308 1818 1351 1844 ea
1378 1817 1599 1856 tympanum
1625 1804 1716 1842 fasti-

134 1865 201 1914 giis
219 1878 262 1903 ex
283 1862 367 1910 [h]
386 1864 560 1902 strustura
578 1864 638 1903 seu
657 1867 808 1903 materia
828 1866 1039 1903 collocetur
1051 1893 1060 1909 ‚
1079 1863 1257 1914 supraque
1277 1861 1314 1899 id
1333 1861 1512 1911 fastigium
1524 1890 1534 1906 ,
1560 1862 1632 1907 [i]
1655 1873 1717 1898 co-

138 1921 262 1959 lumen
275 1921 462 1958 cantherii.
487 1921 565 1967 [k]
581 1923 742 1971 Templa
762 1922 812 1958 ita
829 1919 909 1958 sunt
919 1920 1155 1963 collocanda,
1168 1929 1207 1957 ut
1219 1917 1441 1956 stillicidium
1460 1918 1545 1955 teeti
1563 1915 1720 2008 ῗὺῑοὴιῑί

1130 1974 1170 2012 K
1204 1987 1223 2011 2
1541 1974 1561 2017 [
1575 1974 1722 2019 ]tertia-

146 2040 1713 2050 Μ

137 2066 165 2100 a]
188 2066 334 2096 Philander.
358 2068 472 2096 Miratus
490 2067 543 2096 sum
557 2077 611 2095 uon
621 2067 711 2098 semel,
722 2077 784 2095 cum
795 2067 915 2096 Tuscana
923 2067 1048 2096 columna
1060 2067 1089 2094 fit
1100 2066 1225 2095 omnium
1235 2061 1424 2105 fimpliciffima
1434 2085 1441 2095 ,
1460 2062 1594 2101 minusque
1605 2061 1722 2100 partibus

169 2116 272 2138 ornata,
282 2108 375 2147 ecquid
384 2107 522 2146 septimam
531 2117 634 2147 partem
643 2108 791 2136 altitudinis
800 2110 827 2136 in
837 2110 889 2136 ima
897 2106 1066 2137 crassitudine
1074 2106 1196 2140 haberet,
1212 2108 1311 2136 Dorica
1320 2115 1410 2134 autem
1421 2104 1520 2132 sextam
1529 2112 1646 2134 tantum,
1657 2110 1721 2129 cum

171 2157 220 2185 pro
230 2148 377 2186 gracilitate
387 2150 563 2177 &teneritate
575 2158 660 2187 partes
670 2150 811 2187 temperari
819 2148 930 2181 soleant,
939 2149 964 2176 id
975 2149 1021 2180 est,
1031 2149 1122 2187 augeri
1133 2156 1176 2176 aut
1188 2148 1280 2176 minui.

140 2188 171 2221 b]
192 2188 274 2215 Idem.
295 2188 362 2216 Plin.
370 2189 415 2217 lib.
428 2197 470 2223 36.
481 2200 537 2227 cap.
549 2200 590 2223 ις.
613 2191 735 2228 Antiqua
744 2192 809 2216 ratio
819 2198 875 2217 erat
884 2190 1060 2217 columnarum
1069 2188 1223 2218 altitudine,
1231 2189 1309 2215 tertia
1317 2184 1557 2222 parflatitudinum
1566 2183 1670 2211 deLubri.

139 2229 164 2262 c]
188 2228 430 2268 Idem.Apophygis
440 2239 502 2257 cum
514 2231 609 2268 quadra
617 2227 695 2257 refert
707 2231 803 2257 Scotiae
814 2229 1062 2267 partemdimidiam
1073 2227 1366 2264 inferiorem,fiquidem
1375 2227 1400 2252 iu
1411 2226 1466 2252 imo
1478 2223 1554 2263 scapo
1566 2225 1719 2252 nominatur

173 2278 218 2296 aut
230 2268 281 2296 bai]
293 2291 299 2302 ,
322 2278 349 2297 ut
361 2269 496 2297 hocloco.
508 2273 579 2298 Cum
592 2280 654 2297 vero
665 2269 825 2307 insuperiori
836 2269 914 2308 scapo
923 2270 1021 2297 dicitur
1032 2289 1039 2301 ‚
1058 2270 1155 2296 Scotiae
1164 2265 1245 2296 refert
1257 2276 1318 2295 cum
1327 2265 1368 2294 sira
1389 2264 1486 2304 quadra
1496 2274 1597 2303 partein
1607 2264 1722 2303 superio-

174 2319 239 2341 rem,
251 2318 278 2337 ut
290 2310 368 2348 paulo
377 2310 442 2349 post,
454 2319 616 2348 vocaturque
627 2313 649 2337 &
661 2310 801 2348 apotheiis.
822 2309 962 2345 Hujuslib.
975 2319 1031 2347 cap.
1047 2319 1066 2335 1.
1079 2318 1127 2346 pro
1137 2307 1192 2346 ipso
1202 2317 1309 2336 tantum
1318 2307 1440 2334 conflexu
1450 2306 1615 2343 interpretati
1625 2305 1720 2333 sumus.

175 2351 246 2378 Nam
253 2361 284 2378 ex
296 2350 458 2378 conflexibus
469 2358 574 2378 tanturn
584 2350 768 2378 columnarum
779 2347 977 2378 crassitudinem
987 2349 1190 2388 intelligendam
1200 2348 1367 2379 arbitramur,
1380 2356 1434 2374 non
1444 2356 1476 2373 ex
1487 2347 1558 2374 calce
1568 2355 1612 2374 aut
1623 2345 1727 2374 summo

173 2391 311 2430 astragalo.
334 2393 401 2419 Etin
410 2391 521 2419 aliarum
531 2391 715 2419 columnarum
725 2390 904 2424 dimensione,
925 2399 988 2418 cum
1003 2390 1032 2417 iit
1044 2399 1106 2418 cum
1115 2389 1201 2418 limbo
1212 2389 1263 2418 five
1280 2388 1378 2417 annulo
1388 2397 1445 2427 pars
1455 2386 1522 2425 scapi
1535 2407 1542 2420 ‚
1561 2387 1588 2414 in
1603 2385 1724 2415 Tuscana

175 2430 206 2459 fit
217 2441 274 2469 pars
286 2431 361 2460 basis.
1470 2464 1473 2469 s

140 2471 171 2506 d]
193 2472 274 2500 Idem.
298 2472 415 2501 Subaudi
425 2483 486 2501 cum
497 2472 595 2501 annulo
603 2482 667 2500 uno.
690 2473 759 2501 Nam
771 2482 825 2499 non
836 2471 892 2510 plus
905 2482 956 2500 una
965 2471 1056 2513 regula
1065 2471 1138 2499 circa
1153 2471 1237 2500 imum
1247 2469 1373 2499 echinum
1385 2471 1411 2497 in
1431 2468 1482 2496 hoc
1491 2477 1588 2508 genere
1605 2467 1722 2496 circum-

174 2512 248 2553 cingi
259 2511 400 2544 solet,cum
411 2516 436 2541 in
448 2515 560 2548 Dorico,
572 2522 599 2541 ut
607 2512 680 2551 supra
691 2513 870 2543 dixiinu3‚tres
881 2509 975 2552 affingi
984 2513 1067 2540 moris
1078 2509 1289 2540 fuerit.Echinus
1301 2512 1337 2539 cst
1347 2511 1513 2539 lineamento
1521 2508 1642 2536 rotundat
1654 2516 1724 2535 cavae

176 2553 244 2581 lanei
254 2564 308 2581 non
317 2553 451 2585 abiimrlis,
463 2554 579 2593 plinthus
588 2554 743 2592 operculum
753 2552 831 2581 refert
842 2575 848 2585 ‚
863 2553 973 2581 annulus
984 2554 1065 2582 lancis
1076 2552 1170 2591 pedem
1181 2551 1355 2591 repraesentat.

142 2597 167 2629 e]
196 2594 281 2622 Idem.
301 2595 330 2623 ld
340 2596 385 2626 est,
394 2596 479 2623 trabes
489 2595 570 2635 tignis
579 2595 727 2630 conjunctis
740 2594 903 2632 compofiw,
915 2604 976 2633 quas
986 2604 1156 2633 euerganeas,
1165 2603 1193 2623 ut
1206 2594 1376 2631 interpretor,
1388 2599 1476 2621 vocat,
1487 2589 1532 2617 Iih.
1542 2600 1564 2622 ς.
1577 2599 1633 2626 cap.
1645 2598 1665 2617 ι.

136 2635 173 2672 f]
197 2635 278 2663 Idem.
303 2635 447 2664 Subscudes
458 2636 514 2664 sunt
525 2636 627 2664 tabellae
635 2637 739 2675 lignem.
751 2635 845 2673 quibus
856 2636 925 2663 inter
934 2636 957 2662 se
967 2635 1054 2662 trabes
1063 2637 1285 2675 compinguntur.
1296 2631 1485 2670 Etsecuriculu.
1505 2630 1595 2659 Nostri
1605 2630 1630 2658 id
1641 2639 1725 2670 genus

175 2676 307 2705 subscudis
318 2684 448 2705 tonenones
460 2681 484 2706 ἃ·
493 2677 576 2705 claves
587 2686 701 2705 vocant:
717 2675 859 2704 scribemus
869 2679 893 2704 ὃ(
904 2676 972 2703 aliud
982 2675 1028 2703 lib.
1038 2685 1063 2702 x.
1075 2685 1132 2713 cap.
1143 2687 1187 2705 xv.

140 2718 173 2753 g]
196 2717 279 2746 Idem.
299 2719 352 2745 Pro
362 2717 538 2746 concalefiunt
549 2718 660 2746 disiurn.
683 2718 732 2745 Sed
743 2715 926 2751 inhujusmodi
938 2717 1007 2743 vitu<
1019 2715 1353 2756 Vitruvioindulgendum.

146 2756 176 2792 h]
196 2758 280 2786 Idem.
300 2759 330 2787 Id
339 2759 375 2787 est
386 2769 466 2797 opere
474 2759 645 2787 caementario
652 2767 695 2786 aut
707 2757 838 2785 laterculis
847 2779 853 2790 ,
870 2757 896 2785 id
906 2758 976 2785 enim
989 2757 1120 2786 structurae
1132 2759 1241 2787 nomine
1251 2755 1423 2796 significatur,
1436 2755 1478 2784 vel
1487 2755 1562 2795 ligno
1573 2776 1579 2786 .
1591 2753 1662 2793 quod
1672 2762 1729 2781 rna-

180 2800 252 2826 teriae
261 2799 312 2828 five
325 2800 443 2828 materiei
453 2800 584 2828 vocabulo
594 2797 647 2826 fere
659 2799 829 2837 intelligitur.

148 2839 170 2872 i]
199 2839 280 2867 Idem.
304 2841 442 2869 Columen
454 2841 489 2868 est
498 2842 604 2880 tignum
615 2861 621 2872 ‚
634 2840 705 2878 quod
713 2839 846 2868 summum
859 2840 941 2868 totius
951 2840 1073 2868 culminis
1083 2838 1217 2880 fastigium
1227 2847 1342 2877 occupat
1353 2859 1360 2869 ‚
1378 2846 1407 2866 ut
1418 2836 1470 2876 sup.
1480 2847 1506 2865 c.
1516 2846 1547 2865 n.
1563 2836 1594 2864 de
1608 2837 1732 2866 Culinine

183 2881 207 2905 8<
217 2876 327 2920 fastigio.
350 2882 416 2910 Vide
427 2882 555 2910 Lexicon.

151 2919 178 2952 k]
201 2918 280 2947 Idem.
302 2922 366 2950 Hoc
378 2923 441 2951 loco
450 2923 550 2960 templa
559 2922 617 2951 sunt
626 2919 768 2950 affamenta
780 2943 786 2955 ,
805 2933 862 2960 quae
873 2921 1014 2950 transversa
1025 2922 1097 2962 snpra
1106 2921 1256 2951 cantherios
1270 2931 1421 2961 ponuntur,
1441 2919 1514 2958 supra
1525 2928 1584 2957 quae
1595 2918 1731 2945 collocan-

186 2966 229 2985 tur
237 2957 326 2989 afferes
338 2984 344 2993 ,
362 2964 405 3001 qui
418 2963 541 2991 videntur
551 2960 602 2991 effe
612 2972 736 3002 oportere
747 2961 880 2992 crassiores
896 2963 1089 3001 quamlatiorcs
1100 2985 1107 2996 ‚
1125 2962 1196 3000 quod
1207 2973 1301 2992 eorum
1316 2963 1476 3002 proiecturas
1485 2959 1683 2988 denticulorum
1694 2967 1734 2984 re-

185 2996 252 3066 {erre
262 3000 406 3042 imaginem
415 3004 512 3033 dixerit
524 3025 531 3039 ,
548 3003 750 3044 scribatquelib.
763 3014 786 3040 3·
802 3004 966 3034 denticulum
977 3014 1103 3044 oportere
1120 3003 1266 3034 altitudinis
1275 3004 1323 3034 suae
1342 3002 1478 3033 dimidiam
1493 2998 1734 3073 Ρεησωὴῆὺῗὲείη

198 3048 284 3068 fonte·
1685 3046 1739 3065 em·
