2023 3162
303 94 351 127 66
707 75 1557 121 M.V1-rnuv11P0tr1on1s

305 164 451 192 crarum
464 150 613 190 Dorico
635 160 742 187 more
754 147 1012 201 perfectiones.
1043 145 1162 181 Frons
1174 143 1259 182 aedis
1269 145 1421 182 Doricae
1440 145 1477 180 in
1498 144 1698 195 loco,quo
1713 145 1903 187 columnae

167 217 193 240 1⁷-
203 221 291 242 xxxii.
309 210 584 248 constituuntur
596 235 605 250 ,
625 208 681 252 [c]
702 204 900 246 dividatur,
914 200 939 237 fi
949 200 1156 248 tetrastylos
1167 201 1248 243 erit,
1264 201 1302 236 in
1312 210 1432 250 partes
1451 211 1472 236 x
1485 211 1505 235 x
1515 211 1558 237 vi
1573 212 1587 236 1
1601 213 1632 241 1,
1648 200 1672 238 fi
1685 200 1902 251 hexastylos,

310 265 335 289 ’Χ
346 279 369 304 x
385 280 404 303 i„
423 277 437 301 1
452 277 464 300 1
481 277 494 301 1
509 276 541 300 1.
560 274 603 299 ex
616 261 670 298 his
682 271 762 311 pars
773 269 844 296 una
855 258 922 295 erit
933 256 1122 300 modulus,
1135 258 1198 305 qui
1216 255 1349 293 Graece
1362 251 1511 304 ὲμζαίαης
1527 254 1677 301 dicitur,
1690 258 1796 302 cujus
1816 271 1903 296 mo-

306 322 382 359 duli
401 319 668 358 constitutione
684 315 893 353 rationibus
903 310 1119 349 efficiuntur
1137 313 1261 349 omnis
1273 312 1394 362 operis
1407 310 1690 349 distributiones.
1722 312 1903 352 Crassitu-

307 378 361 416 do
384 377 651 414 columnarum
673 372 740 408 erit
752 370 916 407 duorum
927 367 1174 405 modulorum
1187 396 1197 411 ‚
1218 367 1377 404 altitudo
1398 379 1484 404 cum
1496 368 1661 417 capitulo
1681 364 1764 404 xiv.
1788 369 1903 420 Capi-

306 435 373 472 tuli
390 429 591 469 crassitudo
613 427 722 464 unius
735 424 900 469 moduli,
919 423 1077 461 latitudo
1088 423 1252 459 duorum
1271 425 1309 460 &
1330 423 1476 460 moduli
1495 421 1599 460 sexta:
1610 424 1734 473 partis.
1766 424 1904 463 Craffi-

305 488 402 527 tudo
413 485 564 537 capituli
584 482 765 520 dividatur
778 483 816 518 in
836 490 957 531 partes
967 489 1057 518 tres,
1080 475 1101 514 ὲ
1121 479 1257 528 quibus
1275 490 1346 515 una
1359 477 1521 529 plinthus
1541 490 1629 516 cum
1641 480 1807 526 cymatio
1825 479 1903 526 fiat,

306 546 417 581 altera
436 540 515 586 [d]
534 537 688 576 echinus
705 550 794 575 cum
811 536 965 575 annulis,
987 536 1094 573 tertia
1114 534 1437 584 hypotrachelion.
1468 536 1543 581 [e]
1565 534 1819 572 Contrahatur
1838 548 1905 573 co-

308 601 436 636 lumna
453 598 502 633 ita
515 620 523 635 ‚
545 596 599 632 uti
615 595 652 631 in
673 595 786 631 tertio
800 593 897 631 libro
915 592 961 629 de
981 591 1120 629 Ionicis
1140 589 1190 626 cst
1202 589 1407 640 scriptum.
1439 590 1601 642 Epistylii
1619 591 1777 627 altitudo
1798 592 1905 629 unius

307 652 455 692 moduli
467 657 558 688 'cum
571 651 725 687 taenia&
739 650 870 699 guttis:
890 648 995 685 taenia
1012 646 1159 684 moduli
1169 646 1322 696 septima
1342 655 1531 695 guttarum
1543 647 1743 695 longitudo
1762 644 1825 682 sub
1842 656 1907 684 tae-

306 711 367 746 nia
386 716 517 745 contra
528 706 749 756 triglyphos,
760 705 832 741 alta
843 716 931 741 cum
940 704 1064 752 regula
1074 712 1177 754 parte
1188 701 1282 739 sexta
1293 702 1452 746 moduli,
1464 703 1708 752 praependcat.
1728 703 1822 739 ltem
1833 703 1906 752 epi-

306 764 398 813 stylii
418 762 577 800 latitudo
596 763 669 798 ima
687 759 905 812 respondeat
927 757 1213 809 hypotrachelio
1236 757 1388 795 summae
1409 758 1611 795 columnae.
1642 757 1762 807 Supra
1781 757 1908 808 episty-

310 821 404 856 lium
424 816 638 855 collocandi
658 815 739 854 sunt
758 814 931 865 triglyphi
953 826 1042 851 curn
1068 813 1137 850 suis
1159 814 1338 863 meropis,
1363 811 1439 862 [f]
1462 813 1525 850 alti
1547 815 1654 850 unius
1674 812 1709 849 ὃ(
1724 812 1906 850 dimidiati

311 875 480 917 moduli,
497 874 558 911 lati
578 875 614 910 in
626 873 748 910 fronte
760 874 870 909 unius
881 869 1047 907 moduli:
1067 871 1118 906 ita
1130 868 1251 908 divisi,
1277 879 1316 906 ut
1330 870 1366 905 in
1379 868 1612 919 angularibus
1632 869 1844 914 columnis,
1865 871 1904 907 &

311 933 349 968 in
369 930 515 974 mediis,
538 931 616 981 [g]
639 939 773 966 contra
794 936 966 964 tetrantes
987 925 1134 962 medios
1154 924 1224 961 fint
1243 926 1442 964 collocati,
1457 927 1495 962 ὃς
1515 921 1576 971 [h]
1601 924 1906 962 intercolumniis

309 986 458 1035 reliquis
469 984 565 1027 bini3
591 986 627 1021 in
638 984 767 1021 mediis
787 992 933 1033 pronao
952 983 988 1018 ὃς
1012 981 1158 1032 postico
1176 982 1290 1017 terni:
1312 981 1360 1017 ita
1381 981 1547 1017 relaxatis
1560 981 1689 1017 mediis
1710 981 1908 1020 intervallis
1928 1023 1931 1026 .

310 1042 385 1079 fine
404 1040 712 1092 impeditionibus
726 1069 735 1083 ,
757 1039 875 1075 aditus
895 1036 1158 1075 accedentibus
1176 1037 1244 1073 erit
1263 1035 1306 1073 ad
1326 1037 1499 1073 Deorum
1517 1035 1721 1074 simulacra.
1758 1036 1909 1086 Trigly-

173 1114 203 1137 ν.
218 1108 278 1137 alti.
310 1098 472 1150 phorum
491 1096 647 1135 latitudo
664 1095 846 1133 dividatur
862 1096 901 1130 in
920 1103 1038 1144 partes
1056 1091 1114 1131 sex
1127 1119 1135 1132 ,
1156 1105 1200 1130 ex
1219 1091 1355 1141 quibus
1373 1094 1537 1142 quinque
1557 1102 1676 1144 partes
1693 1094 1733 1129 in
1750 1093 1882 1130 medio
1896 1121 1907 1137 ‚

173 1150 240 1178 ΜΟ·
309 1155 388 1192 duae
406 1152 568 1191 dimidiae
590 1153 716 1190 dextra
734 1164 777 1190 ac
793 1150 926 1188 sinistra
947 1148 1196 1200 designentur:
1230 1148 1358 1196 regula
1374 1160 1449 1186 una
1469 1149 1507 1185 in
1526 1148 1656 1186 medio
1674 1148 1908 1186 deformetur

1784 1203 1908 1251 [zife-

311 1341 336 1374 c]
366 1338 450 1367 Idem.
471 1338 604 1378 Qamvis
621 1337 667 1366 hic
679 1337 873 1377 manuscriptos
885 1337 991 1366 codices
1009 1348 1071 1366 cum
1083 1338 1184 1366 excusis
1201 1338 1374 1366 convenerim
1386 1359 1393 1371 ,
1413 1337 1582 1367 scribendum
1599 1342 1688 1366 tamen
1699 1336 1762 1366 duxi
1773 1337 1912 1375 ‚sintra-

347 1379 422 1415 stylos
431 1381 487 1410 erit,
497 1383 523 1406 in
530 1387 617 1417 partes
636 1389 727 1407 xxvii
739 1378 931 1416 ,fihexastylos‚
945 1387 1017 1407 xrn.
1029 1381 1101 1408 Nam
1112 1379 1128 1406 fi
1136 1378 1210 1417 supra
1220 1379 1381 1419 lingularum
1403 1380 1588 1408 columnarum
1599 1386 1728 1406 tetrantes
1741 1378 1909 1410 collocentur

356 1420 453 1459 singuli
463 1419 605 1460 triglyphi,
619 1421 679 1448 &in
688 1420 796 1459 fingulis
807 1419 1021 1447 intercolumniis
1032 1419 1201 1460 angularibus
1213 1419 1344 1459 triglyphi
1354 1420 1407 1448 duo
1417 1423 1441 1448 δε
1460 1429 1577 1459 metopae
1591 1429 1642 1447 tres
1653 1439 1660 1451 ,
1680 1420 1706 1446 in
1717 1418 1841 1448 mediano
1851 1431 1910 1449 me-

354 1469 426 1499 topae
435 1469 548 1498 quatuor
569 1464 593 1488 &
605 1460 735 1500 triglyphi
746 1469 815 1489 tres:
833 1469 948 1498 metopae
955 1469 1045 1489 autem
1058 1456 1147 1489 craffae
1157 1461 1206 1488 lint
1218 1460 1358 1488 modulum
1369 1470 1451 1489 unum
1463 1465 1487 1489 8<
1499 1459 1639 1490 semissem,
1650 1458 1696 1498 ipfi
1706 1469 1770 1486 vero
1779 1461 1911 1501 triglyphi

353 1499 429 1529 craffi
439 1501 579 1529 modulum
589 1511 686 1529 unum:
705 1500 812 1536 adjectis
822 1501 930 1542 singulis
939 1502 964 1528 in
978 1502 1104 1529 extremis
1115 1501 1218 1541 angulis
1228 1501 1430 1539 semimetopiis,
1444 1511 1472 1530 ut
1485 1511 1574 1535 vocat,
1586 1501 1603 1529 fi
1612 1501 1682 1528 recte
1693 1498 1857 1538 supputabis,
1867 1512 1911 1530 re-

354 1541 438 1579 peries
449 1541 572 1569 modulos
585 1541 699 1569 omnino
708 1539 759 1569 effe
769 1541 854 1580 plures
867 1542 965 1581 viginti
977 1541 1076 1581 septem
1087 1563 1094 1574 ,
1112 1543 1130 1570 si
1141 1542 1291 1581 tetrastylos
1301 1544 1349 1571 erit
1360 1541 1434 1570 frons
1442 1543 1512 1570 aedis.
1537 1542 1621 1582 Qod
1632 1541 1649 1568 fi
1660 1537 1739 1568 fuerit
1751 1540 1910 1581 hexastylos,

351 1580 417 1610 fient
430 1582 531 1610 moduli
542 1591 618 1613 xtii,
629 1582 755 1610 addantur
765 1584 837 1610 enim
848 1585 982 1621 utrimque
990 1584 1060 1611 inter
1071 1583 1221 1611 medianum
1231 1583 1479 1615 intercolumnium,
1492 1588 1515 1612 8<
1526 1582 1669 1624 angularia,
1681 1581 1810 1620 triglyphi
1819 1591 1872 1611 tres
1882 1587 1911 1612 &

366 1631 481 1660 metopae
493 1630 546 1649 tres
557 1642 564 1655 ‚
573 1622 598 1649 id
607 1622 641 1650 est
653 1622 755 1650 moduli
765 1624 927 1661 quindecim.
947 1624 1090 1652 Modulum
1101 1624 1197 1662 accipit
1206 1634 1254 1662 pro
1265 1623 1392 1655 mensura,
1404 1634 1452 1662 qua
1463 1633 1548 1662 partes
1559 1632 1652 1652 omncs
1662 1622 1829 1652 dunt-tiendae
1840 1624 1910 1654 sunt.

359 1663 397 1690 Ea
408 1664 434 1690 in
443 1663 499 1691 aliis
510 1660 524 1690 a
535 1659 705 1691 crassitudine
715 1663 761 1690 imi
770 1663 839 1702 scapi
848 1663 990 1696 columnae,
1003 1664 1028 1691 in
1042 1665 1145 1692 Dorico
1154 1663 1273 1704 gencrea
1284 1664 1423 1704 triglypho
1433 1666 1543 1703 peritur.
1809 1688 1811 1690 .

311 1702 342 1737 d]
370 1703 452 1730 Idem.
476 1703 592 1731 Subaudi
602 1703 695 1732 tribus.
707 1713 767 1731 nam
778 1712 821 1731 tot
833 1704 1007 1733 animadverti
1016 1704 1075 1732 addi
1087 1705 1170 1733 veluti
1180 1704 1283 1744 regulas
1292 1704 1337 1732 sub
1347 1705 1442 1733 echino
1455 1706 1479 1733 in
1493 1707 1675 1745 Antiquorum
1687 1706 1811 1746 operibus
1822 1704 1909 1733 Dori-

350 1743 397 1774 cis,
410 1753 472 1771 cum
482 1743 554 1776 alibi,
567 1752 626 1771 tum
637 1745 662 1771 in
673 1743 780 1772 theatro
787 1745 920 1778 Marcelli,
929 1745 975 1773 ubi
983 1744 1061 1773 bodie
1072 1745 1238 1774 Sabellorum
1247 1745 1353 1773 domus.
1372 1747 1398 1772 in
1411 1746 1564 1774 Tuscanicis
1575 1757 1663 1775 auten-i
1674 1757 1757 1775 unum
1767 1745 1907 1774 annulum.

352 1785 417 1812 Non
427 1781 564 1811 defuerunt
585 1792 675 1811 tamen
685 1788 709 1812 δε
720 1795 752 1812 ex
761 1786 876 1824 antiquis
886 1806 893 1818 .
916 1786 961 1825 qui
973 1795 1022 1824 pro
1033 1786 1137 1814 annulis
1155 1787 1238 1814 tribus
1251 1787 1401 1824 cymatium
1420 1785 1588 1825 scalpserunr.
1612 1788 1696 1825 Qod
1707 1796 1792 1825 genus
1815 1786 1907 1815 viiitur

350 1824 379 1851 in
386 1822 596 1861 amphitheatro,
615 1824 687 1862 quod
697 1825 723 1852 iri
734 1825 820 1853 media
830 1825 895 1853 urbe
917 1828 958 1863 (ut
969 1824 1051 1854 refert
1064 1830 1208 1861 suetonius)
1221 1826 1387 1864 Vespasianus
1403 1827 1543 1854 aedificavit
1554 1830 1577 1854 S<
1597 1828 1675 1854 Titus
1684 1826 1752 1855 filius
1762 1825 1906 1855 dedicavit.

353 1863 385 1891 Id
396 1864 474 1891 hodie
485 1863 614 1899 Colisbum,
624 1864 694 1901 quali
710 1862 868 1894 Coloffeum
878 1865 948 1894 dicas
958 1886 964 1897 ‚
983 1866 1114 1904 appellant
1122 1887 1129 1899 ,
1141 1866 1156 1894 a
1171 1864 1284 1895 Colosso
1295 1867 1411 1895 Neronis
1422 1887 1429 1899 ,
1445 1868 1489 1905 qui
1499 1866 1567 1895 haud
1577 1867 1671 1905 procul
1681 1865 1743 1895 fuit.
1763 1867 1907 1896 Sciendum

355 1913 456 1936 autem,
469 1912 522 1931 tres
533 1904 642 1932 annulos
651 1914 704 1932 non
718 1902 768 1933 effe
779 1905 895 1940 ejusdem
903 1906 1101 1945 perpendiculi,
1109 1906 1151 1935 sed
1162 1908 1244 1935 veluti
1253 1905 1370 1934 fasciolas
1381 1908 1532 1945 prominere
1543 1928 1549 1940 ,
1570 1907 1720 1947 supremum
1730 1908 1815 1947 magis
1826 1917 1907 1947 quam

356 1945 509 1984 proximum
519 1965 525 1977 ,
545 1947 568 1972 &
581 1944 650 1972 hunc
660 1955 740 1983 quarn
752 1944 884 1973 infimum.

316 1987 345 2020 e]
378 1984 525 2012 Philander.
545 1987 636 2012 Tertia
646 1985 847 2023 hypotrachelion
855 1987 1025 2014 contrahatur
1034 1986 1157 2015 columna.
1169 1987 1226 2024 Qu·
1237 1988 1271 2015 ita
1280 1987 1432 2016 emendavit
1443 2009 1450 2020 ‚
1468 1987 1595 2027 deceptus
1604 1989 1639 2017 cst
1649 2010 1657 2021 ‚
1677 1989 1749 2028 quod
1760 1990 1839 2028 paulo
1849 1991 1906 2030 post

354 2025 575 2064 hypotrachelion
586 2025 695 2053 summa:
706 2027 838 2054 eolumnae
851 2028 983 2059 nominet,
995 2031 1018 2055 &
1031 2036 1089 2066 cap.
1098 2027 1189 2056 11.lib·
1201 2029 1290 2057 iir.de
1301 2030 1471 2056 contractura
1482 2028 1747 2067 hypotracheliorum
1757 2031 1826 2059 idest
1835 2031 1908 2060 sum-

355 2076 459 2093 marum
469 2066 655 2093 columnarum
666 2066 813 2095 tradiderit.
836 2069 901 2095 Sane
914 2067 1104 2096 advertendum
1114 2069 1159 2100 est,
1168 2070 1332 2098 Doricorum
1345 2074 1369 2097 St
1385 2068 1595 2097 Tuscanicorum
1605 2070 1784 2109 capitulorum
1801 2080 1906 2110 partem

354 2107 437 2133 imam
447 2106 530 2133 ctiam
540 2106 762 2145 hypotrachelion
770 2108 834 2139 dici,
847 2117 875 2136 ur
884 2108 1006 2146 liquctcx
1013 2118 1070 2148 cap.
1080 2118 1134 2137 vir.
1144 2109 1220 2144 hujus
1230 2109 1299 2137 libri.
1313 2115 1361 2137 Leo
1371 2110 1497 2137 Albertus
1508 2110 1608 2137 collum
1618 2119 1706 2138 vocat.
1731 2114 1765 2139 Vt
1777 2111 1906 2141 hocloco

352 2146 520 2175 scribendum
531 2144 621 2179 fuerit,
634 2150 713 2175 tertia
722 2148 932 2186 hypotrachelion,
941 2149 1045 2181 deinde,
1058 2150 1230 2177 contrahatur
1241 2150 1366 2180 columna,
1376 2150 1430 2184 &ir
1457 2150 1523 2178 lllud
1535 2159 1623 2178 tamen
1637 2151 1779 2180 tacendum
1791 2163 1845 2181 non
1858 2153 1905 2186 est,

353 2187 572 2220 animadversum,
583 2188 669 2216 minus
679 2188 802 2216 contrahi
812 2209 819 2219 .
830 2188 1015 2228 solidiorcsque
1026 2188 1077 2218 effe
1089 2190 1222 2218 Tuscanas
1234 2211 1240 2222 ,
1260 2201 1340 2230 quam
1349 2191 1460 2219 Doricas
1470 2192 1607 2219 columnas
1619 2213 1625 2224 ‚
1645 2196 1668 2220 δε
1679 2192 1724 2220 has
1734 2203 1813 2231 quam
1829 2194 1906 2221 loni-

351 2237 405 2258 cas,
417 2228 481 2255 licut
493 2229 597 2256 Ionicas
607 2239 686 2266 quarn
698 2228 851 2257 Corinthi-ts
864 2250 871 2261 ,
889 2233 913 2257 &
925 2229 963 2257 his
974 2231 1159 2268 Compofitas:
1173 2231 1258 2269 (quod
1269 2233 1351 2260 miror
1362 2230 1505 2271 neglexisse
1518 2253 1524 2264 ,
1536 2242 1580 2260 aut
1590 2235 1670 2261 etiam
1681 2243 1734 2260 non
1745 2230 1845 2264 vidisse,
1864 2231 1905 2261 fe-

354 2268 497 2296 nestrarum
506 2268 594 2306 palatii
606 2270 787 2298 Farneliorum
800 2269 987 2299 Architectum
997 2281 1003 2298 τ
1015 2272 1026 2305 )
1039 2271 1216 2310 quamobrem
1226 2272 1244 2299 fi
1256 2273 1280 2299 in
1292 2273 1450 2304 extruendO,
1463 2273 1581 2311 pluribus
1593 2273 1837 2301 columnationibus
1848 2282 1905 2301 erat

353 2308 483 2336 utendum
496 2330 502 2339 .
519 2308 652 2337 solidiores
663 2310 848 2349 gracilioribus
859 2309 966 2340 substrui
978 2310 1083 2340 solitas:
1101 2321 1221 2352 quartam
1229 2312 1314 2341 sedem
1328 2313 1409 2351 planis
1420 2313 1555 2342 columnis
1566 2310 1617 2342 ess'c
1625 2313 1730 2341 datam:
1751 2313 1840 2342 adliaec
1852 2314 1906 2353 hy-

353 2348 516 2387 potrachelia
529 2350 627 2377 Dorica
638 2351 702 2378 alios
710 2361 774 2389 pura
783 2349 914 2390 reliquiffe
926 2373 933 2385 ,
952 2352 1016 2380 alios
1024 2352 1102 2385 rosas,
1115 2362 1159 2381 aut
1171 2353 1276 2381 acanthi
1288 2351 1351 2381 folia
1361 2350 1496 2392 scalpliffe.

305 2390 341 2426 s]
374 2390 457 2417 Idem.
481 2391 724 2418 Grammaticorum
737 2392 873 2430 praeceptis
884 2392 1025 2421 dicendum
1036 2414 1042 2424 ,
1060 2393 1199 2422 altianum
1210 2390 1242 2424 ὅ
1253 2394 1419 2421 dimidiatum
1438 2394 1586 2425 modulum.
1604 2394 1653 2421 lati
1661 2404 1749 2422 unum.
1773 2394 1828 2433 lpse
1839 2404 1904 2423 vero

354 2430 491 2458 Viri-uvius
502 2429 603 2458 securus
615 2430 759 2459 istiusmodi
771 2442 858 2460 rerum
870 2453 876 2465 ,
894 2432 970 2460 iimili
980 2434 1084 2462 dicendi
1095 2444 1193 2474 genere
1211 2435 1295 2462 utitur
1312 2434 1357 2462 lib.
1368 2445 1391 2462 v.
1404 2444 1460 2473 cap.
1473 2445 1497 2462 x.
1510 2436 1555 2463 lib.
1566 2445 1634 2464 v111.
1647 2445 1702 2473 cap.
1717 2445 1771 2463 vri.
1783 2439 1807 2464 δε
1820 2435 1865 2463 lib.
1876 2446 1901 2463 x.

354 2480 412 2508 cap.
422 2481 480 2498 xiv.
490 2481 533 2498 xv.
543 2474 566 2499 ὅ(
578 2480 637 2498 xxx.
659 2473 735 2511 Qin
747 2476 771 2500 ὅ(
782 2472 932 2501 Columella
950 2472 1036 2502 lib.de
1046 2474 1163 2503 arborib.
1173 2484 1230 2513 cap.
1239 2486 1265 2502 v.
1285 2485 1318 2502 eo
1328 2484 1425 2514 genere
1444 2476 1549 2504 dicendi
1568 2475 1624 2504 usus
1635 2476 1679 2503 est.
1701 2476 1750 2504 Sed
1763 2480 1787 2505 &
1807 2480 1906 2504 Varro-

356 2521 418 2539 nem
428 2512 553 2539 annotavi
564 2511 630 2550 apud
649 2512 715 2540 Plin.
726 2512 771 2540 lib.
780 2523 873 2541 xxxvr.
884 2523 941 2552 cap.
952 2511 1267 2544 >tiu-nonabliorru1ffe.
1289 2517 1349 2543 lmo
1360 2518 1384 2543 8<
1396 2512 1447 2554 ipse
1459 2516 1525 2544 Plin.
1535 2517 1629 2545 eodem
1641 2516 1689 2545 lib.
1701 2519 1794 2550 utitur,
1811 2517 1843 2546 de
1855 2526 1904 2545 co-

356 2551 452 2580 lumnis
463 2562 521 2590 qua:
532 2549 635 2580 fuerant
647 2554 672 2580 in
682 2553 768 2580 domo
780 2550 864 2581 Crassi
874 2554 996 2591 loquens.

310 2593 345 2627 g]
373 2593 456 2620 Idem.
480 2593 510 2620 ld
521 2593 565 2624 est.
577 2592 656 2621 divisa
665 2592 837 2632 scapisummi
854 2593 1055 2624 craffitudinein
1066 2606 1151 2636 partes
1163 2607 1292 2635 quatuor,
1303 2598 1337 2626 ita
1349 2597 1559 2638 triglypliisupra
1578 2599 1714 2627 columnas
1724 2598 1903 2631 collocentur,

346 2642 373 2660 ur
384 2642 467 2670 partes
478 2634 575 2661 medias
586 2633 648 2662 duas
659 2644 792 2673 occupent
804 2656 811 2668 ,
821 2636 917 2664 relistis
928 2638 1062 2676 utrimque
1080 2638 1201 2677 lingulis:
1226 2641 1252 2666 in
1263 2640 1386 2667 extremis
1396 2648 1486 2667 tamen
1503 2647 1608 2666 tantum
1617 2640 1700 2669 deest,
1719 2647 1848 2677 quantum
1859 2638 1902 2666 su-

346 2683 451 2710 peratur
462 2673 550 2712 scapus
563 2674 605 2702 hic
616 2675 719 2705 abimo‚
729 2676 773 2713 qui
785 2673 879 2704 crassus
890 2677 925 2704 cst
936 2677 1000 2705 duos
1013 2678 1144 2711 modulos,
1157 2690 1219 2708 cum
1230 2681 1278 2708 {int
1289 2679 1417 2719 triglyphi
1429 2689 1511 2708 unum
1523 2679 1713 2707 tantummodo
1722 2675 1795 2706 crassi
1806 2679 1903 2707 modu-

348 2714 414 2741 lum.
438 2714 616 2743 Contrahitur
626 2715 814 2745 verosummus·
824 2716 913 2755 scapus
926 2738 932 2750 ,
954 2720 1167 2757 ntiscriptumcst
1185 2720 1230 2748 lib.
1244 2731 1291 2749 111.
1303 2730 1359 2758 cap.
1371 2731 1404 2748 ir.
1426 2722 1541 2748 Locatus
1553 2721 1641 2759 itaque
1657 2718 1809 2759 triglyphus
1826 2719 1903 2760 super

347 2754 413 2782 duos
424 2755 525 2782 medios
535 2764 664 2785 tetrantes
676 2778 682 2787 ,
701 2754 803 2785 necesse
812 2759 847 2785 est
858 2767 971 2797 occuper
983 2760 1128 2797 pauxillum
1139 2761 1205 2798 plus,
1216 2771 1295 2799 quam
1305 2762 1397 2788 dextra
1405 2770 1484 2799 atque
1497 2761 1593 2788 iinistra
1603 2760 1775 2798 relinquatur.

315 2794 348 2829 h]
370 2794 452 2822 Idem.
475 2797 717 2826 Iiitercolumnium
732 2795 890 2830 nominavit,
902 2799 973 2837 quod
985 2800 1176 2840 lignificantius
1187 2806 1210 2830 8(
1220 2798 1326 2830 fortasse
1338 2803 1422 2830 verius
1431 2800 1670 2839 μεῖςιξιῖῖμγλυφίω
1680 2799 1903 2837 velpesCo'lg-fssiu-

351 2835 461 2872 <pi'0i‚aut
471 2844 499 2863 ut
512 2838 635 2866 Latinum
646 2837 1037 2880 firigamus,intertriglyphium
1048 2845 1265 2871 vocaretur-Non
1274 2843 1345 2870 enim
1356 2853 1404 2881 pro
1413 2841 1579 2881 spatio.qu0d
1590 2841 1702 2868 estintet
1712 2841 1781 2868 imos
1789 2840 1902 2869 duarum

347 2876 536 2904 columnarum
547 2876 651 2914 scapos,
672 2888 700 2906 ut
712 2879 774 2907 alibi
784 2901 792 2910 .
811 2881 848 2913 ita
859 2879 984 2908 hocloco
993 2882 1195 2920 accipiendum:
1212 2882 1253 2911 sed
1262 2892 1391 2921 quantum
1408 2884 1443 2911 est
1454 2882 1563 2921 epistylii
1574 2879 1588 2909 a
1598 2880 1737 2921 triglypho
1747 2902 1753 2910 .
1771 2882 1816 2919 qui
1826 2881 1902 2920 super

347 2916 502 2945 columnam
511 2917 546 2944 est
557 2937 563 2948 ‚
583 2919 615 2946 ad
625 2919 706 2946 alium
720 2941 726 2950 ,
743 2921 786 2958 qui
797 2919 872 2958 super
883 2923 1033 2959 proximam
1049 2923 1085 2951 est
1097 2923 1252 2951 collocatus.
1275 2925 1387 2954 Distum
1404 2924 1441 2953 est
1451 2931 1540 2952 auten-i
1559 2921 1797 2950 intercolumnium
1807 2943 1815 2957 ,
1835 2922 1901 2950 ficut

345 2956 541 2994 interscalmium
552 2956 598 2986 lib.
614 2969 633 2988 i.
644 2961 819 2989 interveniam
829 2960 909 2990 lib.2.
919 2965 944 2991 ὃς
957 2966 980 2991 8.
999 2965 1177 3001 intertignium
1185 2964 1232 2993 lib.
1245 2973 1284 2993 iv.
1831 3001 1847 3031 d

1781 3004 1828 3039 η]
1850 3011 1902 3032 cm.
