2023 3162
629 75 1238 116 Panssscvnna.
1689 92 1738 132 25

145 158 226 199 quae
245 147 423 196 imagines
441 156 521 184 non
539 143 678 184 habent
690 174 700 190 ‚
718 143 944 183 nobilissima
954 142 1175 182 estimitatio
1193 143 1390 183 marmoris
1402 173 1412 191 ‚
1431 146 1470 185 ἃ
1489 144 1737 190 architeecurae

144 203 269 256 ipfius,
282 213 321 240 ut
339 202 540 245 fornicum,
551 203 815 239 columnarum
825 203 863 238 δε
876 199 1061 237 similium.

205 261 404 311 Qautum
425 258 469 296 ad
487 258 702 296 interiorem
725 258 904 309 parietum
926 266 1070 306 partem
1084 284 1094 299 ‚
1113 255 1216 293 aliud
1235 256 1392 294 nascitur
1414 256 1569 296 dubium
1581 288 1592 304 ‚
1614 270 1735 300 utrum

146 314 286 365 pisiura
297 310 464 365 Grotesca‚
476 323 516 350 ut
528 313 627 352 Itali,
647 322 708 350 aut
721 315 889 363 Antique,
899 321 940 348 ut
952 322 1022 348 nos
1035 322 1214 349 vocamus
1226 338 1234 352 ,
1260 312 1302 349 sit
1312 314 1523 364 recipienda
1535 341 1544 354 ‚
1565 317 1732 355 adversus

145 366 344 420 cxprcll'am
356 369 615 406 austoritatem
626 369 784 404 Vitruvii
793 367 855 405 lib.
871 380 904 409 7.
916 378 994 417 cap.
1010 378 1043 410 5.
1074 366 1166 414 Ubi3
1180 368 1322 405 Pic‘t'ura
1332 397 1343 414 ,
1353 370 1473 418 inquit
1483 399 1493 415 ‚
1502 369 1551 420 fit
1561 372 1633 419 ejus
1643 370 1736 423 quod

145 427 217 470 eff,
229 423 294 475 scu
304 420 366 475 cffi‘
379 426 509 476 potest&
533 423 734 462 excludens
752 422 923 473 perhanc
943 421 1103 461 severam
1120 422 1383 462 definitionem
1402 437 1534 463 ornnes
1551 427 1733 477 imagines

147 480 375 530 compositas
388 477 408 515 ὲ
421 479 566 517 diversis
587 481 722 516 naturis
733 488 794 516 aut
803 477 946 516 sexibus
958 507 968 523 ‚
987 479 1037 515 ita
1048 487 1089 515 ut
1099 478 1243 516 Sirenes
1258 479 1295 517 ὃς
1317 481 1529 519 Centauros
1540 481 1735 521 abdicarit.

147 538 291 574 Verum
303 536 362 572 hic
374 535 394 571 ὲ
414 535 594 584 Magistro
606 535 714 572 nobis
724 533 937 571 abeundum
948 558 956 572 ‚
976 532 1173 583 praesertim
1183 534 1362 583 loquente
1377 547 1477 575 extra
1489 538 1587 575 suam
1600 538 1735 587 profes,

147 590 289 630 sionem
303 620 312 635 ,
333 590 368 627 &
389 590 625 628 concedente
643 589 844 640 pietoribus
868 589 950 638 (qui
970 587 1110 641 semper
1129 588 1230 626 haud
1249 593 1373 628 minus
1393 593 1567 630 illimitati
1584 592 1734 632 fuerunt

145 659 260 696 quam
273 647 414 691 Poetae)
425 645 1082 696 angustioreslimitesimaginationis
1095 674 1105 689 ‚
1123 657 1237 694 quam
1250 648 1307 683 vel
1319 647 1401 697 ipsis
1414 647 1630 698 gravissimis
1649 650 1734 687 Phi-

146 702 329 753 losophis,
352 704 417 751 qui
435 701 621 739 interdum
640 711 793 738 utuntur
812 700 1007 739 instantiis,
1028 712 1109 738 non
1129 700 1364 740 existentibus
1383 704 1419 739 in
1432 705 1592 743 Natura,
1615 708 1668 743 uti
1678 708 1734 745 vi-

147 759 276 795 demus
298 759 334 793 in
355 756 623 807 Amphilbaena
641 757 802 793 Platonis
814 785 824 800 ,
846 759 884 794 ὅ(
904 755 1115 794 Aristotelis
1134 756 1383 795 Hircocetvo.
1417 759 1462 796 Et
1474 758 1553 796 sane
1577 767 1642 805 (ut
1653 773 1734 799 rem

146 814 459 853 determinemus)
475 813 563 862 quid
573 822 648 850 erat
660 813 900 849 communius
912 811 950 848 δε
961 811 1170 849 familiarius
1184 812 1280 862 apud
1290 814 1386 864 ipsos
1397 815 1600 853 Romanos
1613 828 1733 865 quam

144 869 258 907 statua
270 869 459 908 Termini,
481 870 586 906 unius
598 867 761 919 ipsorum
772 868 993 906 numinum?
1015 880 1095 918 quae
1107 867 1133 905 fi
1147 868 1241 905 bene
1263 869 1556 914 confideremus,
1575 872 1624 908 est
1638 873 1734 909 Gro-

146 925 248 963 tescae
258 936 362 974 opus.
396 925 551 976 Propter
563 924 624 962 has
637 926 800 963 rationes
811 925 932 962 nolim
942 925 1099 975 inopem
1110 924 1262 963 reddere
1279 926 1374 964 hanc
1385 937 1499 964 artem
1511 955 1520 970 ‚
1532 928 1619 965 licet
1629 939 1733 977 opta-

145 982 216 1018 rim
227 979 453 1025 ejuscemodi
471 980 753 1018 emblematicas
774 980 929 1032 pisturas
948 980 1111 1031 restringi
1122 980 1168 1017 ad
1180 992 1401 1019 ornamenta
1421 981 1679 1033 zophororum
1692 985 1732 1021 ἃ

145 1037 355 1074 Scotiarum
368 1063 375 1076 ,
389 1046 429 1073 ut
440 1035 596 1087 ipsarum
609 1037 802 1087 proprium
813 1037 958 1075 locum.
993 1037 1192 1088 Qantum
1205 1037 1250 1074 ad
1262 1037 1435 1075 historica
1446 1049 1560 1088 opera
1571 1039 1609 1074 in
1621 1040 1733 1088 parie-

145 1091 251 1132 tibus,
263 1092 525 1130 dubitoClima
535 1093 700 1129 nostrum
711 1094 820 1130 nimis
832 1092 901 1130 effe
912 1091 1114 1130 humidum
1124 1092 1168 1129 ad
1180 1093 1281 1130 hunc
1292 1105 1481 1132 ornatum.
1492 1095 1616 1147 Qare
1628 1095 1735 1130 telin-

144 1159 260 1197 quens
281 1147 353 1185 hoc
372 1148 590 1186 habitatoris
613 1148 832 1198 prudentiae,
847 1147 1054 1186 secundum
1073 1148 1149 1185 loci
1166 1150 1406 1197 qualitatem:
1430 1159 1580 1187 tantum
1599 1148 1734 1186 addam

143 1215 255 1242 unam
266 1215 377 1252 atque
389 1205 540 1242 alteram
556 1205 774 1242 cautionem
788 1233 798 1249 ,
823 1205 920 1241 circa
929 1202 1208 1253 dispositionem
1230 1206 1454 1255 pielurarum
1467 1206 1629 1242 interius.
1660 1205 1736 1241 Pria

144 1270 232 1297 mo,
256 1271 302 1297 ne
314 1260 433 1297 ullum
443 1261 624 1297 conclave
636 1261 746 1297 nimis
758 1260 884 1297 multis
895 1271 1071 1297 oneretur
1079 1277 1089 1309 3
1110 1258 1196 1297 ess'et
1205 1261 1304 1298 enim
1320 1259 1477 1297 excessus
1488 1270 1736 1298 ornamentoo

144 1326 230 1351 rum
244 1340 249 1353 ‚
271 1326 513 1365 praeterquam
524 1315 550 1353 si
562 1315 698 1353 fuerint
709 1315 887 1367 peristylia
897 1326 962 1353 aut
972 1315 1243 1366 pinacothecae.
1264 1316 1454 1355 Secundo,
1472 1326 1513 1353 ut
1522 1317 1674 1366 optimae
1684 1316 1738 1366 pi,

146 1370 255 1407 &urm
267 1371 503 1408 collocentur
513 1383 594 1409 non
604 1371 667 1409 ubi
680 1373 844 1408 minores
856 1370 876 1407 s
870 1371 914 1409 ed
926 1372 988 1409 ubi
1001 1373 1193 1423 pauciores
1211 1370 1293 1410 sunt
1304 1371 1481 1409 fenestrae:
1507 1381 1735 1423 quapropter

143 1426 335 1463 conclavia
359 1456 369 1471 ,
399 1438 478 1465 non
511 1438 659 1465 tantum
682 1427 728 1465 ab
756 1426 1033 1478 utraque‘parte
1054 1426 1242 1465 fenestrata
1254 1458 1264 1474 ‚
1286 1434 1303 1473 (
1312 1440 1395 1477 quae
1413 1439 1485 1465 nos
1504 1428 1735 1478 appellamus

142 1477 447 1534 tlaroug-laghted)
470 1481 528 1520 sed
551 1483 587 1519 δε
599 1494 682 1533 quae
699 1483 786 1521 duas
797 1494 860 1520 aut
879 1485 999 1534 plures
1011 1483 1149 1521 habent
1167 1483 1339 1521 fenestras
1359 1482 1405 1520 ad
1415 1483 1515 1521 idem
1526 1484 1622 1521 latus
1634 1507 1642 1521 ‚
1665 1482 1734 1520 arti

143 1536 401 1575 suntinimiea:
423 1549 643 1587 certumque
656 1538 718 1583 est,
735 1540 879 1577 nullam
900 1539 1082 1590 pisturam
1104 1539 1218 1577 videri
1236 1541 1274 1577 in
1294 1539 1403 1590 plena
1420 1538 1652 1589 perfeffione
1674 1544 1733 1583 (ut

144 1595 266 1630 omnis
279 1604 403 1631 natura
414 1593 462 1630 est
481 1596 704 1635 illuminata)
719 1606 836 1643 quam
850 1594 1019 1644 singulari
1038 1596 1191 1633 lumine.
1223 1596 1372 1632 Tertio,
1386 1596 1473 1631 utin
1493 1592 1731 1643 dispositione

142 1650 237 1686 ratio
248 1649 441 1688 habeatnr,
464 1651 665 1698 quomodo
678 1651 798 1699 pistor
816 1650 950 1688 steterit
965 1652 1001 1687 in
1021 1650 1212 1701 pingendo
1225 1679 1235 1694 ‚
1257 1649 1578 1698 quodintelligens
1596 1649 1732 1684 oculus

142 1703 250 1741 facile
271 1705 541 1755 deprehendet,
559 1707 596 1743 &
615 1705 750 1755 positio
765 1706 826 1741 illa
839 1706 890 1742 est
908 1707 1071 1743 maxime
1091 1706 1282 1753 naturalis3
1307 1706 1357 1741 ita
1367 1713 1408 1741 ut
1427 1705 1560 1740 Italicae
1582 1702 1730 1751 pidinrae

140 1761 274 1797 melius
285 1772 328 1810 ap
333 1771 482 1809 pareant
493 1763 528 1797 in
541 1761 711 1797 conclavi
733 1762 838 1805 cujus
851 1759 1012 1798 fenestrae
1025 1759 1102 1798 sunt
1116 1760 1284 1807 altiores5
1312 1760 1399 1807 quia
1410 1758 1664 1795 communiter
1677 1757 1731 1796 fa-

141 1815 204 1853 sta:
217 1814 355 1853 suntad
374 1815 442 1853 des
437 1816 596 1854 cendens
607 1816 754 1856 lumen,
771 1814 877 1864 quod
887 1825 1017 1867 praeter
1034 1825 1167 1852 caetera
1186 1815 1388 1852 hominum
1404 1813 1526 1852 vultus
1544 1811 1730 1851 verissime

145 1872 326 1922 exprimit.

199 1927 373 1978 Denique
384 1958 394 1974 ‚
404 1939 444 1966 ut
455 1928 625 1968 decenter
635 1928 892 1967 distribuantur
902 1938 978 1966 tam
989 1928 1010 1965 s
1003 1926 1193 1966 ecundum
1204 1927 1433 1977 qualitatem,
1446 1937 1558 1976 quam
1568 1924 1730 1964 venusta-⁹

142 1992 240 2021 tem:
262 1984 299 2022 id
309 1984 359 2022 est
370 2011 379 2025 ‚
401 1998 458 2023 am
465 1998 560 2023 oenae
570 1986 717 2038 piCturae
734 1986 771 2022 in
783 1985 947 2023 tricliniis
959 1987 996 2022 ὃ(
1009 1983 1306 2034 coenationibus5
1327 1983 1512 2033 graviores
1524 1981 1680 2020 historiae
1690 1983 1729 2018 in

141 2040 371 2089 porticibus5
393 2042 592 2090 regionum
611 2041 900 2092 descriptiones,
919 2040 956 2078 &
979 2039 1082 2089 sylvae
1095 2069 1106 2087 ‚
1127 2042 1165 2078 ὃ(
1184 2038 1407 2087 ejuscemodi
1423 2037 1599 2086 sylvestria
1611 2048 1728 2088 opera

141 2096 179 2131 in
193 2093 388 2144 hypaethris
399 2097 435 2133 δι
447 2096 626 2135 similibus
637 2098 743 2135 locis.

197 2150 323 2197 Atque
343 2151 420 2189 haec
433 2152 477 2189 de
489 2153 631 2204 pic‘t'ura
643 2183 651 2197 ‚
664 2164 744 2202 quae
757 2153 865 2190 liceat
876 2152 1103 2190 concludere
1115 2151 1183 2189 hac
1195 2150 1455 2189 observatione
1469 2161 1475 2183 :
1496 2148 1582 2185 licet
1593 2158 1729 2197 praece-

144 2203 232 2241 dens
241 2204 416 2243 deductio
434 2219 515 2245 mea
525 2207 620 2245 forte
630 2208 795 2246 sufficere
805 2207 919 2258 possit
934 2208 979 2246 ad
991 2207 1208 2244 ducendum
1219 2209 1256 2243 in
1274 2203 1534 2242 rationabilem
1546 2203 1728 2240 delei-stum

141 2260 370 2304 ejuscemodi
391 2261 750 2300 delectamentorum
764 2291 774 2306 ,
796 2275 911 2299 nemo
920 2274 1045 2300 tamen
1066 2262 1182 2312 speret
1199 2261 1232 2297 se
1244 2272 1307 2309 per
1326 2260 1584 2310 speculativam
1604 2259 1726 2296 erudi-

141 2317 284 2353 tionem
296 2315 496 2355 discernere
506 2316 606 2367 poffe
619 2317 840 2366 magistrales
859 2319 897 2354 ὅ(
910 2317 1083 2365 mysticos
1094 2317 1223 2354 duetus
1239 2315 1597 2364 huiusArtis‚p1-aetct
1610 2313 1729 2364 ip'iim

141 2371 343 2420 artificem3
369 2375 432 2410 cui
441 2374 682 2422 praerogativa
707 2372 784 2409 haec
795 2372 1038 2421 relinquenda
1056 2371 1105 2409 est
1118 2371 1308 2418 judicandi
1322 2370 1368 2407 de
1387 2370 1508 2406 modo
1531 2372 1568 2407 δε
1591 2381 1723 2420 opera3

142 2425 248 2463 ficuti
266 2428 337 2477 ipse
348 2430 495 2475 cogitur
507 2427 715 2465 concedere
727 2429 916 2476 licentiam
928 2428 1005 2464 aliis
1017 2428 1054 2464 in
1068 2426 1307 2477 quibusdam,
1323 2424 1480 2464 fortassis
1493 2424 1536 2462 ha
1543 2425 1592 2461 ud
1607 2426 1729 2462 mino-

141 2483 189 2520 ris
200 2486 388 2521 momenti
396 2504 407 2531 3
428 2484 591 2534 exempli
600 2485 733 2533 gratia,
754 2493 879 2520 utrum
890 2482 1038 2520 historia
1057 2484 1153 2520 bene
1163 2481 1453 2533 repraesentetur,
1477 2493 1521 2517 an
1535 2480 1728 2528 ‘imagines

142 2550 228 2576 vere
240 2549 348 2588 agant
362 2568 372 2582 ‚
392 2538 551 2588 personae
566 2540 703 2577 amidiae
723 2537 790 2576 fint
801 2538 1002 2576 secundum
1022 2538 1099 2576 suas
1109 2540 1302 2589 qualitates
1312 2566 1322 2583 ‚
1344 2550 1390 2576 an
1400 2533 1548 2574 affee‘mS
1558 2535 1627 2573 sint
1639 2547 1728 2587 pro-

141 2593 262 2644 prii&
276 2594 426 2639 robusti,
445 2597 482 2632 &
496 2595 633 2632 fimilia.

198 2649 310 2687 Nunc
320 2650 446 2698 quoad
459 2649 693 2702 sculpturam,
707 2649 931 2688 ordiendum
943 2648 1070 2687 itidem
1083 2648 1104 2686 ὲ
1117 2647 1380 2692 controversia,
1391 2656 1432 2683 ut
1443 2654 1538 2684 ante,
1556 2653 1661 2697 (quae
1672 2659 1729 2685 εε-

143 2703 196 2742 dit
205 2705 243 2742 in
256 2705 355 2742 hunc
368 2706 531 2746 locum)
554 2705 616 2742 nisi
630 2707 738 2743 liceat
749 2717 886 2742 vocare
898 2706 1219 2754 imaginationem,
1234 2704 1393 2741 fortuito
1403 2701 1607 2753 susceptam
1618 2702 1637 2738 a
1649 2701 1728 2739 Pal-

141 2757 253 2796 ladio:
271 2763 433 2809 quicum
443 2760 660 2798 observasset
672 2763 709 2798 in
719 2773 799 2798 uno
811 2770 921 2809 atque
932 2761 1048 2798 altero
1060 2761 1217 2809 antiquo
1238 2759 1345 2796 Arcu
1359 2758 1519 2795 Veronae
1532 2787 1542 2802 ‚
1554 2757 1728 2807 quasdam

146 2824 264 2864 partes
276 2819 435 2854 materiae
445 2819 518 2863 jam
529 2815 687 2867 sculptas
698 2818 736 2853 in
753 2817 867 2853 varias
876 2815 1026 2865 figuras,
1043 2818 1080 2853 &
1098 2814 1272 2864 quasdam
1282 2814 1388 2851 rudes
1399 2842 1409 2858 ‚
1420 2814 1611 2850 concludit
1624 2842 1634 2857 ‚
1654 2812 1727 2859 (se-

148 2871 312 2909 cundum
321 2872 342 2909 s
337 2885 423 2911 uam
437 2874 644 2923 Logicam)
665 2872 859 2921 Antiquos
869 2872 1094 2908 exteriorem
1105 2870 1241 2907 faciem
1255 2881 1498 2913 marmorum,
1517 2871 1554 2907 δε
1566 2870 1727 2905 aliorum

147 2923 310 2975 lapidum
329 2930 566 2975 nativorum,
588 2940 669 2967 non
687 2926 864 2980 sculpsisse
883 2936 969 2966 ante
987 2938 1101 2976 quam
1122 2936 1383 2977 coagmentata
1402 2923 1512 2975 essent
1529 2927 1567 2963 in
1588 2934 1727 3015 colr-pus

1068 2985 1090 3019 *l*
1103 2981 1126 3020 d
1652 2986 1726 3015 'trn³
