2023 3162
0 0 491 21 ψ’

444 142 512 173 DE
559 129 1067 170 Ancum-rervm
1123 129 1344 170 L113.VI.
1630 146 1705 181 109

121 202 310 241 tribuatur.
340 198 374 236 Si
387 199 455 236 erit
464 200 510 236 ab
520 197 674 249 pedibus
684 198 844 247 triginta,
857 197 903 235 ad
913 198 1164 248 quadraginta,
1181 211 1226 236 ex
1246 200 1326 236 atrii
1343 198 1537 237 latitudine
1558 200 1704 240 tablino

120 257 318 296 dimidium
330 255 529 292 tribuatur.
560 255 661 292 Cum
671 263 797 291 autem
808 254 852 290 ab
864 254 1104 304 quadraginta
1114 255 1159 292 ad
1169 254 1353 305 sexaginta
1365 280 1373 293 ‚
1396 256 1556 294 latitudo
1569 257 1704 296 divida-

119 325 179 352 tur
190 315 225 349 in
235 322 353 363 partes
366 312 534 360 quinque
546 339 556 354 ‚
576 310 613 346 ἃ
623 321 667 346 ex
678 309 732 346 his
744 309 823 346 duae
835 309 978 347 tablino
990 312 1286 348 contribuantur.
1318 311 1412 348 Non
1424 313 1526 349 enim
1537 314 1625 349 atria
1636 315 1703 349 mi-
1715 307 1766 351 ,ΑΚ
1775 312 1834 353 '⁷1³'

1725 354 1768 371 Ora
1785 357 1803 372 a

119 381 213 407 nora
224 380 312 405 cum
334 366 536 411 majoribus
557 365 700 402 easdem
720 363 864 416 possunt
884 365 1015 402 habere
1032 366 1330 415 symmetriarum
1349 368 1526 404 rationes.
1557 368 1594 404 Si
1606 354 1819 412 enimsmffmri-

119 428 176 471 [e]
191 425 378 470 majorum
388 422 605 470 symmetriis
616 431 766 458 utemur
774 422 810 457 in
823 422 1043 460 minoribus,
1057 433 1176 472 neque
1188 422 1339 464 tablina,
1352 435 1477 473 neque
1487 425 1564 462 alx,
1572 425 1705 461 utilita-
1715 424 1771 453 bm-

121 490 202 518 tem
212 488 386 530 poterunt
397 476 546 514 habere:
565 476 618 513 sin
628 487 753 515 autem
768 478 958 514 minorum
969 479 1005 514 in
1018 478 1222 522 majoribus
1232 489 1381 516 utemur
1392 508 1402 524 ‚
1420 479 1517 517 vasta
1527 479 1563 516 δε
1574 481 1708 517 ἰιῃιῃε,

121 540 182 574 nia
193 537 232 572 in
242 535 297 572 his
315 545 357 571 ea
367 542 473 570 erunt
491 532 669 570 membra.
699 534 826 580 Itaque
835 534 1037 582 generatim
1058 534 1360 582 magnitudinum
1376 537 1536 572 rationes
1548 534 1708 584 exquisi-

122 604 176 631 tas
198 594 235 629 δε
249 587 442 628 utilitati&
453 587 607 638 aspee‘tui
619 588 900 625 conscribendas
921 590 1054 639 putavi.
1084 588 1258 626 Altitudo
1271 590 1398 628 tablini
1417 591 1462 627 ad
1481 590 1626 628 trabem
1645 591 1709 628 ad-

125 648 216 695 jetra
225 645 424 684 latitudinis
435 645 564 681 octava
576 644 829 681 constituatur.
860 643 1068 681 Laeunaria
1078 645 1155 686 eius
1167 647 1271 683 tertia
1281 647 1481 684 latitudinis
1491 646 1534 683 ad
1545 646 1706 684 altitudi-

122 715 212 740 nem
222 702 360 749 adjecta
369 700 601 737 extollantur.
617 700 767 738 Fauces,
783 699 988 735 minoribus
998 698 1127 736 atriis-e
1140 700 1265 738 tablini
1277 702 1470 739 latitudine
1481 701 1629 752 dempta
1639 712 1708 739 ter·
1717 706 1766 748 Ar·
1783 702 1832 731 ab·

124 761 171 797 tia
183 788 192 803 ‚
212 756 410 803 majoribus
422 755 586 799 dimidia,
599 755 878 791 constituantur.
895 756 1080 805 Imagines
1103 757 1193 792 item
1206 758 1277 793 alte
1296 769 1382 794 cum
1395 758 1469 794 suis·
1480 746 1788 795 01·nainentiss“⁷'³·

123 815 169 851 ad
181 814 411 851 latitudinem
420 811 559 848 alarum
578 810 645 847 sint
658 810 878 847 constitutae.
908 811 1138 863 Latitudines
1148 811 1331 849 ostiorum
1349 813 1394 849 ad
1405 814 1639 850 altitudinem
1653 839 1661 853 ‚
1682 813 1708 850 si

124 871 268 908 Dorica
277 877 396 912 erunt,
407 868 458 904 uti
470 868 623 905 Dorica,
638 865 803 903 monica
815 877 921 903 erunt
932 895 942 911 ‚
955 868 1011 903 uti
1022 867 1153 904 Ionica
1163 867 1410 916 perficiantur.
1444 869 1708 920 Qemadmo-

124 927 216 964 dum
227 924 271 962 de
281 924 552 973 thyromati53in
563 922 696 971 quibus
707 932 840 971 quarto
850 922 946 959 libro
957 923 1118 959 rationes
1131 922 1424 970 symmetriarum
1435 922 1515 961 sunt
1527 924 1707 974 exposirae.
1719 948 1773 976 Lib.
1794 958 1834 976 xv.

126 980 202 1032 [f]
221 981 391 1030 Impluvii
401 979 528 1017 lumen
539 979 654 1015 latum
667 978 867 1016 latitudinis
878 979 958 1015 arrii
968 1009 978 1026 ,
998 991 1047 1016 ne
1057 979 1179 1016 minus
1192 990 1332 1028 quarta,
1344 991 1389 1016 ne
1400 980 1481 1029 plus
1491 982 1598 1016 tertia
1608 991 1710 1029 parte
1721 997 1772 1027 cap.
1784 999 1823 1018 vi.

125 1038 367 1085 relinquatur:
387 1035 588 1083 longitudo
599 1035 651 1070 uti
664 1036 743 1070 atrii
753 1046 823 1084 pro
835 1045 910 1071 rata
921 1044 1022 1083 parte
1033 1033 1108 1072 fiat.
1137 1034 1319 1084 Peristylia
1328 1047 1453 1072 autem
1463 1037 1502 1084 in
1513 1034 1713 1073 transverso

125 1093 226 1130 tertia
236 1102 334 1141 parre
344 1092 519 1139 longiora
532 1089 599 1127 sint
612 1119 621 1134 ‚
641 1102 758 1138 qnam
769 1089 956 1126 introrsus.
990 1090 1190 1127 Columnae
1203 1100 1281 1128 tam
1292 1092 1371 1128 altae
1383 1117 1391 1129 ‚
1417 1103 1533 1140 quam
1546 1093 1714 1141 porticus

124 1149 204 1186 latoe
215 1146 359 1184 fuerint.
391 1146 664 1193 Peristyliorum
677 1146 970 1183 intercolumnia
981 1158 1027 1183 ne
1038 1147 1163 1183 minus
1174 1149 1287 1184 trium
1298 1176 1308 1192 ‚
1323 1159 1369 1183 ne
1379 1147 1462 1197 plus
1472 1157 1635 1196 quatuor
1646 1159 1715 1184 co-

125 1204 336 1241 lumnarum
350 1200 575 1239 crassitudine
587 1203 682 1238 inter
691 1202 724 1239 se
736 1201 876 1239 distent.
907 1202 968 1238 Sin
979 1212 1106 1239 autem
1123 1202 1274 1240 Dorico
1285 1215 1392 1240 more
1402 1205 1440 1239 in
1452 1201 1638 1252 peristylio
1650 1214 1716 1239 co-

125 1260 259 1296 lumnae
271 1269 377 1295 erunt
387 1258 566 1296 faciundae
579 1287 588 1301 ‚
610 1259 710 1294 utiin
721 1267 854 1306 quarto
866 1258 962 1295 libro
973 1258 1018 1295 de
1039 1258 1189 1294 Dorieis
1199 1258 1316 1308 scripsi
1331 1288 1340 1302 ,
1359 1260 1407 1296 ita
1419 1257 1716 1301 modulistiman-

127 1324 198 1361 tur,
209 1326 247 1352 ur
257 1315 300 1351 ad
311 1325 376 1351 eos
387 1313 565 1351 modulos
575 1312 926 1363 triglyphorumque
935 1317 1099 1351 rationes
1109 1313 1357 1364 disponantur.

800 1419 948 1457 CAP.
1007 1419 1054 1457 V.

190 1508 274 1560 De
286 1507 524 1567 tricliniis,
539 1506 602 1566 Εἴ
616 1508 733 1568 oe‘c'is,
746 1507 948 1568 exedris,
964 1504 1376 1581 &pinacothecis‚
1401 1506 1464 1566 Εἴ
1477 1526 1640 1561 eorum

766 1585 1068 1646 dimensionibus.

132 1660 459 1744 TRieliniorum
481 1708 557 1752 [a]
577 1715 718 1755 quanta
729 1706 889 1744 latitudo
909 1705 1038 1750 fuerit,
1052 1705 1112 1797 gis
1124 1714 1226 1742 tanta
1242 1703 1446 1754 longitudo
1463 1700 1541 1743 fieri
1552 1702 1714 1810 flqubgllait.

1121 1775 1137 1804 3
1671 1768 1720 1794 tl-

168 1860 295 1888 umquam
308 1849 392 1878 fuerat
402 1852 523 1890 populus¹
546 1854 692 1879 Stemmata
708 1852 852 1879 verolineis
863 1851 1043 1880 discurrebant
1053 1852 1085 1879 ad
1095 1852 1225 1891 imagines
1242 1851 1334 1890 pietas.
1354 1854 1420 1880 Sunt
1430 1860 1518 1879 autem
1528 1851 1664 1878 stemmata
1675 1852 1718 1885 (ut

168 1891 257 1919 obiter
275 1891 438 1919 declaremus
459 1892 568 1918 verbum
587 1892 682 1924 Plinii,
704 1893 834 1920 luvenalis
843 1913 850 1924 ‚
862 1893 952 1924 Perfii,
963 1893 1095 1920 Martialis
1104 1912 1111 1923 ‚
1122 1892 1252 1921 Suetonii.
1264 1888 1330 1926 διὸ.)
1353 1892 1450 1931 gradus
1461 1893 1564 1931 generis
1575 1895 1600 1919 δε
1613 1892 1719 1918 ordines

168 1931 383 1959 descendentium
398 1952 404 1962 ,
424 1933 467 1970 qui
480 1932 557 1959 ramis
568 1932 722 1969 quibusdam
741 1936 766 1961 &
784 1933 857 1961 velut
870 1932 1108 1961 intercurrentibus
1126 1932 1200 1959 lineis
1210 1931 1440 1971 distinguebantur
1450 1943 1456 1959 ι
1468 1941 1497 1960 ut
1507 1932 1719 1968 cujusdamanti-

169 1981 248 2011 quam
259 1972 404 2000 hettonem
414 1980 606 1999 commutantis
617 1972 752 2000 licentiam
765 1973 806 2000 hic
818 1973 930 2011 probare
939 1983 992 2000 non
1001 1968 1409 2011 poffimSophoelisSclioliastes
1419 1973 1445 1999 iu
1455 1972 1721 2012 Oedipode‚stemma

171 2013 358 2049 interpretatur
366 2013 453 2040 lanam
463 2022 537 2040 ramo
548 2013 782 2041 circumvolutam.
804 2013 853 2041 Sed
863 2014 895 2041 de
906 2013 1008 2041 tablino
1019 2017 1044 2041 &
1055 2012 1231 2052 pinacotheca
1240 2013 1298 2041 vide
1309 2023 1367 2052 quae
1384 2011 1441 2041 sunt
1452 2013 1521 2052 apud
1538 2013 1719 2042 Alexandrum

171 2052 204 2080 ab
215 2052 418 2080 Alexandrolib.
431 2064 454 2080 v.
466 2052 563 2092 geni-³1.
574 2053 639 2080 dier.
652 2063 709 2092 cap.
720 2063 755 2081 ir.
768 2054 833 2081 Vide
842 2058 866 2082 &
876 2055 1006 2082 Lexicon.

131 2095 156 2128 e]
185 2093 268 2120 Idem.
288 2092 407 2121 Perversa
418 2094 454 2121 est
464 2094 520 2121 haze
531 2092 657 2131 scriptura
668 2115 674 2124 .
694 2094 839 2134 legendum
851 2105 916 2122 vero
925 2096 961 2123 est
973 2116 980 2128 ‚
996 2093 1097 2132 sienim
1105 2095 1237 2131 majorum
1249 2094 1405 2130 symmetriis
1423 2103 1527 2122 utemur
1535 2096 1561 2121 in
1571 2092 1719 2121 minoribus.

172 2135 241 2160 Item
252 2133 330 2170 paulo
348 2134 414 2171 post.
419 2132 461 2170 fin
471 2141 559 2161 autem
576 2135 706 2171 majorum
716 2139 741 2163 in
750 2135 888 2163 minoribus
896 2143 1009 2168 utemur,
1021 2135 1222 2166 restituendum,
1231 2133 1272 2169 fin
1282 2143 1370 2161 autem
1379 2138 1504 2162 minorum
1515 2136 1652 2161 utfmurin
1660 2142 1720 2159 ma-

167 2173 274 2210 joribus.
299 2172 416 2212 Fugiffet
429 2174 553 2202 melotus
565 2173 607 2201 liic
617 2196 624 2207 ‚
644 2175 692 2202 nisi
702 2177 859 2203 conniventi
872 2176 936 2203 mihi
946 2175 1157 2214 tranlilientique
1166 2172 1392 2203 summonstrasser
1403 2176 1455 2203 acri
1466 2185 1504 2202 vir
1513 2175 1624 2214 ingenio
1634 2176 1723 2201 Luce—

174 2214 230 2240 nius
241 2223 324 2241 meus.
347 2217 435 2251 Atque
444 2216 481 2241 ita
492 2213 630 2242 Philander
637 2216 718 2243 edidit
730 2237 737 2246 ‚
757 2225 818 2243 cum
827 2217 854 2243 in
865 2216 994 2254 prioribus
1003 2216 1165 2244 editionibus
1174 2225 1268 2243 contra
1278 2215 1430 2242 haberetur.

127 2253 164 2291 f]
187 2254 271 2281 ldem.
292 2253 421 2281 Deorsum
429 2264 482 2291 quo
495 2255 610 2292 impluit,
618 2256 775 2294 impluvium
787 2256 885 2283 <licitur
895 2277 903 2288 ‚
921 2255 1019 2284 sursum
1029 2266 1080 2294 qua
1089 2256 1232 2293 compluit,
1243 2256 1439 2293 compluvium,
1450 2264 1592 2295 utrumque
1601 2254 1615 2284 ,ἰ
1626 2255 1723 2294 pluvia.

174 2299 262 2321 Autor
274 2296 356 2321 Varro
366 2294 398 2321 de
410 2294 499 2333 lingua
516 2295 608 2321 Latina
619 2295 664 2323 lib.
678 2306 717 2323 iv.
743 2295 869 2324 Asconius
889 2297 915 2323 in
927 2296 971 2323 lib.
983 2306 1031 2324 ιιι.
1053 2296 1229 2324 Ciceronisin
1249 2297 1360 2323 Verrem
1372 2316 1378 2327 ,
1397 2297 1557 2334 impluvium
1568 2297 1659 2326 locum
1669 2294 1721 2325 effe

173 2334 264 2362 scribit
274 2335 326 2361 fine
337 2335 410 2362 teilo
422 2335 447 2360 in
456 2335 555 2362 :edibus
566 2355 573 2366 ‚
589 2346 644 2373 quo
655 2336 784 2373 impluere
798 2336 882 2364 imber
892 2337 918 2363 in
929 2337 1040 2364 domurn
1051 2334 1140 2373 possit.
1160 2336 1226 2363 Vide
1236 2335 1268 2363 de
1278 2345 1393 2374 utroque
1406 2338 1534 2365 Lexicon.

131 2376 163 2410 a]
184 2374 333 2403 Philander.
355 2373 540 2402 Tricliniumi
552 2375 634 2403 tribus
646 2375 721 2403 lestis
730 2377 846 2404 dietum:
867 2375 881 2404 a
891 2378 1034 2407 Cicerone,
1045 2377 1092 2404 lib.
1102 2386 1136 2404 11.
1150 2376 1182 2404 de
1194 2385 1314 2408 oratore,
1335 2377 1463 2406 conclave
1474 2376 1641 2407 transfertur.
1661 2379 1718 2405 Ser·
1733 2382 1796 2415 Cap.
1809 2387 1833 2405 ν.

174 2417 231 2444 vius
241 2415 365 2443 AEneidos
379 2414 449 2442 libro
460 2425 480 2442 1.
491 2414 591 2448 scribit,
603 2417 725 2454 antiquos
737 2417 819 2444 stratis
831 2417 914 2444 tribus
924 2417 998 2446 lectis
1008 2416 1224 2455 epularisolitose
1245 2427 1380 2455 errareque
1394 2428 1439 2446 eos
1451 2440 1457 2450 ,
1467 2420 1511 2457 qui
1522 2420 1670 2447 triclinium
1679 2420 1721 2446 di-

174 2465 239 2484 cunt
250 2455 330 2495 ipsam
342 2455 474 2483 basilicam
487 2477 493 2487 ‚
513 2464 556 2483 aut
568 2459 760 2484 coenationem.
780 2457 827 2485 Vel
839 2456 881 2484 hic
893 2467 958 2485 unus
969 2458 1042 2485 locus
1051 2455 1113 2485 facit
1124 2466 1219 2485 contra
1228 2458 1492 2486 Serviisententiam:
1519 2470 1551 2488 ne
1561 2460 1665 2488 laudem
1676 2461 1724 2487 Fa-

173 2497 249 2525 bium
262 2496 380 2535 Qintil.
391 2500 416 2524 ἃ
428 2496 561 2524 Valerium
572 2497 732 2529 Maximum,
743 2498 798 2535 qui,
807 2497 880 2535 quod
890 2498 988 2526 Cicero
999 2507 1151 2526 memorato
1160 2498 1232 2531 loco,
1243 2498 1275 2526 de
1287 2500 1372 2537 Scopa
1382 2499 1503 2537 loquens,
1516 2500 1643 2528 conclave
1653 2500 1728 2528 dixe-

174 2547 224 2570 rat,
233 2537 395 2565 Triclinium
407 2537 625 2575 interpretantur.
637 2539 708 2576 Qis
719 2546 807 2565 autem
816 2536 895 2566 fuerit
904 2539 971 2576 apud
981 2548 1082 2566 veteres
1091 2538 1266 2567 accumbendi
1276 2549 1344 2571 mos,
1355 2541 1494 2578 quaesitum
1504 2542 1548 2572 est.
1559 2550 1606 2568 nec
1617 2540 1649 2567 ab
1658 2541 1725 2572 ullo,

175 2579 250 2614 cujus
261 2578 293 2606 ad
303 2577 370 2605 hanc
380 2577 451 2605 diem
462 2578 531 2605 edita
540 2578 569 2605 lit
590 2580 676 2616 (quod
689 2577 781 2613 sciam)
801 2577 938 2610 sententia,
950 2579 1109 2618 expolitum.
1132 2581 1190 2608 Nos
1202 2589 1265 2607 vero
1275 2580 1347 2618 quod
1362 2581 1478 2609 lestione
1487 2601 1493 2610 .
1515 2584 1538 2608 ἃ
1551 2581 1728 2609 marmoribus

174 2620 290 2658 antiquis
301 2618 566 2647 animadverterimus
577 2639 584 2649 ,
603 2629 657 2646 non
668 2619 772 2658 pigebit
780 2617 880 2647 adferre
891 2639 898 2651 ,
911 2629 943 2651 ,ut
955 2621 987 2648 ad
998 2629 1109 2648 exteros
1119 2620 1205 2658 aliqua
1215 2630 1321 2659 quoque
1333 2620 1393 2648 liinc
1403 2621 1537 2658 perveniat
1546 2621 1655 2649 utilitas.
1674 2624 1730 2649 lta-

175 2671 226 2699 que
234 2659 351 2698 pransuri
359 2668 403 2686 aut
414 2661 544 2687 coenaturi
556 2660 593 2686 illi
603 2660 789 2698 (prandiorum
798 2660 869 2688 enim
879 2681 885 2692 ,
897 2670 929 2688 ne
941 2661 984 2688 cui
995 2661 1077 2689 Servii
1089 2662 1216 2688 autoritas
1227 2663 1348 2699 imponat
1360 2682 1366 2692 ,
1386 2662 1489 2689 mentio
1499 2662 1533 2688 est
1542 2662 1610 2699 apud
1619 2663 1730 2701 Hippo-

176 2710 277 2729 cratem
286 2700 332 2728 lib.
348 2709 382 2727 11.
392 2699 424 2727 de
437 2700 522 2728 νίξὶυς
532 2700 670 2728 rationein
681 2700 782 2727 morbis
793 2701 963 2738 acutis,apud
974 2700 1187 2740 Xenophontem
1197 2702 1224 2729 in
1235 2702 1420 2733 oeconomico,
1433 2701 1478 2729 ubi
1489 2701 1676 2731 ischomaclius
1685 2704 1728 2731 di-

175 2742 212 2770 cit
222 2740 246 2769 se
256 2741 349 2769 leviter
358 2740 485 2780 prandere
495 2750 523 2768 ut
535 2751 620 2768 coenae
629 2741 674 2768 det
685 2741 777 2769 locum
790 2762 796 2773 ,
816 2742 883 2780 apud
894 2742 977 2770 Plaut.
989 2743 1101 2770 Terent.
1112 2742 1248 2769 Valerium
1260 2742 1411 2769 Maximum
1423 2763 1429 2773 ,
1448 2742 1563 2770 Plinium
1575 2744 1727 2775 Caecilium.

177 2783 306 2810 lustinum
317 2803 323 2814 ,
336 2785 360 2810 δε
371 2782 451 2809 alios:
475 2791 624 2820 quanquam
636 2782 750 2809 Galenus
762 2781 807 2809 lib.
818 2782 899 2810 v1.de
910 2782 1008 2810 tuenda
1018 2782 1166 2810 valetudine
1179 2779 1258 2809 refert
1267 2802 1274 2812 ,
1291 2781 1315 2809 se
1324 2802 1330 2814 ‚
1343 2783 1389 2809 nili
1400 2782 1497 2810 tardius
1508 2783 1606 2811 lavaret
1617 2805 1623 2817 ,
1634 2784 1724 2812 eibum

177 2831 231 2850 non
241 2819 382 2861 sumpsisse,
393 2822 503 2850 &illum
514 2822 621 2860 quidem
632 2832 694 2850 cum
705 2822 828 2854 sumeret,
837 2822 893 2850 solo
904 2833 969 2861 pane
980 2823 1020 2850 uti
1030 2821 1125 2861 absque
1135 2832 1200 2861 potu
1212 2843 1217 2852 ‚
1228 2821 1353 2860 quosdam
1364 2833 1427 2850 vero
1437 2824 1522 2855 olivis,
1535 2825 1612 2852 melle
1621 2845 1628 2856 ‚
1647 2834 1727 2855 atoue

178 2862 205 2889 id
212 2873 293 2901 genus
305 2863 363 2891 usos
374 2873 436 2891 cum
447 2871 529 2901 potu:
548 2872 576 2891 ut
587 2863 668 2891 videri
680 2860 760 2901 poffit
769 2862 843 2891 cibus
856 2884 862 2894 ,
880 2873 960 2901 quem
970 2864 1086 2891 interdiu
1097 2864 1229 2891 sumerent
1242 2883 1248 2895 ‚
1271 2863 1335 2890 levis
1345 2867 1368 2891 St
1380 2861 1462 2892 facilis
1481 2862 1556 2892 fuiffe
1567 2886 1574 2895 ,
1592 2876 1671 2894 coena
1681 2858 1731 2893 ἑο-

182 2903 284 2939 piolior:
294 2914 430 2942 utcunque
441 2901 608 2944 gravissimus
620 2913 697 2932 autor
710 2903 862 2931 Aristoteles
873 2903 1059 2941 problematon
1070 2903 1184 2932 sestione
1197 2913 1246 2930 111.
1257 2904 1303 2935 ait,
1313 2904 1439 2941 prandere
1448 2905 1642 2945 large,coeriare
1653 2915 1729 2944 parce

184 2944 301 2980 praecipi)
313 2945 360 2975 illi,
371 2946 488 2983 inquam,
499 2945 622 2982 pransuri.
634 2954 676 2972 aut
687 2945 829 2976 coenaturi,
837 2943 954 2972 solebant
965 2944 1047 2972 lestos
1056 2953 1246 2982 nonnunquam
1256 2944 1436 2973 accubitorios
1446 2954 1498 2974 tres
1508 2947 1631 2979 sternere,
1642 2948 1731 2975 diver‘

186 2982 226 3010 sos
237 2981 332 3012 scilicet
341 2984 373 3012 ab
383 2986 419 3013 eis
431 2987 457 3012 in
468 2985 562 3024 quibus
572 2986 720 3014 dormirent
735 3007 740 3015 .
758 2995 872 3024 quorum
885 2985 1082 3024 longitudinem
1097 2982 1148 3012 effe
1159 2985 1254 3023 pedum
1264 2983 1307 3012 sex
1317 3006 1324 3018 ‚
1345 2989 1370 3013 Se
1379 2986 1457 3024 paulo
1466 2987 1521 3024 plus
1532 3007 1538 3016 ‚
1559 2987 1727 3015 latitudinem

187 3032 252 3051 vero
263 3023 358 3061 pedum
368 3026 464 3057 trium,
473 3036 550 3056 autor
562 3027 598 3055 est
609 3025 762 3055 Aristoteles
771 3025 989 3055 mechanicorum
1006 3026 1149 3065 quaestione
1161 3025 1283 3055 vicesima
1301 3026 1403 3065 quinum
1418 3027 1641 3067 <Heliogabalum
1659 3027 1731 3093 emdm

1653 3075 1692 3094 tra
1712 3073 1732 3093 it
