2023 3162
293 132 342 163 93
685 112 1508 152 DrsreuxtchT10N13

288 183 419 221 tinenti
434 180 543 236 lapide
554 213 563 229 ‚
593 180 656 219 vel
668 181 845 218 columellis
863 173 907 218 ἀ
925 177 1098 230 balaustiis
1116 178 1341 232 interposttis,
1361 177 1450 216 unde
1463 179 1649 233 prospec‘hu
1665 189 1750 218 erat.
1782 181 1874 220 Haec

289 240 363 276 ille.
395 239 481 276 Nos
485 249 531 292 pa
555 246 694 291 apcttos,
718 237 743 273 fi
754 235 844 274 vero
855 237 1029 274 balaustia
1041 235 1199 273 habeant
1212 261 1220 274 ‚
1240 232 1463 286 balaustratas
1473 235 1644 281 dicimus,
1663 238 1781 286 qualia
1791 236 1872 275 sunt

288 296 350 332 illa
361 306 440 344 quae
453 305 660 332 marmorea
670 295 707 330 ὃ(
717 292 964 344 pulcherrima
974 292 1098 330 videre
1108 291 1157 327 est
1168 291 1370 336 Genuae,ad
1383 292 1492 328 maris
1502 291 1747 341 prospectum,
1757 295 1793 330 in
1805 305 1874 329 no-

289 351 356 388 bili
375 351 510 401 palatio
524 350 722 386 Antiatum
737 377 746 391 ‚
765 347 810 385 ad
831 348 880 384 D.
894 347 1057 385 Thomae
1070 356 1229 398 portam.
1254 346 1445 392 Ejusmodi
1456 347 1547 383 inter
1557 347 1752 395 stylobatas
1762 349 1874 398 podia

290 407 484 444 Vitruvius
503 406 650 453 pluteos
669 403 753 439 alibi
771 403 942 439 vocavit:
963 404 1113 454 proprie
1132 412 1255 438 autem
1267 430 1277 445 ,
1294 411 1334 439 ut
1356 402 1514 438 arbitror
1527 431 1537 446 ‚
1559 404 1677 452 plutei
1689 403 1873 448 dicuntur,

292 473 382 498 cum
403 459 662 497 balaustiorum
679 460 761 495 vice
779 457 878 506 quasi
905 459 1030 495 tabula
1051 468 1231 508 perpetua
1248 457 1395 494 interest
1421 458 1655 494 lacunaribus
1675 458 1850 506 pluteisve
1861 484 1870 498 ‚

290 528 371 565 quae
381 527 495 564 opera
504 512 789 566 requadrrzmenta
803 513 916 550 nostri
927 514 1068 558 dicunt,
1078 523 1218 550 ornata.
1232 513 1292 550 De
1302 513 1472 550 theatrali
1481 513 1602 563 podio
1612 513 1736 549 noster
1745 515 1872 551 auctor

291 572 367 620 egit
378 570 439 607 lib.
457 580 486 612 5.
499 580 575 619 cap.
593 582 623 611 7.
637 569 691 606 his
703 568 824 606 verbis
836 583 843 605 ε
859 567 1108 605 Podc't'altitua'o
1117 566 1158 604 ab
1168 564 1369 605 libramento
1373 565 1503 620 pulpiti
1517 581 1595 603 cum
1614 580 1732 604 corona
1743 562 1787 605 ὅθ’
1803 567 1871 620 lyfi,

289 624 484 661 duodecima
501 622 669 674 orchestr.e
688 623 860 661 diametri.
890 631 1007 675 Supra
1020 621 1160 676 podium
1180 622 1338 660 columnae
1357 637 1432 660 cum
1451 621 1605 675 capitulas
1625 617 1670 661 (T
1679 624 1783 675 spiris
1802 623 1875 661 altae

290 689 416 733 quarta
422 690 523 733 parte
531 678 676 731 ejusdem
685 679 852 716 diametri.
882 679 947 717 Ad
957 692 1037 729 quae
1049 679 1257 717 Philander:
1278 677 1420 715 Pedium
1432 710 1440 723 ‚
1450 681 1687 726 mentanorum
1696 675 1874 732 hahetspe·

292 738 377 772 ciem
389 765 400 781 ‚
419 737 512 786 cujus
515 745 599 788 pars
611 761 619 774 ‚
641 749 712 787 quae
721 739 826 787 magu
831 732 1040 786 provehitur
1052 764 1061 779 ‚
1074 734 1247 787 pulpitum
1257 736 1306 770 eft
1319 760 1326 775 ,
1341 734 1454 772 veluti
1457 732 1599 787 pergula
1608 732 1767 785 quedam.
1801 733 1875 771 Sed

293 804 373 829 non
385 794 512 829 omnia
524 793 669 828 interim
681 804 760 839 quae
771 790 912 840 Lipsius
923 792 946 827 l.
960 790 1005 828 de
1019 790 1311 841 Amphitheatro
1324 802 1403 840 cap.
1420 802 1433 826 1
1447 802 1476 826 1.
1488 790 1597 828 refert
1609 791 1653 826 de
1663 790 1803 839 podio,
1827 799 1877 827 ta-

293 848 430 885 cenda.
453 847 696 897 pulcherrima
718 848 818 884 enim
829 844 907 883 lunt
918 848 953 883 &
966 846 1030 883 suo
1042 858 1150 884 more
1161 844 1422 896 elegantissime
1432 844 1601 896 expressa.
1631 845 1772 882 podium
1783 874 1794 890 ‚
1811 847 1874 890 ait,

292 903 413 955 appello
419 904 651 954 projec‘turam
662 898 686 938 h
697 915 750 937 mc
761 915 830 954 qua
839 914 876 937 tn
885 898 1022 952 flammo
1032 915 1130 937 muro
1135 901 1318 953 paululum
1323 898 1535 952 pro-vehitur
1545 899 1779 952 &propendet
1791 929 1802 945 ,
1821 902 1876 936 in-

281 958 363 1008 star
369 958 474 1011 pedu.
493 956 586 994 Vnde
598 951 641 995 ὠ
651 970 782 993 nomen.
798 958 1048 993 Mentanorum
1059 969 1097 992 ea
1106 955 1383 1008 quadamspecies
1395 959 1455 996 eft,
1461 954 1564 1007 suffia
1575 958 1611 992 tn
1621 953 1776 994 theatris,
1787 964 1876 992 tem-

287 1012 357 1066 plu
369 1043 378 1058 ‚
396 1010 513 1049 adibus
525 1042 535 1058 ‚
549 1012 593 1048 ad
608 1010 905 1054 circumeundum,
924 1010 1146 1048 innitendum
1160 1040 1169 1056 ‚
1179 1009 1413 1062 speetandam.
1443 1011 1592 1049 Inducit
1610 1013 1722 1049 ctiam
1733 1021 1876 1049 veteres

293 1068 557 1118 inscriptiones,
571 1069 855 1116 quarumaltera,
870 1066 906 1102 T
922 1080 946 1104 Η
962 1081 980 1103 ε
994 1081 1015 1105 A
1029 1081 1055 1103 T
1071 1081 1091 1104 R
1104 1078 1168 1104 VM
1202 1079 1215 1102 s
1230 1080 1255 1102 τ
1270 1081 1291 1103 n
1304 1079 1325 1103 Α
1339 1079 1364 1103 ν
1378 1080 1388 1104 1
1404 1080 1429 1101 T
1450 1067 1509 1104 ΡΑ
1522 1079 1569 1104 VI
1587 1079 1614 1104 M
1628 1080 1684 1103 EN
1698 1081 1722 1102 T
1737 1079 1784 1114 03
1800 1068 1875 1104 Po-

294 1136 323 1161 D
341 1137 353 1160 1
371 1136 396 1160 o
428 1135 501 1160 c1R
514 1137 533 1160 c
545 1136 567 1160 v
580 1136 608 1159 M
625 1136 637 1158 s
653 1136 672 1159 e
687 1135 728 1159 RI
740 1136 757 1160 Ρ
775 1134 810 1158 s1
821 1136 859 1157 T.
892 1122 1008 1160 Addit
1022 1134 1064 1159 ex
1075 1123 1269 1172 Spartiano
1280 1123 1315 1158 in
1326 1122 1464 1159 Severo
1477 1124 1512 1159 ὅ(
1526 1123 1651 1159 Dione
1663 1120 1790 1159 Cassio
1801 1152 1810 1167 ‚
1824 1124 1876 1160 vi*

295 1180 468 1216 &oriatas
479 1180 514 1214 in
526 1178 646 1229 podiis
657 1177 727 1214 istis
738 1178 866 1228 reponi
884 1178 1018 1214 solitas.
1049 1179 1154 1214 Tum
1167 1177 1297 1214 adhoc
1308 1177 1465 1227 podium
1484 1175 1643 1228 spectare
1653 1177 1875 1217 consueviffe

295 1237 438 1286 primos
460 1232 480 1271 ὲ
493 1236 631 1272 Senatu
649 1234 756 1283 quod
775 1233 908 1285 probat
918 1230 1322 1286 auetoritasluvenalis:

885 1288 1078 1342 Generosior
1089 1284 1132 1327 ὅ]
1143 1288 1321 1326 Marcellis

578 1350 623 1382 Et
635 1342 784 1384 Catulla,
805 1343 985 1397 Paultsptte
993 1341 1198 1382 minort'bus,
1219 1342 1262 1387 ὠ·
1278 1339 1407 1385 Fabiu,
1427 1335 1472 1381 ῥ’

577 1398 738 1436 Omnibus
746 1398 792 1435 ad
795 1399 936 1451 podtum
941 1397 1184 1452 speetantzbus.

295 1455 436 1494 Indueit
445 1457 557 1493 etiam
568 1456 724 1494 aelidem
736 1456 907 1493 Suetonii
918 1457 1027 1494 verba
1037 1459 1074 1493 in
1085 1456 1270 1505 Augusto,
1280 1454 1318 1492 δε
1329 1457 1429 1507 plura
1439 1455 1505 1490 alia
1517 1453 1724 1506 refert,quae
1736 1455 1756 1493 ἐι
1766 1456 1875 1495 nobis

292 1511 465 1548 consulto
477 1513 817 1561 praetermittuntur.
845 1514 928 1550 Nos
939 1512 1144 1563 porismatis
1157 1514 1248 1550 loco
1266 1511 1689 1555 addimus,vocabu1um
1704 1512 1875 1550 nostrum

284 1577 412 1619 poggzo
428 1567 514 1604 hinc
524 1567 592 1604 effe
603 1567 800 1611 deflexum,
811 1581 881 1606 nec
895 1569 1039 1606 aliunde
1050 1567 1201 1606 sumsisse
1212 1568 1398 1617 originem
1409 1566 1564 1606 verbum
1573 1567 1875 1620 appogiarffiquod

292 1624 401 1659 inniti
420 1623 589 1667 denotat,
599 1622 702 1672 quasi
713 1623 812 1661 dieas
821 1622 994 1677 appodiare
1000 1622 1077 1676 se.)
1091 1653 1098 1662 .

346 1679 374 1714 P
385 1690 412 1715 o
428 1693 446 1715 L
461 1692 483 1715 Y
498 1692 521 1716 G
535 1693 558 1715 o
572 1691 596 1714 N
616 1692 630 1716 1
647 1691 672 1716 o
688 1692 714 1715 s.
744 1678 826 1715 Lib.
850 1692 882 1717 1.
895 1691 974 1730 cap.
993 1691 1026 1723 5.
1054 1686 1183 1717 Turres
1202 1680 1322 1733 itaque
1339 1676 1488 1717 rotundae
1502 1704 1510 1717 ,
1526 1686 1585 1715 aut
1599 1677 1776 1731 poh'goniae
1785 1677 1875 1729 fimt

281 1730 465 1784 faciendae.
502 1733 655 1772 Baldus:
686 1735 909 1784 Polygonias
931 1736 1115 1788 appellant
1135 1737 1259 1774 Graeci
1279 1736 1550 1779 Mathematici,
1567 1733 1868 1774 seuGeometrae.

289 1787 529 1837 figur-asinas,
547 1802 626 1839 quae
637 1792 774 1827 multos
787 1790 923 1829 habent
933 1793 1099 1841 angulos.
1120 1794 1260 1829 etenim
1270 1790 1378 1838 γωνίαι
1399 1791 1553 1840 angulus
1561 1819 1576 1841 2
1597 1788 1679 1826 mnu*
1697 1791 1870 1826 multum.

291 1844 453 1935 ldeifibest
465 1857 554 1895 ergo
574 1847 801 1896 polygonius
820 1847 924 1897 quod
941 1848 1209 1898 multiangulus
1221 1877 1229 1884 .
1258 1860 1337 1897 quo
1357 1846 1549 1887 vocabulo
1570 1845 1654 1883 usus
1666 1844 1715 1882 est
1730 1844 1871 1883 Lucre-

287 1906 358 1935 tlus
420 1915 473 1946 .4.

567 1952 643 2005 Effe
652 1956 784 1991 minora
793 1958 902 2008 igitur
911 1955 1072 2009 quadam,
1085 1959 1283 2008 majoraque
1299 1955 1428 1994 debent,

568 2008 711 2046 &Multa
722 2009 880 2054 rotunda,
889 2010 993 2046 modu
1004 2011 1134 2051 multis,
1149 2011 1373 2063 multangula
1382 2007 1540 2063 quadam.

346 2064 722 2102 POLYSPASTOS.
753 2065 849 2103 Vide
870 2067 970 2103 Tm
988 2078 1213 2103 sPAsTos.

347 2120 375 2156 P
387 2134 407 2156 R
418 2128 452 2157 λε
465 2133 485 2156 c
495 2132 507 2156 1
517 2132 541 2155 N
556 2133 576 2157 c
589 2134 613 2155 τ
623 2132 635 2156 1
645 2132 670 2157 0
681 2133 705 2156 N
719 2134 737 2156 ε
751 2133 777 2157 s.
808 2121 890 2157 Lib.
902 2133 936 2157 v.
957 2133 1035 2171 cap.
1060 2132 1093 2161 3.
1123 2121 1378 2158 I‘raecinffl'ones
1388 2118 1433 2157 ad
1440 2118 1641 2158 altitudines
1651 2117 1869 2161 theatrorum

284 2184 349 2227 pro
358 2183 434 2210 rata
444 2184 546 2226 parte
553 2173 724 2224 faciendae
742 2174 924 2213 videntur.
961 2176 1077 2213 Paulo
1087 2176 1169 2226 post
1182 2191 1189 2213 :
1212 2182 1241 2212 G
1243 2174 1436 2212 radationes
1454 2173 1625 2225 {ialarum
1635 2202 1643 2215 ,
1663 2187 1778 2214 contra
1787 2192 1869 2230 qua-

290 2228 470 2266 dratorum
480 2229 633 2282 angulos,
643 2228 842 2283 dirigantur
850 2229 896 2266 ad
897 2231 1049 2283 primam
1053 2232 1337 2283 pracinffl‘ionem.
1367 2223 1502 2269 Baldus
1515 2244 1522 2266 :
1538 2232 1600 2268 Ad
1611 2232 1796 2283 superiora
1806 2235 1869 2272 illa

291 2284 402 2322 verba
412 2285 620 2323 Philander:
640 2287 893 2323 Pracinttiones
912 2283 971 2322 hoc
989 2286 1056 2324 loco
1069 2284 1246 2339 graduum
1253 2284 1471 2338 superiorum
1481 2283 1521 2322 ab
1539 2285 1756 2338 infi’rioribus
1772 2288 1868 2326 divi-

279 2337 405 2390 fiones.
416 2344 495 2376 Tota
506 2342 597 2377 enim
610 2338 811 2394 gradatione
831 2343 867 2379 in
880 2350 998 2394 partes
1010 2350 1082 2379 tres
1101 2339 1382 2394 divtst'z,fingulu
1392 2340 1616 2393 dtvt'stonibus
1621 2341 1728 2393 fiebat
1733 2343 1866 2396 gradus

289 2392 390 2446 duplo
398 2392 511 2431 latior.
540 2397 724 2449 Qaedam
735 2397 834 2435 addit
843 2398 910 2435 alia
922 2398 1057 2447 quibus
1068 2410 1148 2435 rem
1159 2407 1277 2435 totam
1288 2399 1446 2450 explicat
1457 2400 1613 2448 egregie.
1643 2399 1714 2436 Sed
1725 2402 1763 2437 ὃ(
1776 2400 1866 2451 Lip-

291 2449 360 2487 ssus
370 2450 466 2486 haud
478 2452 597 2488 minus
608 2453 811 2490 luculenter
821 2454 881 2490 lib.
894 2452 939 2489 de
949 2451 1223 2503 amphitheatro
1235 2465 1315 2504 cap.
1325 2467 1338 2490 1
1352 2468 1383 2498 3.
1396 2456 1445 2492 ait
1456 2456 1576 2490 enim:
1593 2456 1861 2494 Praecincf't‘iones,

288 2503 402 2551 sthene
413 2507 504 2557 capio
513 2535 523 2550 ‚
541 2519 608 2541 non
617 2505 712 2542 alma'
718 2506 866 2557 censeam
877 2520 980 2560 quam
994 2508 1169 2560 graduum
1177 2509 1363 2545 intervalla
1374 2538 1384 2553 ‚
1402 2503 1445 2546 ὠ
1453 2506 1634 2557 divisiones
1654 2507 1815 2563 quassiam
1824 2512 1864 2546 in

289 2559 412 2598 orbem.
445 2561 573 2598 Allato
583 2561 735 2598 demum
746 2564 890 2601 Vitruv.
900 2565 991 2601 loco
1004 2563 1188 2614 subjungit
1199 2578 1205 2601 :
1227 2561 1396 2601 Videntur
1405 2575 1520 2600 autem
1518 2562 1601 2614 five
1612 2564 1656 2601 ad
1664 2567 1858 2604 vomitorius

289 2610 333 2654 (ἓ
343 2614 427 2668 ipsbs
438 2615 559 2655 aditus,
570 2615 652 2666 five
661 2618 700 2652 in
708 2614 954 2669 difirimim'bus
965 2617 1146 2667 orchestra,
1158 2618 1375 2671 equestrium,
1381 2617 1598 2671 popularium
1611 2646 1618 2659 ‚
1627 2618 1755 2673 gradus
1764 2613 1861 2671 quast

281 2669 368 2706 „dam
378 2670 525 2716 latiores,
532 2670 733 2725 altioresque
734 2670 898 2723 struxt‘ffi’
909 2702 919 2718 ,
929 2676 990 2725 qui
999 2674 1145 2727 reliquos
1154 2675 1301 2711 minores
1310 2674 1409 2711 velut
1417 2676 1662 2726 praecingerent
1672 2669 1715 2712 ὅ]
1722 2673 1861 2725 comple-

289 2724 475 2766 c‘t'erentnr,
485 2726 575 2763 unde
588 2720 632 2765 ά
641 2740 774 2764 nomen.
794 2729 923 2766 Docet
933 2729 1049 2774 idem,
1061 2731 1336 2781 praecinctiones
1347 2729 1451 2767 hasce
1463 2732 1629 2768 baltheos
1640 2731 1776 2767 Latino
1789 2741 1858 2766 vo-

291 2781 426 2817 cabulo
437 2784 472 2819 δε
484 2783 697 2820 diazomata
708 2783 840 2822 Graeco
851 2785 1047 2835 appellatas
1059 2785 1167 2824 fuisse,
1179 2785 1267 2823 teste
1279 2787 1422 2825 Vitruv.
1433 2787 1494 2823 lib.
1512 2797 1629 2836 5.cap.
1645 2798 1678 2829 7.
1708 2783 1852 2824 Gradus,

288 2832 492 2893 dz'azomata⁷
497 2837 630 2889 pluteos
640 2857 649 2888 ·‚
660 2841 697 2876 ὅ(
709 2839 919 2891 Calpurnio
928 2842 964 2877 in
975 2841 1151 2891 amphith.
1163 2842 1290 2879 Carini
1302 2857 1310 2879 :

584 2891 742 2930 Baltheus
760 2908 802 2931 en
814 2899 959 2948 gemmis
970 2921 977 2935 ‚
998 2909 1041 2932 en
1055 2897 1141 2933 illita
1152 2897 1304 2948 porticus
1320 2910 1415 2933 aura.

292 2945 392 2984 Idem
404 2958 556 2997 quoque
567 2947 766 2987 confirmat
776 2952 998 2991 Tei-tullian.
1010 2950 1227 2990 testimonio
1239 2951 1284 2989 de
1294 2950 1523 3003 spectaculis
1537 2950 1617 2989 vias
1629 2951 1720 2988 enim
1731 2961 1853 2988 vocant

1742 3007 1852 3044 cardi-
