2023 3162
131 422 160 444 1'.
171 417 244 444 valn-

128 466 236 495 praemi.

133 584 162 606 1⁷.
175 587 254 607 terre-

132 630 204 647 num.

135 663 162 687 Γ.
176 662 243 690 cinis.

134 1426 163 1449 Γ.
169 1420 261 1460 fimili-

134 1462 189 1491 bus.

134 1533 164 1556 V.
176 1531 254 1566 regio-

133 1570 214 1597 nibus.

134 1613 164 1635 Γ.
183 1612 242 1637 Sicl-

131 1648 173 1677 Iiae.

276 79 325 114 26
683 69 1100 109 M.V1TRUV11
1154 65 1497 103 Porriouis

270 140 441 183 siderare,
453 137 556 188 quod
569 148 641 188 qua
655 151 764 176 mons
777 138 997 190 Apenninus
1010 136 1181 185 regiones
1194 136 1302 173 Italioe
1318 135 1577 185 I-letruriaeque
1590 137 1863 189 circumcingit,

269 207 389 245 prope
401 195 576 231 omnibus
589 196 683 232 locis
694 205 772 231 non
783 192 911 231 desunt
926 191 1066 229 fossicia
1078 193 1258 229 arenaria:
1277 202 1375 229 trans
1398 191 1641 241 Apenninum
1652 205 1761 234 vero,
1782 208 1866 246 quar

271 262 353 302 pars
365 250 414 287 est
425 251 469 288 ad
486 250 724 288 Adriaticum
736 261 845 286 mare,
858 251 929 300 [g]
943 248 1044 284 nulla
1064 248 1322 286 inveniuntur:
1343 248 1436 284 item
1456 246 1612 292 Achaia,
1633 249 1722 287 Asia
1731 274 1740 288 ‚
1763 253 1800 290 ὅ(
1821 264 1865 288 0-

271 308 404 343 mnino
416 317 513 343 trans
525 317 638 349 mare,
652 317 698 342 ne
710 306 958 342 nominantur
967 302 1132 351 quidem.
1160 303 1274 352 Igitur
1284 314 1362 340 non
1374 305 1410 340 in
1423 302 1600 340 omnibus
1611 304 1719 345 locis,
1732 307 1866 355 quibus

273 360 452 400 effervent
464 373 568 410 aquae
577 361 700 398 calidae
711 360 828 398 crebri
839 359 1120 403 fontes,eaedem
1130 360 1431 408 opportunitates
1442 357 1591 409 poss'unt
1602 359 1764 398 similiter
1776 373 1866 400 con-

276 430 432 455 currere.
466 417 539 455 Sed
552 417 680 453 omnia
692 418 745 452 uti
754 425 882 453 natura
891 426 1017 452 rerum
1029 413 1218 452 constituit
1229 443 1240 459 ‚
1256 426 1335 451 non
1345 415 1390 451 ad
1400 417 1637 452 voluntatem
1648 415 1863 464 hominum,

276 472 334 510 sed
347 473 500 510 fortuito
511 471 682 521 disparata
701 480 953 522 procreantur.
984 472 1086 520 Ergo
1098 471 1233 519 quibus
1253 472 1347 508 locis
1359 482 1436 507 non
1455 470 1534 508 sunt
1554 470 1682 508 teri-oli
1701 484 1862 515 montes,

274 529 332 566 sed
344 530 492 579 lapideo
511 539 647 576 genere
666 529 827 565 materiae
839 528 1056 576 qualitatem
1075 525 1252 563 habentes
1265 553 1274 569 ,
1294 527 1387 575 ignis
1405 527 1457 563 vis
1469 538 1533 576 per
1550 528 1626 567 cius
1639 539 1753 564 venas
1766 540 1866 578 egre⁶

275 584 376 622 diens
388 584 504 621 adurit
514 594 608 622 eam,
621 585 656 621 ὃ(
670 583 772 633 quod
784 584 899 620 molle
912 582 962 619 est
971 584 1007 620 δ(
1018 591 1201 627 tenerum,
1212 584 1353 620 exurit:
1372 582 1478 631 quod
1488 593 1610 620 autem
1620 582 1797 633 asperum,
1810 597 1863 622 re·

272 641 416 687 linquit.
450 639 578 688 Itaque
590 641 641 677 uti
650 641 688 676 in
701 640 912 692 Campania
922 637 1046 676 exusta
1058 649 1151 676 terra
1163 638 1282 688 pulvis
1293 667 1303 683 ,
1327 637 1423 675 sicin
1439 638 1612 676 Heri-uria
1622 639 1775 676 excocta
1786 643 1866 678 nia-

271 697 360 733 teria
369 693 526 732 efficitur
538 695 811 733 Carbunculus.
840 693 1012 743 Utraque
1024 704 1153 731 autem
1163 694 1244 731 sunt
1254 695 1396 743 egregia
1414 695 1450 730 in
1462 692 1658 739 struimus,
1681 693 1739 731 scd
1749 697 1816 732 alia
1826 698 1866 734 in

272 752 424 788 terrenis
436 750 597 787 aedificiis
608 780 617 796 ,
638 753 707 789 alia
716 753 830 789 etiam
842 751 880 787 in
903 751 1097 787 maritimis
1107 749 1275 787 molibus
1298 749 1435 787 habent
1445 750 1632 787 virtutem.
1666 751 1723 787 Est
1741 761 1866 790 autem

269 807 321 844 ibi
331 807 491 843 materiae
501 807 660 856 potestas
679 808 833 844 mollior
851 818 965 855 quam
977 805 1131 856 tophus,
1146 805 1297 843 solidior
1316 817 1431 855 quam
1444 815 1548 844 terra,
1574 818 1652 856 quo
1662 808 1806 856 penitus
1818 807 1866 844 ab

271 864 352 899 imo
362 862 595 899 vehementia
606 864 753 914 vaporis
763 863 893 902 adusto
904 863 1094 900 nonnullis
1103 862 1199 899 locis
1209 871 1424 914 procreatur
1434 863 1471 898 id
1480 872 1593 910 genus
1606 874 1724 900 arenae
1739 887 1747 903 ‚
1760 862 1865 913 quod

272 917 405 956 dicitur
416 917 688 957 Carbunculus.

915 1031 951 1068 C
980 1042 1003 1067 Α
1033 1041 1063 1066 1‘.
1127 1029 1227 1068 VII-

542 1124 625 1175 De
642 1121 913 1196 lapicidinis
926 1161 940 1182 ,
978 1140 1244 1196 earumque
1265 1119 1605 1195 qualitatibus.

275 1249 395 1330 DE
409 1249 511 1286 calce
523 1249 561 1286 ὃς
571 1261 678 1287 arena
689 1250 822 1300 quibus
833 1250 1070 1289 varietatibus
1081 1247 1150 1287 fint
1163 1248 1199 1285 δε
1212 1261 1301 1298 quas
1312 1248 1471 1288 habeant
1480 1253 1632 1290 virtutes
1644 1249 1740 1295 dixi,
1751 1249 1867 1300 sequi-

367 1315 425 1341 tur
434 1305 530 1342 ordo
541 1305 586 1342 de
598 1307 660 1352 [a]
673 1307 880 1358 lapicidinis
890 1308 1087 1357 explicare,
1097 1305 1142 1343 de
1155 1305 1288 1355 quibus
1298 1307 1335 1343 ὅ(
1347 1307 1521 1355 quadrata
1532 1307 1611 1345 saxa
1624 1335 1634 1351 ‚
1655 1309 1692 1344 &
1706 1318 1869 1343 caemen-

276 1369 406 1398 torum
418 1360 463 1397 ad
474 1360 628 1398 aedificia
638 1364 849 1400 eximuntur
861 1365 979 1413 copia:
991 1364 1028 1399 ὅς
1041 1371 1316 1413 comparantur.
1334 1361 1401 1398 Hae
1413 1373 1538 1401 autem
1548 1364 1788 1401 inveniuntur
1799 1362 1869 1400 ess'e

276 1415 473 1467 disparibus
487 1418 523 1454 ὅ(
534 1415 761 1455 diss‘imilibus
772 1420 976 1456 virtutibus.
1006 1418 1098 1455 Sunt
1110 1419 1211 1455 enim
1222 1418 1298 1455 aliae
1310 1419 1454 1458 molles,
1470 1421 1521 1456 uti
1532 1418 1616 1456 sunt
1628 1420 1724 1455 circa
1735 1419 1868 1455 urbem

278 1472 405 1518 rubrae,
416 1472 624 1519 Pallienses,
643 1475 845 1519 Fidenam,
856 1474 1014 1513 Albana:
1028 1488 1034 1511 :
1055 1475 1130 1512 aliae
1141 1483 1365 1524 temperatae,
1376 1476 1428 1512 uri
1438 1475 1655 1524 Tyburtinae
1667 1499 1676 1513 ‚
1701 1473 1870 1510 Amiter-

278 1528 389 1566 ninae,
410 1528 627 1569 Soraninae,
654 1530 689 1567 δι
701 1543 781 1580 quae
798 1529 879 1568 sunt
895 1530 950 1567 his
963 1531 1177 1580 generibus:
1196 1531 1385 1567 nonnullae
1404 1529 1500 1568 durae
1511 1560 1520 1575 ‚
1534 1532 1585 1568 nti
1608 1529 1744 1567 siliceae.
1775 1529 1869 1566 Sunt

277 1584 387 1620 etiam
399 1586 466 1622 alia
478 1596 609 1633 genera
622 1588 740 1636 plura,
759 1587 812 1623 uti
822 1587 858 1623 in
878 1587 1083 1637 Campania
1093 1585 1199 1623 ruber
1211 1588 1247 1623 ὃς
1258 1587 1360 1635 niger
1380 1586 1534 1637 tophus,
1544 1588 1580 1622 in
1591 1585 1756 1623 Umbria
1766 1584 1803 1620 δε
1813 1585 1869 1621 Pi-

276 1651 374 1676 ceno
386 1641 423 1677 δε
437 1641 595 1678 Venetia
606 1638 665 1686 [b]
678 1643 794 1686 albuS,
807 1645 871 1691 qui
881 1645 994 1680 etiam
1005 1642 1097 1679 serra
1105 1643 1271 1680 dentata,
1285 1643 1337 1678 uti
1348 1642 1490 1690 lignum
1504 1672 1514 1687 ,
1525 1642 1679 1679 secatur.
1713 1640 1783 1677 Sed
1793 1639 1870 1677 haec

277 1697 406 1732 omnia
417 1707 496 1744 quae
508 1697 638 1733 mollia
648 1697 669 1733 s
664 1708 729 1735 unt
741 1727 753 1743 ‚
771 1697 868 1735 hanc
888 1698 1026 1735 habent
1035 1699 1230 1736 utilitatem
1242 1726 1251 1741 ,
1270 1697 1374 1746 quod
1393 1710 1437 1734 ex
1450 1698 1504 1734 liis
1524 1697 1604 1735 saxa
1617 1709 1703 1735 cum
1721 1696 1799 1734 sunt
1809 1708 1867 1732 ex-

276 1761 391 1794 emta,
404 1751 439 1786 in
449 1762 564 1801 opere
576 1751 752 1799 facillime
764 1753 966 1791 tranantur
981 1767 987 1790 :
1000 1757 1036 1791 ὅ(
1050 1752 1075 1790 si
1085 1753 1197 1791 sintin
1208 1753 1304 1790 locis
1314 1753 1435 1797 meris,
1444 1753 1613 1790 sustinent
1622 1753 1805 1794 laborem,
1816 1750 1868 1787 sin

276 1815 404 1842 autem
415 1808 454 1842 in
466 1808 598 1857 apertis
616 1807 654 1843 &
672 1809 878 1859 patentibus
890 1838 899 1853 ‚
919 1809 1096 1858 gelicidiis
1108 1809 1146 1845 δε
1157 1810 1294 1859 pruinis
1316 1810 1491 1857 congesta
1503 1835 1511 1848 ‚
1533 1809 1683 1845 friantur
1699 1810 1737 1844 δε
1748 1806 1866 1844 diffol-

277 1871 434 1898 vuntur:
456 1863 544 1898 item
555 1862 576 1897 s
570 1863 763 1900 ecundum
773 1875 856 1900 oras
867 1866 1069 1902 maritimas
1079 1864 1126 1900 ab
1135 1864 1307 1912 salsugine
1319 1864 1421 1900 exesa
1441 1864 1613 1901 diffluunt
1623 1892 1632 1906 ‚
1650 1875 1773 1912 neque
1785 1875 1869 1913 per-

277 1915 402 1955 ferunt
411 1915 525 1955 aestus.
556 1918 762 1967 Tyburtina
773 1930 864 1957 vero
876 1918 913 1956 δε
924 1931 1007 1968 quae
1020 1919 1157 1956 eodem
1168 1930 1302 1968 genere
1311 1918 1392 1955 sunt
1409 1922 1554 1964 omnia,
1567 1916 1756 1963 sufferunt,
1771 1921 1808 1956 ὅ(
1820 1919 1867 1955 ab

1691 1974 1869 2012 oneribus

274 2108 306 2142 g]
325 2106 472 2137 Philandcr.
495 2111 528 2138 Et
538 2110 636 2139 Plinius
646 2109 692 2137 lib.
712 2120 820 2138 xxxvr.
840 2121 895 2150 cap.
908 2121 947 2146 23.
973 2109 1006 2138 ab
1025 2111 1167 2151 Apennino
1177 2111 1208 2139 ad
1227 2110 1327 2140 Padum
1340 2121 1394 2139 non
1412 2111 1526 2140 inveniri
1536 2121 1641 2140 :irenam
1650 2107 1785 2139 fossiciam
1795 2107 1867 2139 testi-

315 2150 410 2177 monio
419 2150 464 2178 est.
476 2151 548 2189 quod
555 2148 646 2179 falsum
656 2148 707 2179 effe
717 2150 762 2179 usu
773 2151 981 2190 comprobatum
992 2153 1036 2180 est.

276 2205 306 2239 tr]
323 2202 469 2231 Philander.
481 2205 601 2242 Qando
611 2203 663 2232 hoc
676 2205 762 2244 capite
774 2205 805 2233 de
817 2205 945 2243 lapidibus
954 2205 1040 2234 sermo
1051 2205 1193 2245 est,quibus
1204 2206 1230 2234 iri
1241 2206 1367 2236 structum
1379 2205 1516 2238 utendum,
1525 2203 1609 2234 facere
1621 2215 1675 2233 non
1687 2202 1868 2245 poffum.quiit

316 2243 348 2271 de
358 2254 390 2271 eo
400 2242 511 2272 referam
523 2266 529 2277 ,
550 2246 596 2283 qui
605 2245 641 2273 est
651 2245 665 2274 ἃ,
676 2255 718 2274 me
730 2246 820 2273 multis
831 2245 896 2274 locis
908 2249 1003 2274 Roma:
1012 2246 1079 2275 visus
1091 2268 1096 2277 ,
1107 2247 1178 2285 quod
1189 2248 1291 2285 praestat
1303 2248 1528 2276 commoditatem
1538 2268 1544 2277 ,
1558 2250 1582 2275 ὃς
1592 2247 1765 2285 antiquorum
1779 2268 1785 2279 ,
1796 2247 1868 2284 quod

320 2283 411 2317 sciam,
424 2295 504 2313 nemo
515 2287 646 2313 meminit.
673 2288 698 2314 ls
708 2285 848 2326 grumosus
859 2287 895 2315 est
904 2307 910 2319 ,
922 2296 951 2316 ut
962 2288 1051 2316 credas
1061 2288 1160 2315 multos
1169 2285 1303 2320 coaluisse,
1314 2288 1404 2316 colore
1414 2286 1499 2315 fulvo.
1530 2289 1618 2326 thue
1628 2288 1737 2315 levitate
1747 2287 1818 2314 cedit
1827 2296 1872 2314 to·

318 2324 382 2362 pho,
394 2326 430 2352 ita
439 2325 535 2359 duritie
546 2324 621 2354 facile
633 2326 743 2365 superat.
766 2327 855 2356 Veluti
865 2329 982 2367 Spongia
993 2338 1089 2367 aquam
1103 2327 1186 2360 bibit,
1198 2332 1221 2356 ἃ
1234 2329 1319 2356 reddit
1331 2330 1469 2368 guttatim.
1497 2330 1588 2366 Itaque
1597 2335 1706 2355 utuntur
1716 2325 1868 2362 hujusmodi

317 2366 503 2404 pendentibus,
514 2367 628 2405 adpaCtis
639 2367 786 2405 Tyburtini
796 2369 907 2406 pumicis
916 2369 1013 2408 glebis,
1030 2369 1060 2397 ad
1072 2369 1217 2408 imaginem
1229 2368 1317 2407 specus
1337 2374 1360 2397 ἃ
1374 2369 1467 2397 roscidi
1477 2370 1545 2396 antri
1556 2377 1610 2396 arte
1620 2367 1790 2395 reddendam.
1806 2371 1868 2397 Oc-

317 2406 396 2433 cultis
408 2408 478 2435 enim
488 2407 617 2445 plumbeis
628 2407 727 2435 tubulis
740 2429 746 2440 ,
767 2417 877 2447 erogata
893 2408 1001 2447 superne
1018 2420 1091 2448 aqna,
1105 2411 1218 2438 extrudi
1231 2420 1262 2438 eo
1272 2410 1363 2448 lapidis
1372 2420 1470 2449 genere
1480 2407 1596 2436 fontium
1612 2406 1741 2438 fornices.
1759 2408 1868 2446 perinde

319 2455 398 2485 atque
410 2447 426 2475 si
439 2448 526 2485 tophis
539 2445 741 2486 laqueatieffent
754 2452 777 2476 Ξῖ
791 2450 895 2486 pumice
908 2460 980 2481 vivo,
998 2451 1075 2478 stillis
1086 2450 1211 2483 exudant‚
1223 2460 1323 2490 magno
1333 2449 1508 2488 speetantium
1522 2450 1634 2487 stupore,
1646 2452 1670 2477 ἃ
1683 2448 1869 2478 obleetamen-

318 2495 357 2515 to.
374 2489 516 2526 Spronium
527 2488 622 2528 vulgus
631 2489 769 2521 nominat,
781 2487 886 2517 fortass‘c
895 2491 966 2528 quod
975 2491 1034 2518 inde
1045 2491 1115 2519 stilla:
1128 2501 1201 2530 aquae
1211 2500 1334 2530 tanquam
1345 2492 1534 2528 exprimantur,
1546 2489 1586 2517 vel
1596 2489 1629 2517 ab
1639 2487 1786 2527 asperitate,
1797 2489 1867 2528 quali

319 2527 472 2566 aspronium
482 2551 488 2562 ‚
501 2529 552 2557 sive
561 2528 736 2567 asperonium.
760 2530 803 2557 Est
813 2530 884 2557 enim
895 2539 1003 2569 propter
1014 2541 1124 2570 grumos
1133 2533 1153 2558 ir
1163 2531 1226 2570 lapis
1236 2530 1330 2560 scaber.
1355 2531 1448 2558 Mirari
1461 2540 1524 2558 vero
1533 2540 1613 2557 nemo
1621 2529 1700 2558 <lebet
1710 2551 1717 2562 ,
1733 2531 1805 2568 quod
1815 2530 1868 2557 hoc

319 2567 382 2595 loco
395 2573 418 2597 ἃ
432 2569 651 2608 alibilapicidinas
661 2570 749 2600 dicat,
761 2580 820 2598 nam
831 2574 856 2598 δε
868 2571 1032 2609 lapicaedinas
1042 2572 1155 2599 lulianus
1167 2573 1289 2602 Pande&
1299 2571 1344 2599 lib.
1359 2581 1378 2599 r.
1388 2571 1419 2598 de
1431 2570 1502 2598 verb.
1512 2571 1577 2610 ligii.
1589 2571 1664 2598 dicit.
1678 2573 1797 2609 Vterque
1807 2580 1867 2598 me-

320 2606 378 2641 lius,
389 2620 467 2647 quani
479 2612 523 2649 qui
532 2610 684 2650 lapidicinas
696 2611 765 2639 nulla
777 2611 934 2643 rarione,aut
945 2621 999 2639 non
1011 2610 1082 2639 felici
1093 2609 1268 2641 neccssariave
1280 2610 1563 2642 metatlicli‚scribunt,
1574 2621 1636 2639 cum
1647 2610 1662 2639 ἔ,
1674 2611 1803 2649 lapidibus
1814 2620 1868 2638 εκ-

319 2647 410 2676 dendis
421 2651 557 2689 appellata:
569 2652 629 2682 fint,
640 2662 702 2691 quas
712 2653 766 2688 jam
776 2651 900 2691 usurpato
911 2653 1010 2680 Latinis
1020 2651 1161 2686 vocabulo,
1174 2653 1262 2684 Graeci
1271 2653 1403 2683 latomias,
1411 2655 1434 2680 ἃ
1447 2652 1573 2685 latomos,
1584 2653 1629 2691 qui
1640 2651 1738 2690 lapides
1747 2652 1779 2680 ad
1787 2649 1869 2679 aedifi-

320 2697 360 2715 cia
368 2700 498 2723 eximunt,
511 2702 661 2720 nominant.

279 2727 308 2761 b]
329 2729 410 2757 ldem.
422 2733 567 2760 Dentati-im
583 2732 677 2761 serram
690 2733 814 2762 dixerunt
825 2755 832 2767 ,
843 2744 894 2773 qua
906 2734 1044 2762 molliores
1055 2734 1152 2772 lapides
1168 2733 1320 2763 exsecantur
1329 2753 1335 2762 .
1352 2743 1413 2762 nam
1423 2733 1470 2760 alia
1482 2743 1536 2761 non
1546 2732 1654 2760 dentata
1664 2730 1784 2759 secantur
1795 2740 1866 2758 mar-

319 2778 403 2797 mora.
426 2771 454 2798 Id
466 2773 536 2809 quod
545 2771 667 2811 expressit
679 2774 746 2802 Plin.
758 2774 804 2802 lib.
817 2781 860 2809 36.
871 2785 926 2814 cap.
938 2786 976 2803 22.
991 2781 1074 2804 Serra,
1084 2776 1129 2805 ait.
1139 2778 1288 2814 inpraetenuc'
1297 2775 1363 2803 linea
1371 2781 1499 2811 premente
1509 2783 1598 2800 arenas
1608 2792 1616 2803 ,
1626 2771 1757 2807 versanda,
1767 2773 1867 2798 traflu-

318 2810 532 2847 queipsbftccznte.
564 2814 605 2841 Ad
615 2815 639 2842 id
651 2815 796 2844 admodum
808 2813 887 2843 refert
898 2836 904 2846 ,
917 2826 967 2854 qua
979 2826 1055 2844 arena
1067 2817 1146 2843 utaris
1155 2837 1161 2847 ‚
1189 2811 1295 2843 crassior
1306 2816 1379 2843 cuim
1388 2814 1531 2842 laxioribus
1543 2812 1686 2852 segmentis
1698 2812 1762 2840 terit
1773 2815 1796 2840 S:
1810 2811 1866 2849 plus

318 2850 405 2877 crodit
418 2853 555 2880 marmoris
566 2874 572 2883 .
592 2855 724 2894 majusque
733 2866 799 2894 opus
811 2856 861 2894 ipsa
872 2855 1000 2884 scabririae
1011 2856 1126 2895 politura
1137 2856 1261 2894 relinquit
1277 2876 1283 2886 ‚
1302 2856 1411 2883 mollior
1430 2863 1520 2882 autem
1530 2854 1612 2881 Ievms
1621 2853 1711 2880 atterit
1724 2873 1730 2883 .
1748 2856 1772 2880 ἃ*
1784 2852 1867 2880 veluti

314 2890 408 2959 Frligit,
417 2901 501 2930 eoque
512 2893 632 2931 politurae
643 2895 884 2929 accommodatior.
893 2897 1104 2937 proximiorque.
1127 2897 1194 2926 Illud
1206 2906 1312 2935 quoque
1322 2895 1494 2924 animadverti
1507 2914 1514 2925 ‚
1535 2895 1603 2922 inter
1613 2892 1753 2921 secandum
1764 2892 1868 2932 aspergi

327 2940 342 2959 o
355 2941 396 2960 cre
407 2942 472 2970 aqua
481 2943 592 2962 arenam.

1760 2989 1787 3023 a]
1803 2986 1866 3016 Phi-
