2023 3162
255 107 303 139 26
594 89 984 134 ELeMEN-roaviu
1042 87 1472 130 Aacm‘rnchnAE

250 163 446 201 strustutae:
459 162 563 206 cuius
573 162 610 197 δε
621 159 716 197 hanc
726 158 860 207 reperit
870 157 1066 195 rationem.
1082 154 1425 205 (quemadmodum
1436 158 1474 194 &
1483 156 1544 194 alii
1555 157 1844 196 commmiscun„

257 230 316 256 tur
327 248 336 263 ‚
363 227 564 266 antequam
575 228 631 253 res
650 214 720 265 ipsa
733 212 774 250 sit
784 214 897 261 certa)
916 211 1169 262 quodlapides
1188 211 1297 249 rudes
1306 210 1450 249 facilius
1460 211 1654 250 fabrorum
1673 214 1846 251 manibus

260 275 501 312 tractarentur
512 301 521 317 ‚
532 282 647 322 quam
668 269 693 306 fi
707 269 855 319 levigati
867 267 1006 312 forent,
1018 269 1179 305 &latera
1197 267 1316 316 magis
1335 268 1462 304 exaCte
1481 266 1619 319 possint
1639 270 1847 319 conjugari.

260 334 391 383 Qam
403 329 625 378 opinionem
637 322 748 362 semel
759 333 988 373 conceptam
998 335 1117 373 porro
1128 332 1286 360 conatur
1296 323 1528 372 persuade-re,
1541 333 1677 362 notans
1688 326 1726 361 in
1738 327 1849 362 certis

257 386 439 423 historicis
452 383 658 433 Sculpturis
667 381 964 429 antiquis,partes
975 380 1133 416 &lineas
1145 378 1363 428 figurarum,
1374 391 1456 428 quae
1467 379 1514 416 ab
1525 390 1602 415 uno
1612 379 1729 429 lapide
1738 379 1849 418 trans

259 451 349 478 cunt
360 440 405 477 ad
416 441 570 477 alterum
582 463 590 477 ‚
609 436 817 474 admodum
828 435 953 472 exaste
973 445 1198 472 concurrere
1213 462 1224 478 ,
1239 434 1345 482 quod
1356 443 1458 484 putat
1475 432 1673 472 difficulter
1693 436 1849 485 potuifl'e

259 497 339 534 fieti
359 495 474 542 (dum
484 494 652 542 loquitur
670 490 716 528 de
727 491 838 529 rebus
851 491 1026 540 antiquis,
1036 489 1175 528 oblitus
1187 486 1385 538 diligentiae
1397 491 1667 539 antiquorum)
1681 489 1746 526 nifi
1757 490 1850 529 scul-

260 562 334 602 ptae
347 550 487 588 fuiss'ent
498 547 579 598 post
591 547 976 596 coagmentationem.
991 547 1135 584 Verum
1145 547 1273 582 omnia
1285 547 1364 583 haec
1377 556 1594 595 argumenta
1613 557 1691 583 non
1705 545 1852 595 poffunt

260 603 729 657 superareincommodum
741 601 1012 641 commovendi
1032 603 1070 639 ὅ(
1091 600 1296 638 dissocandi
1306 600 1563 638 commifl'uras
1574 601 1772 639 totie‘tibus
1786 612 1851 638 cu-

260 672 434 705 neorum,
444 669 576 710 praeter
584 657 782 698 molestam
792 660 1054 708 operationem
1064 659 1102 694 in
1111 656 1280 708 suggestis
1293 671 1300 693 :
1316 655 1513 707 praesertim
1526 669 1614 694 cum
1626 655 1743 694 desint
1756 656 1852 694 testi-

260 717 393 754 monia
404 716 449 752 ad
470 714 768 753 confirmandum
780 740 788 754 ‚
809 726 890 763 quae
901 713 1052 764 quidem
1075 713 1231 751 viderim
1249 714 1288 750 in
1300 714 1583 751 commentariis
1603 712 1711 757 hujus
1732 712 1850 750 Artis.

263 773 453 822 Qnimo
465 772 593 822 potius
605 782 736 810 verum
746 769 812 811 est,
836 768 1024 820 quadraffe
1035 798 1045 814 ,
1066 767 1242 820 sculpsisse
1254 770 1291 805 ὅ(
1302 768 1469 819 poliviffe
1479 767 1618 819 lapidea
1637 768 1696 807 sua
1706 769 1743 804 &
1755 779 1852 804 mar-

263 839 394 865 morea
404 839 515 877 opera
527 856 537 872 ,
556 825 685 877 inipso
697 836 806 864 antro
818 825 1023 876 lapicidinae
1036 851 1044 865 ‚
1067 834 1266 874 antequam
1286 822 1307 859 ὲ
1326 827 1467 874 patenti
1477 826 1563 862 a'ere
1582 824 1852 861 indurarentur:

264 883 338 921 Sed
348 882 476 920 omissa
495 882 763 932 disputatione,
783 891 998 933 proponam
1007 881 1153 930 aliquot
1173 889 1305 919 notas,
1326 879 1373 917 de
1382 879 1618 933 dispositione
1637 880 1852 929 Sculptura-

263 952 364 983 rum,
377 940 462 987 qnia
472 938 516 975 de
526 938 671 975 delcetu
686 939 759 984 jam
768 947 850 975 ante
863 939 1021 988 egimus,

321 995 450 1031 Primo
463 995 637 1032 omnium
651 1022 660 1037 ‚
670 1005 716 1030 ne
728 995 841 1031 nimis
853 1004 1009 1041 magnus
1021 991 1063 1029 sit
1071 1003 1263 1040 numeru53
1275 992 1340 1042 qui
1356 990 1492 1029 faceret
1502 991 1663 1029 domum
1674 990 1791 1029 videri
1804 992 1855 1042 pi-

264 1050 518 1087 nacothecam
526 1049 629 1098 .Atq;
642 1050 679 1086 in
689 1048 765 1086 hoc
775 1047 1167 1098 moralisPhilosophia
1179 1060 1260 1098 quae
1270 1048 1485 1085 moderatur
1494 1046 1856 1087 fantafias‚domina-

265 1116 324 1143 tut
337 1107 431 1142 Atti.
454 1106 500 1142 Et
510 1104 709 1155 specialiter
718 1113 758 1141 ut
771 1104 902 1151 justum
915 1103 956 1141 fit
966 1104 1208 1141 moderamen
1218 1106 1254 1142 in
1266 1105 1389 1156 primo
1400 1102 1540 1141 acceffu
1552 1124 1563 1152 3
1576 1105 1612 1140 in
1624 1114 1703 1152 quo
1714 1103 1856 1140 AuCto-

264 1173 321 1197 res
334 1161 446 1197 nostri
458 1162 574 1210 magis
592 1161 753 1211 probant
762 1161 949 1198 Doricum
961 1172 1075 1209 quam
1087 1159 1329 1197 Corinthium
1339 1169 1524 1197 ornatum.
1556 1161 1682 1208 ltaque
1692 1157 1717 1194 fi
1735 1160 1855 1205 majus

265 1215 402 1253 ostium
414 1215 455 1252 sit
466 1226 661 1254 arcuatum
675 1241 683 1255 ,
711 1227 803 1253 cum
814 1215 965 1253 habebit
976 1214 1114 1265 insigne
1126 1225 1240 1266 caput
1259 1212 1279 1252 ὲ
1292 1215 1411 1267 lapide
1423 1225 1485 1251 aut
1503 1225 1696 1251 marmore
1716 1214 1857 1252 exscul-

266 1282 374 1322 ptum
384 1284 454 1322 pro
468 1270 607 1308 clusura
614 1271 748 1309 Arcus,
757 1273 794 1308 ὅ(
805 1271 879 1321 due
889 1272 1070 1321 imagines
1082 1272 1301 1310 incumbant
1311 1269 1688 1318 venuste,unavetsus
1703 1270 1855 1307 alteram

265 1327 567 1377 acelinatae‚quas1
578 1329 671 1364 inter
684 1325 716 1363 se
727 1327 918 1376 collature:
929 1327 1206 1378 Opinater,hoc
1217 1326 1543 1365 obleE'tamentum
1555 1328 1674 1376 prime
1685 1324 1855 1370 judieiofi

264 1384 369 1419 oculi
379 1385 592 1434 exceptioni
602 1381 769 1422 sufficere
779 1382 932 1421 debere:
956 1384 1016 1421 cui
1035 1382 1197 1421 secundo
1209 1382 1293 1421 addi
1303 1382 1439 1421 vellem
1451 1381 1541 1418 duas
1553 1391 1706 1430 magnas
1717 1381 1854 1418 erectas

266 1437 397 1476 statuas
407 1438 451 1475 ad
461 1448 660 1488 utrumque
670 1439 767 1476 latus
776 1440 978 1489 pavimenti
988 1439 1093 1489 quod
1104 1439 1207 1476 ducit
1216 1440 1313 1479 intra
1322 1436 1523 1476 aedificium
1537 1462 1545 1476 ‚
1566 1439 1617 1474 ita
1627 1446 1667 1474 ut
1677 1436 1858 1487 spestator

268 1494 308 1531 in
317 1497 442 1544 ptimo
454 1495 611 1545 ingressu
621 1495 739 1532 aciem
749 1496 953 1533 oculorum
963 1507 1029 1546 per
1039 1495 1206 1533 medium
1216 1495 1361 1533 illarum
1372 1491 1482 1544 possit
1491 1494 1691 1539 conjicere.

323 1549 382 1587 Ut
392 1546 510 1587 Nichc'c'
522 1550 595 1590 five
608 1551 748 1588 cellulae
761 1579 772 1596 ,
793 1550 819 1588 si
829 1554 1049 1589 contineant
1059 1550 1276 1589 simulachra
1288 1563 1333 1589 ex
1347 1549 1435 1588 albo
1445 1548 1564 1599 lapide
1575 1558 1638 1586 aut
1649 1558 1857 1593 marmore,

267 1606 306 1641 in
317 1606 617 1644 concavitatibus
630 1618 707 1644 non
718 1608 918 1657 pingantur
929 1609 1041 1645 nimis
1052 1617 1134 1646 atro
1144 1607 1286 1645 colore.
1309 1618 1397 1644 nam
1418 1607 1504 1643 licet
1515 1606 1701 1643 contraria
1713 1606 1813 1651 juxta
1821 1604 1858 1642 se

269 1659 388 1710 posita
398 1662 517 1710 magis
528 1661 736 1699 elucescant
746 1691 757 1706 ‚
777 1662 981 1701 secundum
1000 1673 1163 1702 veterem
1176 1664 1341 1712 regulam
1353 1683 1364 1710 3
1386 1672 1515 1700 tamen
1524 1660 1701 1699 subtiliter
1711 1662 1750 1697 ὅ(
1761 1660 1860 1698 recte

269 1715 339 1752 fnit
350 1715 588 1754 observatum
601 1746 611 1761 ,
628 1715 742 1755 visum
753 1717 921 1756 nostrum
933 1731 1013 1757 non
1032 1718 1113 1757 satis
1125 1719 1282 1770 probare
1300 1728 1379 1756 tam
1392 1716 1529 1755 subitos
1540 1715 1712 1754 transitus
1723 1716 1768 1752 ab
1778 1726 1860 1752 uno

271 1781 442 1807 extremo
461 1770 508 1807 ad
519 1771 695 1820 alterum3
719 1784 834 1822 quare
851 1775 975 1823 potius
994 1772 1139 1813 fuscum
1156 1774 1322 1812 habeant
1341 1773 1513 1811 colorem
1526 1797 1535 1812 ‚
1555 1771 1672 1822 quarn
1692 1769 1860 1808 absolute

271 1837 432 1875 nigrum.

329 1880 384 1918 Ut
395 1880 540 1918 subtiles
551 1883 588 1920 &
600 1889 731 1919 tenera:
743 1882 949 1932 Sculpturae
969 1883 1191 1928 adjuventur
1199 1885 1387 1921 vicinitate
1399 1911 1409 1927 ‚
1420 1884 1458 1919 &
1470 1880 1660 1920 crassiores
1681 1881 1859 1919 distantia.

275 1936 395 1988 Qod
414 1937 579 1987 apparuit
593 1937 630 1973 in
649 1939 761 1974 veteri
778 1936 1031 1976 controversia
1047 1940 1143 1976 inter
1153 1935 1312 1975 Phidiam
1323 1940 1362 1976 <Sc
1374 1935 1570 1974 Alcmenem
1586 1938 1686 1975 circa
1703 1938 1862 1976 Veneris

273 1991 443 2039 statuam3
457 1993 494 2029 in
505 2004 577 2042 qua
587 1995 688 2043 prior
698 1992 857 2030 ostendit
866 1992 1116 2044 prudentiam,
1126 1993 1163 2030 &
1174 1995 1341 2045 pepercit
1350 2004 1482 2044 operae,
1492 1994 1580 2043 quia
1591 2005 1690 2043 opus
1704 1992 1863 2044 spectan-

274 2047 365 2086 dum
376 2058 450 2085 erat
460 2049 499 2084 in
518 2060 653 2097 magna
661 2049 852 2086 altitudine
864 2077 873 2093 ‚
895 2060 975 2098 quae
987 2050 1178 2099 mergebat
1197 2049 1318 2087 suaves
1339 2051 1377 2087 &
1391 2048 1584 2097 diligentes
1593 2049 1781 2087 adversarii
1794 2048 1860 2085 du-

273 2102 352 2141 ctus
362 2132 371 2139 .
411 2103 561 2141 Nobilis
581 2104 659 2141 hoec
679 2103 750 2142 fuit
769 2105 960 2142 aemulatio
978 2106 1072 2143 inter
1093 2105 1188 2142 duos
1208 2106 1394 2156 principes
1413 2103 1569 2142 artifices
1582 2133 1593 2150 ‚
1619 2106 1658 2142 ὃς
1680 2103 1701 2141 a
1721 2105 1865 2143 Gtaecis

277 2159 404 2196 Poetis
422 2158 616 2196 celebrata.
1153 2171 1157 2173 “

331 2212 438 2251 Utin
450 2215 706 2252 collocatione
720 2214 914 2253 statuarum
928 2216 1131 2254 erectarum
1143 2246 1151 2261 ,
1171 2215 1443 2254 constituantur
1455 2214 1629 2253 nonnihil
1641 2213 1675 2252 se
1685 2215 1865 2253 inclinan-

278 2278 333 2305 tes
351 2270 558 2306 :introrsum
571 2296 578 2309 ‚
593 2271 679 2308 ideo
692 2271 798 2320 quod
818 2273 831 2319 (
845 2272 964 2321 inquit
988 2272 1162 2322 Magister
1174 2272 1297 2310 noster
1314 2273 1379 2310 lib.
1395 2285 1410 2308 1
1423 2284 1436 2308 1
1450 2283 1481 2308 1.
1501 2281 1582 2321 cap.
1597 2280 1630 2310 3.
1645 2283 1691 2307 ex
1703 2281 1778 2308 arte
1790 2283 1865 2309 no-

277 2325 423 2370 hilion,
441 2337 555 2374 quam
574 2324 656 2372 sua)
687 2326 977 2374 cnmsteterimm
999 2336 1117 2365 contra
1122 2326 1283 2377 frontes,
1307 2325 1346 2363 ab
1365 2325 1457 2363 oculo
1474 2325 1570 2363 linea
1587 2323 1705 2375 duaest
1718 2325 1864 2378 extenfie

268 2378 411 2431 fuerint
422 2409 433 2425 ‚
453 2375 577 2419 &una
585 2382 736 2434 tctzgerit
745 2382 850 2418 imam
858 2386 962 2434 operis
974 2392 1123 2434 partem,
1138 2382 1248 2420 altera
1259 2380 1437 2431 flammam
1448 2412 1458 2427 ‚
1473 2394 1543 2434 quie
1552 2378 1735 2430 stammam
1744 2384 1865 2436 tetige-

278 2437 338 2480 rit,
349 2434 482 2488 longior
490 2435 568 2486 fiet.
584 2442 638 2472 Ita
647 2450 710 2489 quo
720 2434 851 2490 longior
861 2435 958 2488 vista
968 2437 1106 2476 lineaein
1113 2436 1329 2492 fiaeperiorem
1343 2446 1482 2489 partem
1495 2433 1667 2489 procedit,
1688 2434 1866 2490 refiapina-

278 2499 350 2528 tam
360 2489 456 2542 facit
473 2494 544 2541 qjm
551 2492 707 2544 speciem.
740 2498 828 2530 Cum
839 2503 952 2530 amem
968 2492 1037 2539 (uti
1045 2491 1157 2546 sitpra
1165 2487 1597 2546 firtjvtumcstssnfionte
1605 2489 1774 2529 inclinata
1781 2490 1866 2545 fue-

280 2548 369 2590 rint,
380 2545 459 2585 hinc
474 2549 513 2584 in
524 2547 650 2601 asped'm
668 2545 1006 2598 videbunturcffi’ad
1016 2547 1299 2602 perpendiculum
1318 2544 1362 2587 (ῥ’
1381 2561 1548 2586 normam.
1564 2547 1682 2601 Qod
1699 2545 1864 2585 Alberms

281 2607 436 2638 Durerus
448 2604 574 2642 exacte
583 2604 717 2642 docuit
733 2605 771 2641 in
780 2603 839 2642 sua
857 2604 1087 2642 Geometria.
1119 2606 1311 2643 Vitruvius
1322 2604 1447 2642 noster
1463 2613 1577 2642 vocat
1587 2604 1684 2641 hanc
1695 2601 1864 2640 affefflo-

281 2669 369 2693 nem
389 2658 426 2694 in
437 2660 556 2697 oculo
576 2658 888 2709 resupinationem
906 2661 1092 2710 imaginis.
1122 2661 1196 2698 Pro
1207 2673 1287 2710 quo
1306 2661 1424 2700 verbo
1443 2659 1524 2710 (ipsi
1536 2659 1712 2710 peculiari
1730 2668 1771 2695 ut
1781 2660 1863 2708 opi-

282 2716 371 2752 nor)
386 2724 462 2750 non
475 2717 597 2753 minus
608 2715 673 2765 ipsi
683 2715 874 2755 debemus,
887 2728 1002 2765 quam
1014 2728 1084 2766 pro
1095 2717 1166 2768 ipsa
1176 2717 1445 2755 observatione.
1475 2716 1604 2765 Atque
1616 2711 1695 2751 haec
1706 2713 1865 2751 breviter

281 2766 460 2805 sufficiant
470 2769 516 2805 de
525 2770 668 2808 delectu
680 2773 717 2809 ὃς
730 2770 795 2809 usn
806 2772 936 2810 harum
947 2774 1164 2810 ornantium
1177 2773 1340 2810 Artium.
1354 2773 1454 2809 Nam
1464 2771 1569 2820 loqui
1579 2769 1624 2805 de
1635 2778 1767 2805 ornatu
1778 2769 1866 2806 stru-

284 2821 474 2872 e‘turanper
484 2825 669 2874 integrum
680 2826 853 2865 ordinem
865 2828 1068 2866 crestal-um
1078 2827 1277 2866 statuarum
1291 2829 1434 2865 circum
1445 2826 1629 2864 ambitum
1641 2824 1866 2871 uniuscuius-

284 2889 357 2925 que
366 2879 674 2928 contignationis,
684 2884 798 2932 magis
809 2882 1034 2922 conveniss'et
1044 2882 1199 2922 Athenis
1210 2885 1418 2921 autRotnae
1429 2911 1439 2926 ‚
1452 2893 1543 2918 cum
1554 2881 1615 2918 vel
1623 2881 1784 2917 maxime
1795 2880 1866 2918 flo-

285 2942 425 2972 rerent,
447 2946 610 2985 cumque
631 2935 694 2982 (ut
713 2939 851 2978 Plinius
870 2938 1023 2979 testatur
1032 2938 1078 2977 de
1095 2940 1160 2978 suo
1172 2939 1273 2987 aevo)
1294 2949 1390 2990 pene
1408 2946 1468 2975 tot
1485 2935 1633 2987 sculptae
1650 2934 1869 2974 essentima-⁴

1745 3002 1867 3042 gines,
