2023 3162
318 144 807 185 VOCABVLORVM
856 143 1425 184 VITRUVIANORVM.
1611 158 1711 190 107⁷

93 213 236 254 ustoiiis
249 211 404 264 speculis
417 213 454 250 &
466 214 632 263 apprime
653 214 871 264 parabolicis
884 212 933 250 est
945 213 1260 252 commodissima.
1294 213 1454 250 Dubitat
1464 210 1684 258 Athenaeus,

92 269 353 320 numScyphus
367 268 386 305 ὲ
399 269 561 318 Scaphio
572 268 1365 320 sitdifitus.CeterumScaphiaMar.Capellae
1378 268 1454 306 vasa
1464 267 1683 305 suntrotun-

92 325 148 364 da,
162 337 274 369 πται,
294 327 331 361 in
346 324 479 373 quibus
500 323 577 371 styli
594 325 632 360 in
654 324 782 361 medio
801 324 909 361 fundi
925 324 976 360 sui
995 328 1218 376 proceritate
1230 325 1407 362 horarum
1420 323 1550 362 duc‘tus
1563 323 1682 360 discri-

91 382 248 418 minant.
263 380 308 417 de
319 392 396 428 quo
408 379 603 416 Sciatheris
614 391 747 427 genere
759 380 890 417 austor
901 379 1025 417 noster
1034 381 1096 418 lib.
1106 393 1120 416 1
1130 394 1161 418 x.
1175 392 1252 431 cap.
1261 394 1296 425 9.
1307 381 1357 417 ita
1369 380 1507 416 scribit:
1526 375 1682 430 scaphen

80 435 166 488 five
174 433 449 486 heniffhaerium,
462 431 679 483 Aristarchus
689 436 838 471 samius.
855 436 868 472 Ι
875 435 962 472 dem
974 437 1075 472 enim
1086 436 1160 473 fere
1171 438 1194 473 S
1199 437 1317 485 caphe
1327 462 1334 475 ,
1349 435 1452 485 quod
1463 436 1486 472 S
1491 446 1530 471 ca
1535 434 1679 484 phium.

94 491 216 537 Hujus
226 491 397 528 meminit
407 490 795 538 quoqueCleomedes
805 492 843 527 in
854 490 920 528 suo
933 487 1002 528 πὲἱ
1011 494 1177 534 κυκλικῆς
1188 489 1350 539 Quidue,
1360 492 1511 540 cap.ubi
1521 491 1565 528 de
1576 500 1678 526 terrae

77 547 348 596 .magnitudine
360 546 413 582 his
423 545 540 581 verbis
555 540 637 582 ῑᾶἶέἰ
646 542 780 596 suspice«)
791 543 913 596 κύκλῳ
924 544 1107 598 (ςω-όκεῧή
1125 544 1157 589 {5
1169 544 1332 599 ώρολογίε
1343 544 1474 597 σκάφη.
1503 543 1680 598 Siquidem

89 604 243 639 maximo
251 597 526 648 circulofiibjacet
533 597 693 652 horologii
703 599 846 652 Scaphe.
871 602 951 639 Ubi
961 604 1135 641 ridiculus
1145 614 1291 653 apparet
1303 603 1442 651 Georg.
1455 603 1560 640 Valla
1570 603 1678 637 inter-

91 669 195 708 pres,
217 658 360 706 quipro
371 655 532 706 Scaphe‚
556 657 733 693 vocabuli
743 656 1313 708 originemsecutus‚fossuram,
1334 661 1452 695 vertit.
1484 656 1678 694 Federicus

92 713 392 750 Commandinus
403 710 570 760 Scapheu
584 710 679 748 hanc
690 712 832 761 primus
844 711 926 760 post
935 724 1077 750 veteres
1096 716 1132 750 in
1144 714 1247 750 usum
1260 714 1356 763 apud
1367 713 1511 749 nostros
1523 723 1678 750 revoca-

89 769 156 813 vit,
166 771 202 805 ὃ(
214 767 450 819 perforatisin
461 778 502 804 ea
522 766 699 804 horarum
710 767 1049 812 tei-minationibus,
1061 769 1272 817 horologiis
1284 769 1543 811 describendis,
1555 780 1619 817 per
1637 766 1677 803 fi-

90 825 172 861 lum
183 823 432 861 commodam
443 821 542 859 fecit.
556 822 649 859 Vasa
661 821 741 859 haec
751 820 962 873 horoscopa
975 825 1131 875 appellat
1147 825 1237 860 Plin.
1249 823 1310 860 lib.
1322 836 1332 859 1
1348 837 1377 859 1.
1396 836 1428 860 c.
1443 839 1462 868 7
1473 839 1504 861 2.
1518 824 1571 860 At
1582 835 1677 871 quo-

90 881 191 916 niam
204 880 318 917 multa
328 879 373 915 de
383 877 525 927 Scaphe
537 878 733 915 retulimus
746 907 755 921 ,
774 878 810 914 id
833 890 913 915 non
931 879 1134 917 tacendum
1152 879 1263 916 nobis
1277 907 1286 922 ‚
1306 879 1472 915 Gnidum
1483 878 1677 915 Ubaldum

92 932 114 971 ὲ
126 934 407 973 Marchionibus
418 934 578 976 Montis,
591 936 628 970 in
640 932 870 979 ejuscemodi
881 934 1143 986 haemisphaerio
1154 934 1213 971 seu
1224 936 1247 971 S
1253 934 1383 984 caphe,
1397 946 1441 970 ex
1454 933 1611 971 refraCtis
1622 945 1678 969 ra-

91 990 158 1027 diis
170 990 412 1039 horologium
421 988 576 1027 lineafl'e.
593 1001 686 1038 quo,
696 989 760 1026 nisi
771 988 851 1027 vase
861 1001 956 1039 aqua
965 991 1009 1027 ad
1019 991 1164 1028 summa
1174 991 1272 1028 labra
1284 991 1427 1040 repleto
1439 1017 1448 1033 ‚
1466 989 1676 1025 commode

89 1058 207 1083 nemo
229 1056 401 1083 uteretur.
431 1045 545 1082 Ludit
564 1047 663 1082 euim
681 1047 731 1082 rei
742 1048 890 1094 ignaros
903 1074 911 1090 ‚
927 1047 964 1082 &
983 1046 1269 1083 admirationem
1289 1044 1559 1096 experientibus
1578 1043 1675 1081 facit.

92 1101 186 1138 Hoec
197 1101 350 1138 Baldus.
376 1101 434 1137 Cl.
447 1100 639 1138 Salmasius
658 1102 697 1137 iu
708 1102 893 1139 Solinum.
907 1107 951 1144 63
963 1108 998 1139 6.
1010 1100 1142 1146 Πόλῶ»
1155 1104 1192 1139 &
1207 1098 1352 1151 σκάφιον
1363 1102 1477 1144 idem,
1491 1109 1677 1149 quantum

91 1158 137 1193 ad
146 1155 321 1194 formam.
346 1157 523 1194 Marciam.
546 1157 716 1206 Capella:
735 1158 856 1208 quippe
866 1153 1008 1208 scaphia
1026 1156 1194 1194 dicuntur
1213 1155 1361 1194 rotunda
1370 1169 1413 1193 ex
1423 1168 1486 1191 aere
1497 1152 1590 1206 vasti,
1605 1167 1677 1206 quie

89 1208 252 1249 horarum
262 1211 396 1248 duc'i‘us.
409 1210 495 1262 styli
503 1212 541 1247 in
550 1211 660 1249 medto
669 1209 784 1262 fundi
792 1209 855 1263 sici
866 1222 1072 1263 proceritate
1080 1211 1332 1264 dfiriminant.
1354 1213 1415 1264 qui
1412 1208 1520 1263 stylus
1525 1222 1678 1262 gnomon

88 1268 287 1320 appellatur.
306 1270 398 1313 cujus
415 1264 539 1304 umbrae
555 1265 643 1319 proli
652 1276 737 1304 ritaes
755 1266 948 1320 aquinoc‘lio
962 1270 1072 1306 centri
1078 1266 1141 1320 sui
1149 1267 1362 1319 aestimatione
1379 1263 1553 1316 dimensa,
1570 1266 1677 1302 vicies

88 1332 210 1375 quater
218 1321 427 1374 complicata,
443 1321 566 1359 circuli
575 1321 716 1375 duplicis
734 1321 874 1359 modum
893 1321 1016 1360 reddit.
1045 1324 1186 1362 Eadem
1205 1325 1317 1374 igitur
1333 1323 1458 1360 forma
1481 1318 1617 1371 στωιφίε
1637 1323 1677 1358 δε

92 1377 197 1416 orm:
219 1389 421 1428 utrumque
440 1378 680 1429 haemispherii
700 1378 806 1416 instar
823 1378 1014 1417 reddebat.
1045 1380 1119 1417 Sed
1137 1393 1260 1418 utrum
1280 1382 1319 1417 in
1349 1389 1522 1416 concavo
1540 1376 1679 1428 scaphii

90 1434 204 1482 stylus
217 1434 434 1485 ponebatur,
445 1447 491 1471 an
509 1435 547 1471 in
559 1445 661 1485 parte
671 1434 964 1485 protuberante?
986 1436 1039 1472 Ex
1050 1437 1248 1474 Marciano
1262 1436 1389 1484 colligi
1398 1434 1573 1485 potest‚in
1586 1444 1678 1470 con-

91 1501 188 1527 cavae
209 1492 317 1540 partis
337 1490 462 1527 medio
484 1492 571 1540 erigi
592 1490 742 1527 solitum
760 1503 1010 1540 gnomonem.
1045 1492 1199 1529 Berosus
1218 1492 1463 1540 horologium
1483 1489 1587 1539 quod
1604 1487 1677 1537 ipse

90 1547 246 1590 invenit,
265 1558 308 1583 ex
322 1545 548 1594 hemicyclio
569 1546 722 1585 fecerat,
737 1546 842 1595 quod
854 1559 897 1584 ex
909 1547 1090 1596 quadrato
1102 1557 1272 1585 cavatum
1284 1558 1371 1584 etat.
1400 1546 1591 1584 Vitruvius
1610 1544 1678 1580 ibi-

91 1602 179 1639 dem
209 1612 396 1639 memorat
409 1631 418 1646 ,
451 1601 700 1639 Aristarchum
723 1603 894 1639 Samium
912 1600 1060 1655 scaphen
1081 1602 1152 1641 five
1172 1602 1467 1653 hemisphaerium
1486 1599 1654 1651 reperisse
1668 1626 1677 1634 .

90 1657 346 1706 Horologium
365 1657 434 1694 fuit
444 1657 512 1694 hac
523 1657 645 1697 forma
653 1654 778 1710 scaphe
796 1654 1276 1710 &hemisphaerz'umidemut
1292 1658 1328 1695 δε
1341 1655 1470 1701 πόλζξὶυ.
1484 1657 1570 1706 Pag.
1584 1662 1604 1692 6
1614 1670 1628 1699 3
1640 1670 1675 1700 9.

89 1712 222 1757 novi&
242 1723 366 1749 tamen
387 1714 518 1750 restius
539 1714 583 1750 de
603 1725 702 1765 parte
723 1714 936 1764 protumida
959 1726 1001 1752 ac
1023 1716 1185 1752 rotunda
1206 1723 1396 1766 caperetur
1415 1741 1424 1756 ‚
1456 1724 1568 1760 quam
1586 1721 1677 1747 con-

91 1780 191 1805 cava.
223 1780 310 1805 nam
325 1770 361 1805 δε
375 1779 484 1818 caput
496 1766 586 1805 πόλον
599 1780 794 1819 propterea
813 1769 932 1806 Graeci
943 1769 1080 1815 dixere,
1102 1770 1123 1806 ἐι
1134 1782 1241 1807 curva
1251 1769 1488 1806 rotunditate.
1521 1763 1677 1816 Σκαίφισν

90 1823 246 1873 quidem
264 1823 300 1859 id
313 1826 425 1861 etiam
436 1835 632 1869 vocarunt,
651 1825 709 1862 sed
721 1824 882 1874 Scaphio
892 1826 1034 1863 inverso
1044 1825 1124 1862 haec
1135 1826 1259 1863 forma
1269 1824 1422 1862 similior
1431 1822 1480 1859 est
1491 1851 1501 1867 ,
1511 1832 1551 1860 ut
1562 1834 1679 1860 econ-

91 1890 144 1917 tra
165 1876 283 1923 vivia&-
294 1878 453 1917 inversus
463 1879 636 1930 Scaphen
649 1882 708 1919 vel
718 1880 917 1931 Scaphium
927 1880 1026 1918 reste
1039 1881 1160 1919 refert.

146 1937 170 1972 S
183 1947 208 1973 C
218 1947 240 1970 A
255 1948 272 1972 ι)
285 1946 308 1971 ν
323 1947 348 1970 ε.
381 1934 465 1970 Lib.
484 1949 497 1972 1
511 1949 523 1971 1
538 1949 568 1973 1.
587 1948 666 1986 cap.
684 1949 717 1971 2.
730 1936 813 1982 Ejus
822 1947 980 1988 unapars
993 1936 1218 1984 constituatur
1225 1938 1263 1973 in
1273 1933 1564 1985 craffitudineimi
1571 1932 1680 1984 Scapi.

93 1991 245 2028 Baldus:
277 1988 567 2028 Crassitudinem
588 1994 670 2029 imae
681 1993 882 2035 columnae,
900 1993 948 2029 ait
966 1991 1144 2029 Barbarus
1157 2020 1168 2036 ,
1187 1993 1309 2029 imum
1326 1994 1486 2042 Scapum
1505 1988 1679 2038 appellat.

93 2045 364 2095 AtquiScapus
376 2049 489 2083 totius
499 2048 688 2084 columnae
701 2046 750 2082 est
768 2048 860 2083 inter
870 2047 1075 2097 capitulum
1089 2050 1125 2085 δε
1147 2047 1244 2084 basin
1255 2058 1424 2084 truncus.
1454 2044 1681 2094 Explicatius

94 2112 184 2149 ergo
195 2100 363 2144 Budaeus,
374 2100 534 2138 columnae
551 2104 600 2140 ait
615 2102 683 2139 effe
689 2099 821 2152 stylum
831 2095 875 2140 ὦ·
886 2100 1000 2139 veluti
1016 2104 1157 2155 virgam
1168 2101 1438 2155 ,fiipraſsapum
1451 2127 1458 2140 ,
1473 2096 1659 2150 capitulum
1669 2125 1680 2141 ‚

93 2151 338 2206 inftafiupum,
347 2156 496 2205 spiram.
532 2157 805 2194 Transsativum
825 2159 1056 2195 vocabulum
1076 2160 1096 2194 :i
1116 2159 1266 2195 fustibus
1288 2156 1350 2194 seu
1371 2156 1535 2193 caulibus
1555 2152 1680 2189 herba-

95 2223 180 2249 rum
202 2210 247 2246 ad
264 2208 354 2260 ipsas
373 2210 581 2248 columnas.
611 2213 704 2248 Plin.
717 2212 869 2248 lib.xv1
884 2224 897 2248 1
912 2225 942 2248 1.
966 2224 1044 2263 cap.
1063 2226 1122 2251 10.
1155 2220 1330 2248 Inventus
1348 2213 1398 2246 eft‘
1408 2210 1487 2257 jam
1507 2206 1550 2252 όν
1559 2204 1682 2259 fiapus

95 2273 348 2310 uniu‚centum
357 2262 611 2315 fabisonufz‘us.
644 2268 739 2303 Item
753 2266 955 2304 Columell.
970 2268 1032 2304 lib.
1051 2279 1105 2303 ix.
1118 2278 1198 2316 cap.
1211 2283 1249 2311 4·
1280 2273 1408 2318 scapus
1431 2261 1618 2316 Asphodeu',
1639 2261 1682 2298 de

97 2335 162 2375 quo
181 2321 327 2358 Plinim,
355 2316 481 2356 Albuco
499 2323 548 2357 eft
559 2327 682 2372 Scapus
702 2317 863 2356 cubitalis.
896 2322 995 2357 Hinc
1014 2321 1066 2358 ob
1077 2321 1353 2359 similitudinem
1371 2318 1500 2370 scapos
1512 2318 1683 2356 candela-

98 2379 255 2416 brorum
266 2375 355 2412 dixit
365 2375 464 2413 idem
476 2376 604 2413 austor
614 2375 676 2413 lib.
697 2388 718 2411 x
730 2388 751 2412 x
763 2388 783 2411 x
793 2388 804 2410 1
814 2388 847 2413 v.
861 2388 940 2426 cap.
960 2390 994 2420 3.
1014 2379 1154 2427 Seapos
1165 2379 1256 2415 item
1269 2387 1462 2427 portarum
1471 2376 1532 2413 seu
1541 2374 1681 2412 hostio,

98 2446 182 2470 rum
194 2433 405 2469 nominavit
415 2432 606 2469 Vitruvius
627 2431 689 2468 lib.
707 2443 762 2469 iv.
779 2443 856 2483 cap.
871 2436 904 2467 6.
938 2437 1035 2469 Fores
1054 2434 1105 2469 ita
1122 2433 1393 2485 compingantur,
1412 2440 1452 2468 ut
1459 2428 1555 2483 scapi
1571 2427 1681 2465 cardi-

98 2487 194 2526 nales
203 2487 277 2540 sint
295 2501 339 2523 ex
358 2486 543 2523 altitudine
564 2485 702 2523 luminis
718 2489 822 2522 totius
839 2485 1035 2524 duodecima
1046 2497 1182 2540 parte)
1197 2517 1204 2524 .
1234 2482 1314 2526 tum
1335 2489 1448 2525 etiam
1461 2516 1470 2531 ,
1486 2488 1578 2522 inter
1599 2483 1682 2519 duos

100 2552 222 2596 Scapos
231 2553 407 2595 tympana,
431 2555 475 2579 ex
486 2540 654 2579 duodecim
669 2538 823 2594 partibus
843 2539 986 2579 habeant
1002 2552 1120 2580 ternas
1134 2553 1262 2596 partes.
1295 2545 1407 2581 Item:
1431 2549 1617 2592 scaporum
1635 2538 1685 2575 la-

99 2597 264 2636 titudines
282 2599 421 2650 impagi's
432 2596 574 2635 dimidia
586 2608 723 2650 parte)
737 2627 745 2634 .
781 2599 872 2635 Sunt
892 2609 1020 2636 autem
1037 2599 1215 2644 ejusmodi
1238 2599 1331 2650 scapi
1349 2599 1479 2647 regulae
1497 2596 1682 2645 quaedam,

100 2654 234 2705 quibus
245 2654 386 2691 forium
398 2665 620 2693 ornamenta
632 2655 920 2705 praecinguntur,
932 2653 1138 2693 secundum
1148 2656 1317 2693 cardines
1332 2657 1370 2691 ὃς
1382 2661 1675 2702 antepagmenta.

102 2723 176 2760 qua
194 2711 240 2747 de
260 2722 297 2746 re
315 2710 399 2747 vide
420 2722 499 2758 quae
519 2709 631 2747 fusius
651 2709 808 2747 diximus
830 2711 868 2748 in
890 2711 1029 2760 Replo.
1064 2711 1203 2761 Scapos
1221 2721 1374 2759 quoque
1395 2708 1574 2745 scalarum
1593 2707 1684 2743 dixit

103 2768 248 2804 Vitruv.
269 2765 331 2803 lib.
359 2778 412 2802 lx.
441 2777 518 2816 cap.
539 2781 572 2803 2.
612 2766 651 2801 Si
668 2765 761 2800 enim
778 2762 924 2802 altitudo
942 2767 1205 2818 contignationis
1217 2795 1226 2810 ‚
1244 2762 1285 2801 ab
1292 2763 1437 2815 stimma*
1452 2763 1683 2800 coaxatione.)

104 2819 154 2857 ud
170 2823 280 2858 imum
301 2818 560 2860 libramentum,
579 2816 690 2867 diviso
699 2817 818 2871 fuerit
828 2822 866 2857 in
881 2829 999 2870 partes
1017 2829 1109 2859 tres,
1131 2822 1199 2857 erit
1216 2832 1334 2856 earum
1350 2819 1500 2871 quinque
1517 2818 1556 2854 in
1563 2814 1685 2868 scalis,

105 2882 288 2928 scaporum
297 2878 399 2923 juft‘o
414 2875 646 2929 longitudine,
660 2873 844 2912 inclinatio.
874 2876 1026 2913 Locum
1048 2887 1238 2926 exponens
1257 2875 1466 2922 Philander3
1477 2870 1686 2924 fiapusfia-

106 2928 232 2975 larum,
250 2934 312 2975 ait,
330 2935 378 2968 eft
393 2941 538 2969 truncus
558 2929 732 2980 uficmma
747 2927 1018 2967 contabulatione
1034 2929 1079 2968 ad
1095 2930 1314 2982 recessionem.
1345 2926 1628 2968 Obscuriuscule
1647 2928 1686 2964 id

109 2985 268 3035 quidem.
282 2988 424 3025 Clarius
435 2999 560 3027 autem
575 2987 770 3026 Barbarus:
793 2988 1016 3025 Conveniunt
1026 2986 1122 3024 ret—‘ke
1132 3000 1209 3026 cum
1221 2983 1423 3025 cochlidibus
1432 2988 1469 3024 in
1471 2984 1689 3038 proportione

1034 3050 1060 3082 ο
1091 3057 1113 3082 2
1499 3035 1685 3092 graduum,
