2023 3162
284 102 333 130 20
687 79 1525 122 D2810N1u1cxss10nss

281 156 460 195 ducuntur
471 150 515 194 (ῤ’
524 151 678 205 transtra
696 151 739 198 όν
755 149 909 204 capreoli.
939 147 1189 198 Compendio
1199 146 1405 185 Philander,
1421 148 1630 198 Capreolos
1640 145 1708 184 effe
1719 148 1871 201 ait,pro-

282 213 412 250 cunata
425 209 616 263 hincatque
632 207 713 246 hinc
723 206 818 260 ligna
828 236 838 252 ,
857 218 926 258 quae
942 206 1117 241 canterus
1127 201 1311 253 ficstz'ncnt.
1343 202 1520 240 Barbarus
1538 215 1628 241 vero
1641 233 1651 248 ‚
1667 203 1869 250 claviculae,

284 272 348 315 ait,
359 282 430 322 quae
445 265 599 318 Capreolc¹
609 263 773 301 dicuntur
784 259 1045 313 usc'mtlt'tudz'ne
1056 259 1298 312 pampinorum
1311 287 1320 302 ‚
1339 257 1512 309 quiastcut
1523 258 1672 309 capreoli
1681 262 1775 296 vites
1787 286 1795 300 .
1817 262 1870 297 ita

284 323 462 362 clavicula
478 322 537 359 ille
555 321 721 358 canterius
739 316 1035 370 compleffimtur.
1077 314 1195 370 Qod
1224 314 1312 351 dicit
1334 314 1546 363 Capreolos
1564 313 1632 351 effe
1657 318 1870 366 pampinos,

283 381 392 419 suum
403 381 567 417 imitatur
578 375 829 413 Hermolaum
842 400 850 413 ‚
873 373 976 421 atqui
987 381 1142 420 uterque
1152 382 1358 420 perperam.
1390 370 1527 419 Longe
1537 371 1640 406 enim
1651 371 1753 409 distat
1763 372 1782 408 ‘a
1797 373 1870 410 Ca-

286 437 423 488 preolo
433 434 640 485 pampinus
673 430 881 468 Cincinnus
891 429 953 465 ille
964 428 1190 465 claviculave
1203 426 1252 464 est
1265 425 1320 471 (ut
1335 437 1423 462 cum
1436 426 1559 462 Plinio
1573 424 1714 471 dicam)
1733 439 1804 476 qua
1815 441 1871 465 re-

287 495 342 543 pit
362 492 467 533 vitis,
486 489 682 538 pampinus
692 498 782 525 vero
800 485 875 536 ipsa
893 484 1007 522 frons.
1041 481 1243 536 Capreolus,
1266 483 1468 521 ait-Varro,
1488 485 1515 518 ἐς
1527 483 1578 518 efz‘
1587 479 1871 520 coliculusvieeus

287 550 434 584 intortus
445 553 485 581 ut
496 545 686 580 cincmnus.
716 549 751 579 Is
762 544 856 579 emm
867 542 959 577 vites
971 549 1010 576 ut
1021 547 1135 575 teneat
1146 568 1156 583 ‚
1163 537 1278 590 fi’rpit
1288 536 1334 573 ad
1351 535 1461 573 locum
1471 535 1688 588 capiundum.
1709 548 1753 572 ex
1771 550 1833 589 quo
1845 537 1872 575 u

288 598 446 654 capiendo
456 598 627 652 capreolus
638 596 762 635 diuus.
796 598 897 654 Qia
907 595 1119 647 Capreolus
1130 595 1265 633 vitium
1278 594 1457 632 clavicula
1471 622 1480 638 ‚
1494 592 1672 630 Barbarus
1685 592 1873 632 Vitruvia-

288 669 358 695 nos
370 657 582 707 Capreolos
594 685 603 699 ‚
619 654 820 692 claviculas
830 652 1028 703 appellavit
1041 680 1050 696 ‚
1071 651 1174 687 nullo
1195 649 1277 687 sane
1289 649 1385 700 apud
1395 659 1538 687 veteres
1559 651 1595 686 ὃ(
1609 649 1735 685 bonos
1747 649 1875 687 aucto-

290 726 345 751 res
357 714 544 762 exemplo.
576 713 660 760 Ego
670 709 815 748 fortasse
827 708 1040 758 negaverim
1056 707 1092 742 in
1110 706 1402 743 trabeationibus
1415 706 1626 755 Capreolos
1648 703 1668 739 ἐι
1681 704 1876 753 Capreolis

290 766 610 807 vitiummutuass'e
629 777 786 804 nomen.
818 765 857 802 A
876 763 1075 816 Capreolis
1095 764 1219 812 potius
1239 761 1322 798 feris
1343 761 1553 811 pecudibus
1567 790 1577 805 ,
1597 771 1688 809 quas
1707 752 1878 809 ὃσρκοίῶα.

290 826 413 862 Gtaeei
433 825 643 876 appellant,
666 822 787 859 diuos
805 821 977 872 putarim.
1008 819 1062 855 Vt
1074 819 1176 855 enim
1197 816 1446 854 illiincursant
1464 816 1620 854 adversis
1638 817 1879 861 cornibus‚&

291 882 494 924 enituntur,
503 881 553 917 ita
565 879 743 928 Capreoli
752 877 807 915 isti
819 875 1055 925 ass'utgenteS,
1066 876 1184 924 capita
1194 873 1254 911 seu
1265 885 1408 911 cornua
1418 875 1455 910 ὅ(
1467 872 1609 909 frontes
1620 873 1881 910 canteriorum

291 936 520 990 ponderibus
549 943 766 985 opponunt.
807 932 882 968 Pro
903 932 974 967 hac
996 930 1119 966 nostra
1141 930 1324 980 opinione
1345 928 1433 965 facit
1453 929 1630 966 Graeeum
1647 928 1880 966 vocabulum

291 988 468 1039 ovsuv‘vflocq,
479 991 499 1027 *a
512 991 630 1028 verbo
640 985 822 1034 ovsuu‘vfluu,
836 986 941 1023 fimul
951 985 1140 1022 inclinate,
1154 984 1530 1034 pariterincumbere‚
1541 982 1758 1034 conspirare.
1781 983 1881 1021 unde

291 1048 391 1100 apud
405 1046 580 1097 Xenoph.
592 1043 697 1080 dqu.
718 1057 752 1080 z.
771 1044 945 1092 legimus,
957 1039 1083 1087 u'vu'smq
1102 1035 1255 1089 231?va
1270 1036 1434 1090 ovsuv'ssoq
1452 1037 1493 1075 m*
1510 1035 1635 1088 κε’ρριῗᾲ
1653 1041 1697 1078 ra?
1716 1035 1878 1078 meumst&-

292 1101 431 1152 Neceffiz
447 1112 562 1138 autem
572 1110 646 1137 erat
664 1098 753 1136 dura
772 1100 901 1135 coirent
921 1110 1046 1134 cornua
1055 1097 1201 1149 agmina?
1214 1122 1221 1136 ‚
1245 1094 1316 1140 &a
1347 1096 1419 1133 Sed
1431 1095 1468 1133 δέ
1481 1096 1671 1134 Vitruvius
1688 1097 1710 1133 l.
1722 1109 1755 1132 x.
1768 1109 1801 1134 c.
1821 1105 1835 1133 1
1849 1107 1882 1138 5.

294 1160 359 1198 ubi
372 1151 417 1197 ele
434 1157 507 1195 bati
519 1157 688 1194 fulcrove
700 1155 907 1205 Catapultae
925 1155 1094 1203 loquitur
1106 1181 1116 1197 ‚
1136 1154 1207 1198 ejus
1221 1149 1374 1205 Capreolc'
1386 1181 1397 1196 ‚
1417 1153 1466 1188 ait
1477 1181 1487 1197 ‚
1508 1161 1579 1189 tres
1594 1181 1604 1197 ‚
1616 1164 1762 1204 quorum
1774 1150 1884 1204 longi-

291 1214 375 1252 tudo
385 1213 604 1267 sbrammum
629 1225 672 1250 1x
685 1241 695 1257 ‚
711 1209 857 1248 lamudo
876 1207 1016 1246 dimidci
1031 1206 1233 1258 fbraminis.
1270 1211 1397 1262 Qem
1416 1210 1550 1245 locum
1570 1220 1765 1258 exponens
1785 1210 1885 1245 Tur-

293 1271 411 1309 nebus
423 1271 544 1319 inquit
556 1298 567 1313 ‚
592 1264 748 1321 Capreolc‘
764 1267 824 1319 qui
834 1263 859 1302 u
871 1269 991 1303 Graecis
1008 1261 1171 1311 ovsuv'iloq
1182 1263 1390 1317 appellantur
1403 1293 1413 1308 ‚
1433 1262 1637 1316 tigjllaficnt
1645 1261 1828 1316 fizstigiata
1838 1259 1885 1302 ἄ·

291 1329 331 1365 iu
351 1324 559 1363 columellam
567 1321 644 1376 ficis
663 1319 825 1376 capctlbus
843 1323 1014 1367 nitentia,
1031 1333 1171 1374 eamque
1180 1317 1346 1356 hincinde
1355 1319 1539 1369 firmantia
1550 1332 1594 1355 ne
1603 1327 1726 1355 nutent
1743 1328 1804 1355 aut
1814 1331 1887 1356 va-

293 1383 418 1419 cilleut,
450 1381 662 1431 Capreolos
682 1390 772 1429 ergo
800 1379 910 1417 vertit
922 1378 1112 1416 Vitruvius
1125 1407 1134 1422 ‚
1152 1388 1248 1426 quos
1269 1372 1439 1422 ουΓκόνῆοις
1459 1375 1590 1414 Graeee
1612 1375 1752 1412 dixerat
1764 1373 1884 1412 Athe-

294 1450 407 1476 naeus.
439 1437 590 1474 Horum
603 1435 720 1484 liquis
732 1435 921 1472 oculatam
932 1432 1050 1471 fidem
1070 1435 1184 1485 eupit,
1200 1431 1367 1470 consulat
1386 1431 1556 1482 Lipsium
1574 1432 1619 1468 de
1630 1430 1797 1469 Machin.
1809 1431 1831 1467 1.
1850 1445 1886 1475 3·

294 1495 395 1533 Dial.
410 1508 445 1531 2.
464 1495 502 1529 in
525 1491 715 1529 schemate
736 1492 866 1529 vetetis
883 1489 1124 1527 Bruxellensis
1143 1490 1357 1539 catapultae.
1400 1490 1412 1525 l
1419 1487 1479 1538 pse
1497 1499 1656 1537 quoque
1679 1486 1799 1524 Caesar
1819 1487 1888 1524 Ci-

294 1552 358 1590 vil.
371 1563 404 1588 2.
426 1549 472 1586 de
482 1548 659 1585 Musculo
682 1549 747 1585 ait:
772 1546 849 1583 Has
870 1546 1129 1593 (columellas)
1153 1544 1289 1582 inter-se
1302 1545 1499 1595 Capreolis
1511 1545 1620 1581 molli
1639 1542 1783 1593 fastigio
1797 1554 1889 1580 con-

295 1609 466 1656 jungunt,
477 1604 539 1641 ubi
550 1606 650 1654 tigna
661 1615 741 1653 quae
753 1601 907 1641 musculi
916 1603 1066 1653 tegendi
1076 1602 1168 1641 caus
1161 1614 1182 1639 a
1192 1610 1352 1652 ponunt,
1364 1601 1616 1638 collocentur.
1637 1599 1722 1636 Hos
1733 1597 1887 1636 eosdem

298 1662 514 1714 Capreolos
528 1660 629 1698 idem
639 1659 839 1698 Athenaeus
852 1655 1023 1705 πΓκιίνΗοις
1033 1659 1244 1711 appellavit.
1262 1657 1351 1695 Scio
1364 1659 1400 1695 ὅ(
1414 1657 1648 1707 Capreolum
1659 1655 1889 1693 Columella:

294 1719 320 1756 l.
338 1731 350 1754 1
367 1730 396 1754 1.
415 1730 446 1755 c.
467 1731 499 1761 3·
519 1729 639 1767 genus
649 1715 718 1755 effe
735 1716 859 1753 rustici
877 1715 1093 1754 ferramenti
1112 1715 1278 1752 bicornis
1291 1740 1299 1754 ‚
1325 1713 1371 1752 ad
1391 1723 1525 1752 terram
1545 1711 1885 1754 commovendam,

297 1773 403 1824 quod
416 1773 570 1822 quidem
583 1771 852 1811 &similitudine
863 1783 1051 1812 cornuum
1070 1772 1337 1823 capreolorum
1354 1767 1497 1808 traxisse
1520 1781 1664 1808 nomen
1681 1779 1754 1819 pto
1775 1776 1886 1803 com-

297 1839 409 1881 perto
421 1828 558 1867 habeo.
995 1855 998 1858 ⁴
1036 1839 1037 1842 ¹

357 1885 392 1922 C
404 1896 429 1922 A
443 1898 461 1922 P
479 1897 493 1920 s
504 1897 528 1922 v
540 1896 582 1923 M..
603 1884 727 1922 Lib.x.
741 1898 773 1923 c.
783 1897 841 1932 14.
863 1881 1008 1937 Capsum
1019 1881 1150 1920 Rhedae.
1161 1883 1314 1921 Baldus:
1329 1886 1399 1922 cA
1407 1878 1565 1933 capiendo
1574 1874 1723 1929 capsum,
1736 1877 1787 1914 ait
1799 1874 1887 1913 Phi-

300 1939 441 1983 lander‚
451 1935 568 1973 Rhedae
576 1950 671 1989 pars,
684 1937 740 1975 ubi
750 1941 810 1990 qui
820 1940 1009 1976 vec'lantur
1018 1937 1155 1988 sedent.
1193 1939 1284 1974 Hoc
1295 1936 1522 1973 vocabulum
1534 1933 1634 1984 apud
1644 1941 1787 1970 veteres
1804 1931 1886 1968 nul-

299 1995 367 2032 libi
384 2006 446 2033 me
467 1989 588 2042 legisse
598 1995 752 2029 memini
764 2022 773 2037 ‚
792 2003 1036 2041 praeterquam
1049 1993 1147 2042 apud
1165 1993 1268 2029 hunc
1286 1991 1454 2027 nostrum
1471 1989 1675 2026 auctorem.
1705 1987 1887 2025 Nosltali

301 2063 367 2102 pet
378 2060 508 2087 manus
521 2058 681 2098 accepto
690 2046 820 2098 pallini
831 2049 972 2084 utimur
984 2075 994 2091 ,
1013 2045 1044 2082 il
1056 2043 1140 2096 caffb
1151 2071 1159 2084 ,
1184 2057 1253 2095 pro
1265 2044 1375 2097 capso
1387 2045 1552 2082 dicentes
1565 2074 1575 2089 ‚
1594 2044 1707 2092 idque
1727 2042 1887 2090 cujusvis

301 2108 355 2144 rei
365 2107 424 2143 cui
433 2117 509 2143 vox
521 2113 672 2155 aptatur.
705 2104 798 2141 Haec
810 2104 881 2140 ille.
915 2103 1036 2151 Bclgae
1047 2101 1171 2141 nostri,
1188 2111 1227 2138 ut
1237 2111 1343 2152 puto,
1355 2111 1493 2138 vocant
1502 2103 1578 2142 tucn
1586 2097 1726 2141 wath.

361 2162 396 2198 C
407 2173 428 2196 Α
441 2171 464 2198 R
474 2171 493 2196 B
503 2171 525 2197 v
538 2173 563 2195 N
576 2171 601 2197 C
612 2172 636 2197 v
648 2171 706 2199 LV
720 2173 747 2196 s,
769 2158 893 2196 Lib.2.
910 2170 982 2203 c.4.
1006 2164 1142 2198 Genera
1154 2166 1270 2192 autem
1282 2155 1417 2207 fhssitz'ae
1438 2153 1643 2208 areuaeficut
1660 2152 1726 2193 haec
1740 2179 1748 2193 1
1770 2154 1885 2206 nigra,

304 2230 400 2256 cana,
413 2212 532 2261 rubra,
543 2212 782 2251 carbunculus.
803 2216 896 2252 Item
910 2225 989 2263 cap.
1002 2219 1037 2250 6.
1074 2218 1194 2264 Itaque
1203 2220 1243 2248 ut
1256 2212 1438 2265 Campania
1449 2211 1569 2255 exusta
1577 2220 1673 2248 terra
1677 2208 1803 2263 pulvis
1813 2234 1822 2248 ‚
1833 2207 1888 2260 stc

305 2274 343 2310 in
355 2272 499 2309 Etruria
510 2270 647 2308 excocst'a
657 2272 807 2307 materia
816 2269 865 2320 fit
877 2266 1123 2306 Carbunculus.
1144 2269 1250 2305 Tum
1266 2267 1449 2305 subnectit
1461 2281 1470 2310 ·,
1495 2259 1545 2304 6Ξῖ
1555 2276 1673 2304 autem
1682 2263 1729 2303 ibc'
1737 2266 1888 2303 materia

300 2326 447 2382 potestus
464 2327 593 2364 mollior
608 2339 712 2379 quam
732 2322 876 2378 tophus,
890 2321 1034 2377 solidior
1051 2337 1154 2376 quam
1173 2333 1279 2363 terra,
1299 2336 1363 2376 quo
1376 2325 1520 2376 penitus
1531 2320 1572 2360 ab
1588 2325 1655 2360 imo
1668 2319 1889 2359 vehementia

307 2386 445 2435 vaporis
456 2381 569 2432 adusto
581 2408 588 2421 ‚
609 2380 776 2420 nonnullis
784 2380 861 2418 locu
872 2391 1074 2433 procreatur
1083 2378 1122 2417 id
1136 2393 1249 2433 genus
1260 2392 1368 2416 arenae
1379 2409 1388 2425 ‚
1409 2378 1500 2432 quod
1507 2378 1636 2416 dicitur
1645 2374 1887 2416 carbunculus.

309 2438 454 2477 Baldus:
468 2438 599 2474 Oculo
611 2450 743 2487 parum
751 2438 866 2475 firmo
879 2437 976 2475 hunc
988 2435 1117 2475 locum
1129 2435 1250 2485 legiss'e
1259 2436 1404 2474 videtur
1415 2435 1607 2479 filbertus,
1617 2436 1685 2484 qui
1693 2443 1888 2485 propterea

306 2494 444 2546 scripsit
457 2492 738 2532 Carbunculum
749 2495 942 2531 materiam
961 2493 1028 2530 effe
1048 2493 1240 2543 quandam
1254 2493 1457 2529 terreamin
1477 2492 1671 2529 montium
1689 2489 1886 2528 visceribus

311 2550 476 2595 cothm,
488 2550 590 2587 itaut
599 2549 672 2599 ipsa
686 2550 861 2587 coCtione
870 2548 1014 2587 factafit
1025 2559 1120 2587 tetra
1137 2549 1289 2599 quidem
1298 2560 1379 2584 non
1390 2548 1496 2585 cocta
1507 2547 1672 2592 solidior,
1690 2545 1812 2597 topho
1823 2553 1887 2580 au-

308 2618 385 2645 tem
402 2606 569 2644 mollior.
601 2605 690 2643 Hoc
701 2606 824 2643 tamen
837 2631 845 2645 ‚
866 2616 907 2642 ut
922 2616 1030 2643 acute
1041 2604 1246 2643 observavit
1258 2602 1469 2648 Philandet,
1486 2615 1563 2640 non
1575 2603 1665 2641 dicit
1675 2600 1885 2642 Vitruvius,

308 2665 461 2711 quinon
470 2661 516 2700 de
528 2672 642 2702 teme,
654 2662 714 2700 sed
723 2662 769 2700 de
780 2661 1008 2712 Carbunculi
1016 2664 1054 2712 ip
1060 2661 1125 2699 {ius
1137 2660 1371 2711 qualitatibus
1381 2661 1494 2698 verba
1504 2659 1602 2697 facit.
1634 2651 1886 2695 carbunculum

310 2727 439 2754 terram
450 2718 577 2770 quaeita
589 2727 758 2757 vocatur,
780 2719 903 2768 inquit
922 2717 1014 2754 Plin.
1028 2717 1087 2754 lib.
1099 2730 1199 2756 xvii.
1214 2728 1293 2767 cap.
1308 2730 1344 2763 4.
1363 2714 1538 2752 emendari
1554 2716 1631 2751 vite
1640 2724 1764 2750 macra.
1840 2719 1886 2746 ua

310 2772 356 2809 dc
368 2785 405 2809 re
417 2775 465 2809 ita
476 2773 654 2812 Palladius
665 2776 701 2811 in
709 2771 884 2828 Januatio
896 2773 1018 2811 mense
1030 2787 1037 2810 :
1061 2770 1297 2810 Carbunculus
1308 2770 1597 2823 niststercoretur‚
1612 2780 1743 2804 macras
1760 2766 1886 2802 vineas·

310 2826 437 2864 reddu.
467 2829 570 2866 Idem
589 2830 664 2868 fei-e
677 2831 905 2869 Columella.
936 2830 1008 2868 Sed
1023 2831 1194 2869 &Varro
1212 2830 1274 2867 lib.
1292 2843 1316 2867 1.
1329 2841 1360 2865 c.
1381 2844 1413 2866 2.
1435 2824 1683 2876 Agriculr.ait
1696 2852 1705 2866 ‚
1728 2817 1885 2857 Carbun-

311 2881 426 2920 culum
431 2896 539 2936 geuus
551 2881 612 2933 qsfi’
622 2896 717 2924 terrae
727 2900 798 2940 quae
810 2885 885 2923 Sole
896 2884 1151 2938 praefl'rvet‚ita
1162 2894 1202 2921 ut
1214 2881 1344 2922 radices
1351 2883 1513 2935 ficorum
1521 2877 1700 2917 comburat.
1719 2879 1781 2914 De
1793 2877 1886 2914 Car-

312 2941 482 2978 bunculo
491 2939 576 2978 alibi
596 2952 748 2991 quoque
764 2943 862 2993 apud
872 2943 1017 2983 Vitruv.
1031 2943 1197 2982 mentio,
1221 2951 1358 2990 nempe
1377 2939 1481 2977 l.v11
1495 2949 1524 2974 1.
1546 2947 1625 2986 cap.
1644 2947 1674 2971 1.
1694 2935 1731 2970 in
1744 2945 1825 2981 quo
1837 2931 1885 2967 de

1700 2998 1883 3039 aquarum
