2023 3162
227 79 300 113 192
622 58 1044 101 M.V1Tan11
1093 57 1450 98 POLLIONIS

219 133 326 183 supra
345 130 545 169 humerum
568 130 741 168 dextrum
759 124 979 164 lucidiss'ima
998 125 1098 163 stella
1108 127 1236 163 nititur
1248 156 1258 171 ‚
1271 139 1385 177 quam
1397 127 1510 165 nostri
1525 129 1828 181 provindemiam

223 190 407 235 majorem
422 216 432 232 ‚
454 187 575 224 Graeci
603 186 666 233 [c]
683 179 886 233 rare-97pu‘74nv
908 183 1098 226 vocitant,
1122 180 1202 228 [d]
1223 183 1383 220 candens
1402 194 1532 222 autem
1554 188 1672 235 magis
1690 186 1830 238 species

226 247 304 291 ejus
316 242 365 280 cst
379 244 559 280 colorata.
590 243 687 278 Item
705 240 774 276 alia
785 249 918 275 contra
935 236 984 274 est
995 236 1094 274 stella
1104 238 1226 275 media
1238 250 1450 288 genuorum
1471 240 1518 287 [e]
1536 242 1711 279 Custodis
1722 243 1829 289 areli,

225 302 289 349 qui
304 300 485 336 Ari-Clurus
497 298 641 333 dicitur.
673 295 731 333 Est
741 294 792 332 ibi
802 294 989 331 dedicatus
1003 290 1022 329 ὲ
1035 292 1189 343 regione
1202 296 1329 344 capitis
1340 295 1613 345 Septentrionis
1626 326 1636 341 ,
1649 299 1752 336 trans
1747 312 1830 338 ver„

223 356 279 393 sus
291 356 337 392 ad
349 355 459 407 pedes
470 353 721 389 Geminorum
733 380 744 396 ‚
763 350 923 399 Auriga,
937 349 1079 398 statque
1099 350 1136 386 in
1155 349 1305 387 summo
1329 362 1452 388 cornu
1465 352 1589 389 Tauri.
1609 350 1688 401 [f]
1710 355 1827 393 Item-

224 413 346 461 quein
358 410 505 447 summo
516 419 634 445 cornu
647 408 744 444 laevo
756 407 800 443 ad
810 405 960 455 Aurigae
972 405 1082 456 pedes
1094 434 1104 449 ‚
1124 417 1195 442 una
1206 415 1308 443 tenet
1319 416 1422 456 parre
1433 406 1575 444 stellam
1588 437 1598 452 ‚
1620 409 1657 445 ὃς
1669 412 1829 459 appella·⁵

225 478 285 505 tur
297 468 428 512 aui-igae
439 475 581 500 manus.
616 462 737 500 Hoedi
749 473 857 512 capra
868 463 962 499 laevo
972 460 1131 498 humero
1151 462 1270 499 Tauri
1281 462 1436 511 quidem
1456 464 1494 499 δε
1517 463 1638 500 arietis
1654 492 1664 508 ,
1686 465 1828 516 insuper

225 522 375 561 Perseus
387 518 654 557 dexterioribus
677 515 739 572 [g]
762 518 1037 556 subtercurrens
1047 516 1161 554 basim
1183 517 1455 567 Vergiliarum,
1483 515 1536 567 [h]
1552 518 1826 560 sinisterioribus

227 588 340 627 caput
358 576 517 614 Arietis,
542 570 599 626 [i]
621 575 658 612 δε
680 586 791 612 manu
811 574 940 612 dextra
956 574 1116 610 innitens
1138 572 1344 623 Caffiopeae
1365 572 1563 612 simulacro
1577 604 1587 620 ,
1618 575 1705 613 laeva
1728 575 1828 627 supra

227 635 396 681 aurigam
407 642 509 669 tenet
521 631 773 681 Gorgoneum
790 630 835 668 ad
846 628 1034 667 summum
1046 639 1176 679 caput,
1198 628 1466 679 subjiciensque
1489 630 1748 669 Andromeda:
1770 645 1830 683 pe-

227 689 346 726 dibus.
379 685 448 740 [k]
470 689 568 724 Item
581 686 699 724 Pisces
720 686 821 738 supra
834 684 1122 723 Andromedam
1142 687 1179 722 ὅ(
1200 687 1276 732 ejus
1293 688 1509 724 ventrem&
1524 688 1631 736 Equi,
1648 699 1729 735 quae
1750 686 1830 726 sunt

228 744 332 796 supra
350 743 488 795 spinam
508 744 627 792 Equi,
645 744 750 789 cujus
768 743 905 781 ventris
919 739 1139 779 lucidissima
1148 740 1248 778 stella
1267 741 1347 779 finit
1359 752 1528 780 ventrem
1542 743 1638 793 Equi
1657 745 1694 781 δε
1718 754 1831 794 caput

227 800 492 839 Andromedae.
514 799 651 836 Manus
666 798 923 836 Andromeda:
936 798 1075 840 dextra,
1088 794 1190 848 supra
1204 796 1412 848 Caffiopeae
1424 797 1660 837 simulacrum
1671 799 1721 836 est
1733 811 1831 837 con-

227 856 368 895 stituta,
393 857 481 893 laeva
494 853 598 904 super
617 853 673 901 [l]
692 855 968 904 Aquilonarem
980 851 1130 890 Piscem.
1166 855 1263 890 Item
1275 854 1464 903 Aquarius
1483 853 1586 906 supra
1597 856 1696 904 Equi
1708 866 1829 908 caput.

228 915 306 960 [m]
320 912 418 962 Equi
441 912 585 961 ungulae
597 912 782 961 attingunt
794 910 953 960 Aquarii
964 919 1095 959 genua.
1125 910 1191 957 [n]
1206 907 1409 961 Cassiopeae
1421 911 1546 949 media
1560 911 1609 950 est
1619 911 1739 949 dicata
1753 914 1828 951 Ca-

1633 979 1827 1018 prlCOsnO.

266 1084 377 1112 Faciunt
389 1093 479 1112 tamen
490 1085 680 1123 provindemiae
692 1086 854 1115 vocabulum
871 1087 1012 1126 Proclique
1023 1086 1161 1115 cousensus
1175 1108 1182 1119 ,
1201 1090 1225 1115 ὃς
1235 1086 1315 1115 verba
1324 1087 1367 1115 illa
1379 1086 1472 1118 Plinii,
1488 1085 1631 1113 vindemia:
1643 1084 1828 1129 maturitatem

265 1125 438 1163 promittens;
452 1135 479 1153 ut
493 1126 592 1164 placcat
603 1128 689 1155 nostra
700 1128 743 1155 illa
754 1127 956 1156 animadverfio.
979 1128 1088 1156 Procius
1099 1137 1156 1156 earn
1167 1127 1266 1156 stellam
1277 1128 1308 1156 ad
1318 1128 1439 1156 dextram
1450 1126 1569 1167 Virginis
1580 1125 1648 1154 alam
1656 1125 1807 1153 constituit.

224 1167 248 1200 c]
288 1165 370 1193 Idem.
391 1166 489 1193 Proclo
499 1167 597 1195 dicitur
606 1167 782 1204 ωερτςυγηπὶς,
795 1169 819 1196 id
829 1168 864 1196 est
874 1168 1092 1206 praevindemitot
1103 1189 1110 1199 ‚
1130 1168 1262 1196 chalda-is
1274 1168 1420 1196 almucedie
1432 1167 1548 1206 alaraph.
1731 1204 1737 1213 x

224 1207 255 1241 d]
288 1206 371 1233 Idem.
395 1207 547 1235 Existimavi
559 1218 606 1245 pro
616 1208 711 1248 species
721 1208 890 1236 scribendum
900 1204 951 1237 esse
961 1208 1037 1247 spica,
1050 1207 1229 1249 quodfulgida
1239 1209 1270 1237 iit
1281 1209 1308 1236 in
1321 1209 1439 1248 Virginis
1449 1218 1528 1236 manu
1538 1207 1620 1238 stella,
1632 1206 1716 1242 ςοιχύς
1726 1218 1740 1235 a
1753 1209 1828 1234 Grae-

272 1247 309 1274 cis
318 1247 388 1275 dina
397 1268 403 1279 ‚
425 1251 450 1275 δέ
462 1247 477 1275 a
489 1248 620 1276 Chaldaeis
640 1249 759 1277 alzimon
771 1249 860 1277 alazcl.
881 1250 1055 1278 Germanicus
1067 1251 1094 1277 in
1105 1250 1223 1278 verlionc
1238 1251 1332 1279 Arati,
1354 1250 1449 1290 Fulget
1460 1248 1529 1288 spica
1539 1258 1626 1276 manu.
1648 1250 1690 1276 De
1700 1257 1729 1275 ea
1737 1245 1828 1276 Baffus

273 1287 327 1322 ejus
339 1297 474 1315 enarrator
483 1289 510 1316 in
520 1288 590 1317 hunc
603 1290 713 1318 modum
723 1290 849 1329 prodidit.
871 1290 962 1318 Habet
978 1291 1023 1324 (de
1034 1291 1144 1331 Virgine
1153 1291 1286 1329 loquitur)
1308 1291 1335 1318 in
1345 1290 1453 1329 lingulis
1470 1289 1590 1317 manibus
1610 1288 1724 1329 lingulas
1735 1289 1827 1317 stellas:

268 1328 312 1355 illa
323 1337 380 1365 qua:
393 1329 493 1362 dextra,
505 1330 602 1358 clarior
613 1331 648 1358 est
658 1352 664 1363 ,
677 1335 701 1359 δι
715 1340 825 1359 vocatur
836 1330 913 1369 spica.
935 1332 999 1359 Hoc
1010 1331 1080 1359 idem
1089 1332 1218 1371 Higi'nus.
1240 1331 1426 1360 Emendandus
1438 1340 1569 1368 uterque;
1590 1333 1613 1358 δε
1624 1340 1672 1368 pro
1681 1329 1774 1375 deutra
1788 1329 1828 1357 le-

266 1369 388 1408 gendum
402 1369 507 1398 liiiistra.
532 1371 657 1399 Manilius
667 1372 796 1400 torridam
806 1371 903 1410 spicam
914 1381 1010 1405 vocat,
1030 1369 1137 1400 fortasse
1149 1372 1218 1399 idem
1227 1371 1343 1410 spectans
1356 1393 1363 1405 ,
1383 1372 1455 1411 quod
1463 1372 1601 1401 -Vitruvius
1614 1391 1621 1404 ,
1631 1380 1694 1399 cum
1704 1380 1750 1404 ait,
1761 1380 1826 1399 can-

265 1411 338 1437 dens.
359 1411 430 1438 Nam
441 1414 464 1438 δε
477 1407 565 1439 Bassus
575 1412 600 1439 in
613 1414 745 1451 principio
756 1414 970 1445 Commentarii‚
989 1414 1096 1453 igneam
1106 1412 1205 1452 spicam
1214 1413 1337 1451 appellat.
1635 1425 1637 1427 ¹

223 1451 249 1484 c]
286 1450 371 1477 Idem.
395 1453 532 1480 Convenit
545 1453 641 1481 Proclo
651 1474 658 1486 ,
677 1454 829 1481 Ptolemaeo
840 1474 847 1485 ,
867 1457 892 1481 δι’
904 1450 981 1481 Baffo
990 1463 1053 1482 cum
1073 1455 1206 1482 Vitruvio.
1228 1454 1402 1482 Germanicus
1412 1462 1522 1485 contra,
1539 1463 1590 1492 qua
1600 1453 1704 1481 vincula
1715 1452 1826 1481 nodant.

265 1491 351 1529 Qod
361 1488 448 1520 Rufus
459 1493 574 1521 Avienus
585 1494 705 1522 imitatus
714 1494 793 1526 dixit,
802 1498 896 1521 Aurea
905 1504 958 1532 qua
971 1495 1082 1530 summos
1091 1496 1239 1531 astringunt
1249 1494 1350 1532 cingula
1358 1497 1476 1523 umidus.
1500 1495 1578 1523 Illum
1588 1493 1692 1522 secutus
1705 1494 1825 1533 Higinus

263 1531 292 1558 in
304 1532 380 1559 Zona
390 1532 517 1561 collocat.
539 1536 682 1572 Vtcunque
694 1535 739 1567 est,
749 1544 901 1574 genuorum
912 1544 960 1572 pro
967 1545 1088 1575 genuum
1097 1536 1201 1564 dictum
1212 1537 1224 1567 ,'
1233 1535 1278 1563 nili
1290 1536 1373 1564 mavis
1384 1535 1455 1574 sequi
1471 1536 1592 1563 codicem
1603 1545 1676 1567 eum.
1687 1535 1714 1562 in
1723 1545 1778 1573 quo
1790 1535 1827 1562 ita

263 1571 392 1610 scriptum
402 1573 492 1601 inveni
504 1595 511 1606 ,
532 1574 618 1602 media
627 1574 741 1603 custodis
759 1576 861 1614 gemini
872 1575 946 1603 arCti.
969 1575 1022 1603 Vbi
1038 1576 1055 1603 ii
1064 1577 1179 1617 geminae
1188 1575 1261 1615 legas
1271 1598 1277 1608 ,
1291 1579 1315 1604 &
1327 1577 1421 1604 Latine
1430 1577 1501 1616 leges
1513 1598 1519 1608 ‚
1530 1580 1554 1604 &
1565 1585 1627 1604 cum
1638 1575 1827 1614 posterioribus

263 1612 368 1640 senties.
389 1614 459 1641 Eum
470 1613 534 1641 mihi
544 1615 667 1643 codicem
679 1616 809 1644 utendum
819 1616 892 1644 dedit
904 1615 981 1655 politi
992 1620 1016 1645 ὅ(
1027 1616 1156 1656 elegantis
1166 1617 1376 1657 ingeniijuvenis
1388 1617 1508 1645 Thomas
1519 1618 1594 1655 Spica
1604 1619 1755 1646 Romanus.
1772 1618 1828 1644 Cu-

265 1653 368 1682 stodem
385 1655 461 1683 Arc'ti
472 1655 594 1696 intellige
613 1656 729 1691 majoris.
750 1657 858 1685 Dicitur
869 1666 958 1684 autem
969 1657 1042 1685 obid
1061 1657 1244 1696 Arctophylax
1256 1678 1263 1690 ,
1281 1658 1324 1686 sed
1336 1662 1359 1686 δε
1380 1661 1480 1686 Bootes
1493 1678 1499 1689 ,
1519 1658 1592 1696 quod
1602 1657 1745 1696 plaustrum
1755 1656 1827 1695 sequi

268 1694 394 1722 videatur.
419 1696 574 1734 Appellatur
585 1697 665 1725 etiam
677 1699 805 1726 Arcturus
815 1698 921 1726 auCtore
930 1695 1018 1731 Basso,
1029 1699 1114 1737 quain
1125 1697 1319 1738 fignificatione
1329 1699 1466 1738 usurpatur
1477 1697 1492 1727 ,ἱ
1501 1699 1589 1727 Plinio
1600 1719 1607 1732 ,
1627 1698 1755 1731 Firmico,
1763 1698 1827 1725 Ma-

267 1733 342 1766 nilio,
355 1738 379 1762 «Sc
391 1745 451 1763 ante
463 1735 530 1775 ipsos
540 1735 666 1766 hocloco
678 1739 814 1767 Vitruvio.
1784 1778 1789 1783 .

218 1773 259 1811 f]
286 1774 367 1802 Idem.
392 1776 455 1804 Hoc
465 1777 558 1805 ordine
568 1778 595 1805 in
605 1778 730 1808 omnibus
742 1802 748 1813 ,
768 1790 827 1819 quae
837 1780 959 1811 viderim,
970 1781 1164 1820 exemplaribus
1174 1800 1182 1813 ,
1193 1781 1249 1810 haec
1260 1781 1340 1811 verba
1349 1781 1406 1810 sunt
1418 1781 1559 1810 collocata.
1579 1782 1643 1808 Eam
1654 1788 1717 1807 vero
1728 1778 1825 1806 lefhe-

267 1824 328 1842 nem
339 1816 518 1852 perturbatam
529 1818 636 1856 quidem
648 1830 677 1847 ac
689 1822 803 1860 turpiter
813 1821 942 1850 divulsam
953 1843 960 1853 ‚
973 1826 996 1850 ὅ(
1006 1824 1148 1851 austerum
1159 1823 1274 1852 lestione
1286 1844 1292 1854 ,
1314 1827 1339 1851 ὅ(
1348 1822 1436 1859 reipsa
1446 1820 1682 1849 animadvertimus
1694 1839 1700 1850 ‚
1722 1829 1770 1847 nec
1783 1827 1824 1846 ta-

265 1864 327 1882 men
338 1855 428 1885 locum
437 1857 574 1885 restituere
585 1861 730 1896 potuimus.
754 1863 849 1899 Neque
860 1863 932 1890 enirn
941 1871 996 1890 tam
1004 1860 1081 1891 facile
1092 1864 1128 1891 est
1146 1873 1236 1891 veram
1246 1864 1390 1891 lectionem
1408 1862 1525 1890 invenire
1536 1881 1543 1893 ,
1565 1869 1642 1898 quam
1650 1857 1739 1886 falsam
1748 1859 1824 1887 adul-

266 1896 432 1934 terinamque
459 1897 524 1925 lianc
545 1899 682 1938 integrum
701 1902 737 1928 est
756 1904 916 1930 convincere
927 1923 933 1929 .
967 1905 1081 1931 Certum
1099 1903 1207 1941 quidem
1226 1904 1261 1930 est
1275 1924 1280 1935 ‚
1301 1904 1326 1930 iri
1343 1902 1449 1930 summo
1469 1901 1536 1929 lxvo
1555 1910 1639 1928 cornu
1657 1901 1740 1927 Tauri
1759 1901 1824 1928 stare

263 1937 362 1975 aurigae
381 1937 475 1975 perles:
498 1947 548 1964 una
565 1947 645 1966 manu
659 1960 665 1971 ‚
681 1940 707 1967 id
721 1940 757 1967 est
776 1941 874 1969 finistra
885 1951 975 1969 tenere
987 1943 1069 1970 stellas
1086 1943 1148 1970 duas
1159 1964 1166 1974 ,
1188 1953 1245 1980 qux
1258 1942 1331 1971 hoedi
1352 1941 1533 1979 appellantur:
1552 1941 1578 1968 in
1598 1940 1699 1968 finistro
1709 1940 1825 1968 humero

263 1977 406 2009 clariore-iu
418 1974 479 2009 esse,
490 1987 569 2016 quam
581 1988 686 2017 capram
697 1980 846 2007 nominant.
867 1983 1006 2009 Caeterum
1015 1990 1130 2020 quatuor
1138 1991 1266 2010 extremae
1276 1983 1327 2010 illae
1338 1982 1468 2010 dictiones
1478 2003 1484 2013 ,
1503 1981 1585 2009 Tauri
1597 1980 1704 2019 quidem
1713 1985 1737 2008 δε
1749 1982 1827 2009 Arie-

263 2017 297 2044 tis
310 2037 317 2047 ‚
331 2018 527 2056 conjungendae
536 2017 595 2046 sunt
607 2029 668 2047 cum
678 2019 846 2059 sequentibus
858 2020 896 2048 his
907 2020 1017 2052 duabus,
1028 2022 1130 2061 insuper
1141 2021 1255 2050 Perseus.
1269 2025 1302 2050 Et
1312 2022 1374 2050 licet
1385 2023 1471 2050 Latini
1480 2021 1607 2050 sermonis
1621 2022 1719 2060 puritas
1731 2021 1755 2049 id
1767 2032 1823 2050 nou.

262 2058 379 2096 patiatur
389 2079 395 2090 ,
406 2055 512 2086 fortasse
522 2069 576 2086 non
588 2059 754 2089 abhorruerit
763 2060 837 2089 abeo
846 2061 950 2089 dicendi
960 2071 1059 2101 genere
1071 2063 1223 2095 Vitruvius,
1241 2063 1381 2101 aliquando
1394 2062 1461 2090 haud
1472 2062 1530 2090 satis
1542 2062 1742 2090 Grammaticus
1754 2083 1760 2094 ,
1776 2071 1823 2090 aut

261 2099 352 2136 potius
364 2108 559 2138 praeceptorum
570 2098 682 2132 securu5‚
694 2102 732 2129 uti
761 2102 821 2129 aulo
829 2102 895 2140 post,
907 2102 970 2130 Inde
981 2103 1126 2142 Sagittarii,
1138 2105 1301 2141 Scorpionis.
1311 2103 1396 2131 Librae
1407 2102 1520 2142 insuper,
1532 2103 1549 2130 fi
1561 2100 1756 2141 quidemlocus
1768 2113 1824 2130 non

264 2147 340 2166 vacat
350 2139 451 2167 menda.
474 2139 528 2168 Nili
539 2141 627 2177 potius
637 2111 760 2179 [εῐὶρίῐίὶῖ
768 2142 894 2170 credibile
905 2143 934 2170 fit
944 2163 950 2174 ,
971 2144 1064 2171 Tauro
1075 2144 1182 2182 quidem
1193 2148 1217 2172 &
1229 2145 1319 2172 Ariete
1331 2143 1433 2181 insuper
1443 2165 1449 2171 .
1469 2153 1497 2172 ut
1507 2143 1554 2171 lib.
1565 2154 1589 2170 v.
1599 2153 1654 2180 cap.
1666 2152 1686 2170 ι.
1700 2147 1725 2171 3<
1736 2143 1782 2171 lib.
1794 2154 1821 2171 x.

264 2189 320 2217 cap.
332 2190 390 2207 xxi.
407 2179 500 2218 quibus
510 2179 613 2219 insuper
623 2202 630 2213 ‚
648 2185 672 2209 δε
685 2192 740 2220 quo
751 2182 867 2221 insuper.
887 2192 932 2210 aut
951 2184 1071 2211 Taurum
1082 2184 1191 2221 quidem
1201 2188 1225 2212 Sc
1245 2185 1365 2213 Arietem
1383 2184 1504 2222 insuper.
1523 2193 1551 2212 ut
1562 2184 1626 2212 dicti
1637 2183 1683 2211 lib.
1696 2194 1721 2212 v.
1732 2194 1790 2222 cap.
1800 2193 1823 2218 3.

259 2220 362 2258 insuper
374 2218 544 2249 Fundamenta
556 2242 563 2248 .
586 2225 610 2250 &-
622 2221 667 2249 lib.
678 2232 701 2257 3.
712 2221 816 2261 insuper
827 2233 939 2251 coronas
950 2245 956 2251 .
980 2227 1004 2252 &
1015 2225 1083 2262 apud
1094 2224 1223 2253 Caesarem
1234 2226 1501 2254 Commentariorum
1511 2225 1543 2252 de
1554 2224 1625 2252 bello
1636 2224 1741 2253 Gallico
1751 2224 1825 2252 libro

262 2270 359 2298 quarto
371 2281 377 2293 ‚
399 2262 467 2289 Haec
479 2271 589 2300 utraque
599 2261 711 2300 insuper,
723 2272 777 2295 aut,
789 2259 933 2292 subaudisse
943 2265 1025 2304 ligna.

217 2301 249 2338 g]
287 2301 370 2328 Idem.
394 2303 572 2339 Supercurrit,
586 2313 640 2331 non
651 2303 825 2332 subtercurrit
838 2326 844 2337 ,
865 2304 911 2332 niti
921 2303 996 2343 supra
1006 2301 1057 2333 effe
1068 2305 1233 2335 collocatum
1247 2307 1277 2334 ad
1290 2316 1345 2334 rem
1356 2317 1408 2334 non
1419 2304 1494 2335 facit.
1518 2309 1584 2334 Sunt
1596 2314 1685 2334 autem
1695 2306 1821 2346 Vergiliae

263 2351 376 2369 numero
385 2340 485 2379 septem
497 2343 574 2370 stellae
585 2345 610 2370 in
622 2343 700 2372 dorso
709 2346 792 2373 Tauri
801 2365 809 2376 ,
825 2354 976 2384 quanquam
984 2345 1095 2385 septima
1105 2348 1149 2375 vix
1158 2347 1217 2375 satis
1228 2347 1346 2386 conspici
1356 2348 1442 2386 potest
1456 2368 1462 2378 ‚
1480 2348 1590 2376 auctore
1600 2349 1685 2374 Arato
1694 2368 1700 2380 ,
1714 2355 1743 2375 ut
1754 2349 1823 2374 Pro-

262 2382 318 2410 clus
328 2392 381 2409 non
392 2381 437 2410 abs
449 2392 476 2410 re
487 2381 528 2410 sex
538 2381 630 2411 dixisse
641 2384 769 2413 videatur.

216 2423 247 2457 h]
280 2423 363 2450 Idem.
387 2425 441 2450 Aut
453 2433 545 2461 parum
557 2423 719 2462 prospiciunt
729 2426 819 2458 oculi,
837 2435 883 2455 aut
895 2437 947 2455 non
959 2435 1037 2466 caput
1049 2449 1056 2460 ,
1075 2427 1118 2456 sed
1129 2428 1239 2457 caudam
1249 2430 1379 2468 percurrit
1391 2429 1498 2457 Arietis.

213 2465 236 2497 i]
278 2464 362 2491 Idem.
386 2465 419 2491 Et
429 2463 471 2491 hic
484 2463 558 2492 locus
571 2465 722 2503 inquinatus
734 2468 770 2495 est
780 2487 787 2499 ‚
806 2467 892 2506 liquis
901 2468 974 2496 alius.
996 2471 1067 2497 Nam
1076 2478 1153 2497 manu
1165 2470 1258 2497 dextra
1269 2471 1394 2498 innititur
1405 2467 1562 2508 Cassiopciae
1572 2469 1712 2497 simulacro
1721 2489 1727 2501 ‚
1739 2468 1821 2508 idque

258 2503 332 2542 supra
340 2505 468 2544 aurigam.
494 2507 671 2544 Gorgoneum
685 2517 749 2534 vero
759 2517 837 2545 caput
851 2508 932 2535 veluti
942 2508 1050 2539 fiammis
1059 2509 1159 2547 capillis
1171 2509 1292 2548 prensum
1303 2509 1407 2544 subjicit
1419 2510 1598 2538 Andromedae
1609 2508 1728 2548 pedibus.

218 2546 246 2579 k]
282 2544 364 2572 Idem.
388 2547 445 2574 Nec
456 2544 516 2572 satis
536 2545 601 2572 mihi
613 2547 714 2574 constat
724 2568 731 2580 ‚
750 2548 891 2585 quomodo
900 2549 975 2577 locus
993 2548 1036 2577 hic
1048 2550 1078 2577 fir
1090 2551 1278 2579 emendandus.
1298 2550 1410 2579 Piscium
1423 2551 1531 2589 quidem
1547 2551 1674 2578 austrinus
1684 2548 1758 2586 supra
1768 2548 1822 2587 spi-

259 2595 322 2613 nam
332 2587 400 2624 Equi
413 2586 501 2625 Pegasi
515 2587 573 2625 (qui
583 2587 708 2615 dimidius
721 2587 762 2619 ‚id
773 2588 807 2615 est
817 2588 903 2626 priore
913 2598 1017 2617 tantum
1028 2599 1100 2628 parte
1111 2590 1189 2628 usque
1200 2591 1231 2618 ad
1242 2590 1400 2619 umbilicum
1411 2592 1496 2629 patet)
1507 2591 1656 2619 collocatus
1666 2590 1717 2617 est:
1731 2589 1820 2634 Aqui,

259 2625 346 2654 Ionius
359 2636 422 2653 vero
434 2626 612 2654 Andromeda:
624 2627 738 2656 humero
748 2630 885 2667 proximus
895 2629 997 2657 iinistro
1006 2651 1013 2662 ,
1034 2630 1085 2660 live
1096 2641 1127 2658 ex
1137 2630 1245 2660 adverso
1255 2632 1354 2660 ventris
1372 2632 1464 2671 Pegai}
1475 2632 1519 2660 ess-
1541 2633 1605 2667 Ejus
1617 2639 1707 2659 autem
1719 2638 1820 2658 ventris

260 2662 418 2694 lucidissima
429 2671 453 2695 ὃς
465 2676 583 2695 extrema
594 2668 662 2695 stella
674 2667 734 2696 finit
746 2669 925 2697 Andromedae
936 2680 1025 2709 caput,
1517 2699 1520 2702 Α

491 2711 677 2747 Cammunique
688 2708 779 2737 rubent
789 2709 836 2736 duo
851 2709 947 2747 fimiper
966 2711 1054 2749 sydera
1063 2710 1191 2749 flamma,
1220 2713 1256 2741 ait
1267 2710 1353 2742 Rufus
1363 2713 1491 2741 Avienus.

220 2745 243 2780 l]
283 2746 366 2775 Idem.
391 2750 462 2776 Nam
472 2748 531 2777 sunt
542 2751 645 2788 gemini
655 2749 739 2778 Pisces
751 2771 757 2782 ,
775 2760 890 2788 quorum
902 2751 1003 2790 <inquit
1015 2754 1190 2781 Germanicus
1201 2754 1212 2788 )
1223 2754 1290 2782 alter
1300 2754 1326 2781 in
1337 2754 1452 2782 austrum
1463 2752 1550 2782 tendit
1560 2772 1567 2785 ,
1587 2750 1745 2780 Threicium
1764 2755 1819 2781 Βο-

255 2795 326 2814 ream
338 2789 404 2825 petit
415 2789 490 2817 alter.
510 2793 564 2817 Aut
575 2789 698 2821 subaudi,
713 2791 804 2830 figna;
823 2791 960 2819 autscribe
971 2813 978 2825 ‚
1001 2794 1145 2831 Aquarius.

216 2827 255 2861 m]
280 2827 364 2855 Idem.
387 2830 446 2855 Imo
456 2829 552 2857 linislra
574 2832 642 2868 Equi
654 2832 754 2871 ungula
773 2831 899 2859 iinistram
910 2833 964 2860 avis
975 2833 1042 2860 alam
1053 2834 1174 2872 attingit.
1191 2837 1232 2863 De
1244 2845 1296 2873 qua
1305 2844 1331 2862 re
1351 2835 1484 2863 Ciceroin
1503 2833 1579 2861 Arati
1596 2831 1779 2871 Phaenomenis
1789 2836 1818 2864 in

256 2865 327 2895 hunc
347 2869 467 2896 modum.
492 2872 545 2896 lam
556 2881 620 2898 vero
632 2871 729 2900 clinata
739 2872 775 2900 est
785 2873 885 2911 ungula
896 2873 1039 2901 vehemens
1052 2874 1139 2902 Fortis
1150 2875 1233 2914 Equi,
1243 2884 1353 2914 propter
1364 2876 1471 2913 pennati
1481 2874 1600 2912 corporis
1611 2873 1691 2901 alam.
1712 2878 1748 2904 Vt
1759 2874 1816 2905 for-

256 2905 321 2935 tasse
331 2908 373 2936 hic
385 2908 552 2937 scribendum
563 2911 601 2941 [it.
616 2913 684 2949 Equi
697 2913 795 2953 ungula
804 2915 913 2953 attingit
921 2914 1109 2952 avis‘pennam.

214 2949 245 2984 n]
279 2948 363 2978 Idem.
386 2949 450 2979 Hoc
462 2948 554 2979 falsum
565 2952 600 2980 cst
611 2972 618 2985 ,
639 2952 656 2981 ii
666 2953 740 2982 locus
760 2953 796 2982 cst
806 2954 921 2993 integer.
942 2957 1014 2985 Nam
1024 2954 1170 2994 Equiculus
1189 2957 1284 2994 (quem
1300 2958 1406 2996 Equum
1418 2956 1535 2996 priorem
1545 2956 1692 2996 appellant)
1712 2957 1817 2986 dicatus

1776 2999 1813 3027 est
