2023 3162
709 49 1237 100 Vrrnuvriinx.
1724 79 1796 114 155

202 123 313 173 jectio
333 131 414 172 quae
436 118 475 158 in
486 116 675 170 stylobatis
694 118 790 159 fasta
801 121 929 161 fuerat.
961 125 1110 180 Qibus
1127 123 1304 165 absolutis
1317 152 1328 171 ‚
1346 124 1467 166 oculo
1485 127 1525 168 in
1546 129 1585 170 Ε.
1607 132 1802 175 collocato

200 182 253 218 ita
271 177 460 230 apparebit
480 187 524 215 ac
544 176 570 215 fi
588 175 772 226 idemmet
789 181 924 218 oculus
946 192 988 220 ut
1005 184 1046 220 in
1062 182 1241 236 superiori
1257 181 1447 222 schemate
1463 186 1502 224 in
1528 186 1578 224 H.
1599 190 1685 228 estet
1706 204 1800 230 eon-

200 235 359 274 stitutus.

255 286 477 326 (Monendus
486 288 632 334 Leb’Ior,
653 301 714 326 nos
732 297 775 326 ut
792 300 895 343 operae
903 295 1124 345 parceremus
1136 323 1147 340 ‚
1167 308 1272 333 unam
1282 304 1424 333 tantum
1443 293 1500 334 hic
1517 299 1679 352 Figuram
1697 300 1799 342 adhi.

197 342 321 397 buiffi’3
343 357 424 382 nam
442 341 680 396 caeteraefacile
698 346 810 382 animo
829 349 956 401 concipi
963 347 1121 402 postianm
1154 349 1198 395 ό
1211 351 1399 405 praefirtim
1416 353 1473 390 illa
1491 354 1527 390 in
1546 369 1614 408 qua
1621 354 1798 408 ſsamidm

197 399 351 449 adjeHus
366 409 407 436 ut
413 397 526 453 fitpra
542 400 581 436 in
598 400 731 452 Figura
749 400 790 437 B.
811 415 894 439 nam
915 413 1055 443 tantum
1077 406 1270 460 epiflylium
1288 407 1532 461 imponendum
1544 441 1552 449 .
1580 412 1797 460 Rotandum

192 466 357 510 praeterea
366 454 498 492 oculum
514 463 576 491 aut
593 451 861 495 horizontaliter
870 460 1020 499 collocari
1029 492 1041 509 ‚
1061 460 1152 517 quod
1166 472 1265 500 notat
1276 475 1343 517 per
1363 465 1410 502 H.
1434 474 1496 502 aut
1514 465 1662 518 infimis
1673 495 1682 510 ‚
1705 469 1798 523 quod

194 511 348 565 defignat
361 522 428 563 per
447 512 488 549 E.
523 512 643 562 Pergit
660 512 794 549 auilor.
1514 547 1523 558 ‚

249 567 657 612 Notanduminterim,
682 567 788 617 quod
806 569 852 607 ad
873 572 970 611 hanc
993 574 1243 623 capitulorum
1264 587 1328 626 per
1340 575 1527 617 scamillos
1547 578 1795 626 adjefflonem

642 667 663 680 a(
828 630 990 676 pertinet
1002 657 1011 672 ‚
1028 629 1119 666 nihil
1139 629 1282 681 prorsus
1295 644 1364 670 nos
1377 644 1420 669 ex
1431 637 1590 684 antiquis
1609 637 1793 676 :edificio-

712 686 716 688 “
778 720 787 733 Ξ
839 695 925 721 rum
943 683 1104 733 vestigiis
1124 688 1314 731 conjicere
1340 689 1515 738 pomiss'e.
1557 692 1791 742 Nullumque

726 754 818 792 *333³
839 738 907 776 css'e
917 750 1050 776 eorum
1061 741 1124 789 qui
1134 741 1360 781 vetustorum
1372 746 1617 784 aedificiorum
1628 750 1795 799 reliquiis

770 792 807 844 ’ξ’-ἕ
836 794 1071 833 dimetiendis
1084 796 1334 845 lineandisque
1345 811 1502 850 operam
1513 804 1789 852 impenderunt,

835 851 957 899 quide
967 850 1022 888 his
1033 850 1206 890 scamillis
1219 852 1530 898 adiectionibusve
1558 858 1686 897 fecerit
1706 873 1788 898 vcr-

835 908 943 945 bum.
974 909 1119 946 Verum
1134 918 1263 946 tamen
1283 910 1381 959 apud
1401 910 1573 951 Leonem
1586 914 1787 964 Baptistam

832 963 1036 1002 Albertum
1048 992 1058 1008 ,
1081 974 1210 1001 acrem
1220 965 1372 1013 ingenio
1388 967 1511 1005 virum
1523 980 1566 1006 ac
1580 981 1705 1018 praeter
1720 983 1785 1009 cae-

833 1029 937 1057 teros
957 1019 1026 1057 hac
1045 1021 1083 1056 in
1102 1020 1219 1071 specie
1235 1021 1408 1059 solertem
1423 1051 1432 1066 ‚
1450 1023 1546 1061 libro
1565 1024 1633 1062 suae
1655 1026 1787 1064 Archi-

832 1076 983 1113 tecturae
1001 1075 1159 1125 septimo
1171 1088 1253 1128 cap.
1267 1089 1300 1113 x.
1314 1077 1377 1114 ubi
1395 1077 1441 1114 de
1459 1080 1674 1129 ingentibus
1694 1093 1788 1120 tem-

833 1131 985 1181 plorum
997 1130 1204 1170 fornicibus
1222 1133 1410 1182 loquitur,
1433 1132 1511 1172 haec
1522 1134 1663 1173 scribit:
1695 1136 1790 1174 Illud

831 1185 974 1225 adverti
992 1187 1028 1223 ἐϋ
1039 1187 1172 1239 templi}
1184 1189 1347 1225 maximis
1360 1218 1370 1234 ,
1390 1189 1482 1241 quod
1490 1189 1650 1228 calumme
1661 1190 1705 1227 ad
1711 1202 1787 1229 tm-

496 1271 503 1275 .
825 1253 901 1279 tam
911 1246 1018 1296 opem}
1034 1243 1236 1280 vafiitatem
1246 1242 1346 1295 forte
1355 1258 1423 1281 non
1440 1243 1687 1300 respondffint‚
1707 1258 1785 1300 per-

181 1295 318 1351 duxiffi
335 1311 550 1338 camerarum
567 1311 712 1339 cornua,
733 1297 828 1352 quod
841 1299 879 1334 in
896 1311 1014 1336 eorum
1025 1296 1168 1335 arcubus
1176 1296 1311 1351 stigma
1322 1296 1624 1351 semidiametrimz
1643 1303 1780 1340 excede-

182 1363 237 1390 ret
258 1367 304 1391 ex
322 1356 446 1393 tertia.-
467 1370 538 1409 quae
555 1368 610 1394 res
621 1356 724 1392 etiam
741 1353 786 1392 ad
800 1353 1020 1404 venustatem
1030 1353 1172 1404 acccssit.
1203 1357 1265 1391 Efi‘
1275 1358 1368 1392 enim
1376 1353 1452 1407 st'st’
1468 1358 1507 1394 in
1516 1355 1667 1406 fitblime
1684 1358 1781 1395 attol-

180 1408 254 1447 lens
274 1410 498 1448 teflua'inatio
515 1411 651 1465 agilior,
672 1419 709 1448 ut
727 1413 776 1448 ita
793 1409 928 1463 loquar,
943 1419 1046 1462 atque
1060 1408 1270 1463 explicatior.
1302 1409 1397 1448 Illud
1412 1408 1468 1449 hic
1485 1426 1552 1449 non
1566 1423 1781 1465 praeteretm-

179 1464 263 1502 dum
279 1465 392 1518 cenfto
406 1497 416 1512 ,
437 1469 474 1505 in
490 1464 812 1505 nundinationibus
831 1479 974 1504 arcuum
991 1467 1102 1519 capita
1121 1464 1167 1502 ad
1185 1467 1299 1503 mima
1316 1465 1513 1519 prolixiora
1519 1465 1780 1518 semidiametro

177 1519 357 1573 afficienda
375 1519 458 1574 effi,
478 1532 648 1576 quantum
662 1520 896 1576 spec‘t‘antibm
922 1531 1083 1574 occupant
1103 1535 1304 1560 coronarum
1325 1524 1563 1575 prominent&
1577 1551 1586 1565 ‚
1609 1538 1652 1561 ne
1670 1523 1781 1562 medio

177 1590 225 1614 ex
239 1577 503 1631 templointueri
514 1578 647 1632 poss'int.
679 1580 773 1618 Haec
790 1579 874 1624 illc,
897 1580 962 1629 qui
973 1578 1112 1617 octavo
1132 1588 1304 1630 praeterea
1323 1579 1421 1617 libro
1442 1592 1521 1630 cap.
1540 1592 1553 1616 1
1569 1593 1581 1617 1
1596 1592 1626 1616 1.
1650 1582 1711 1619 ubi
1732 1582 1781 1620 de

177 1633 317 1671 sacellis
331 1664 342 1680 ‚
361 1635 563 1686 sepulchris
577 1663 586 1676 ‚
610 1636 861 1688 pyramidibus
874 1634 1179 1681 &hujuscemodi
1198 1635 1275 1671 aliis
1295 1634 1461 1673 aedificiis
1483 1634 1696 1674 sermonem
1718 1637 1781 1675 lia-

177 1688 262 1734 δεῖ,
285 1689 362 1728 haec
374 1691 468 1729 item
480 1691 592 1729 addit.
621 1698 716 1729 Sunt
725 1693 787 1744 qui
803 1693 898 1728 inter
914 1692 1068 1743 primam
1080 1687 1312 1742 &stettndam
1330 1704 1426 1729 aram
1447 1692 1640 1744 quippiam,
1661 1690 1780 1730 veluti

174 1743 360 1782 latafirum
378 1773 386 1787 ,
400 1744 565 1799 fitggeft‘i
580 1746 646 1784 loco
663 1777 674 1793 ‚
695 1744 961 1800 interpofiierint
971 1775 983 1792 ,
1002 1759 1066 1799 quo
1087 1743 1165 1799 effi&
1183 1758 1261 1799 opus
1282 1744 1412 1798 celſsori‘
1431 1760 1509 1783 cum
1527 1750 1748 1786 venustate)
1764 1775 1776 1786 .

174 1799 267 1838 Haec
278 1801 338 1838 ille
350 1828 358 1842 ‚
383 1804 447 1851 qui
459 1801 555 1839 hisee
565 1801 691 1841 saltem
703 1803 824 1842 verbis
835 1801 1093 1840 scamillorum
1109 1802 1360 1849 adjec'tionem
1378 1804 1484 1850 (licet
1494 1802 1597 1840 hunc
1616 1805 1778 1842 Vitruvii

176 1856 310 1895 locum
329 1868 409 1894 non
428 1858 666 1909 expenderit)
698 1858 731 1896 se
750 1858 967 1908 cognoviffe
983 1858 1156 1896 testatum
1173 1859 1332 1908 reliquit.
1365 1859 1556 1896 Lucianus
1577 1860 1689 1896 etiam
1712 1859 1777 1896 illc

125 1916 127 1919 “
176 1911 452 1953 Benverardus,
475 1915 760 1963 quimirabilem
782 1914 960 1952 Federico
980 1914 1116 1952 Feltrio
1129 1913 1218 1951 duci
1229 1913 1467 1952 inviffissimo
1479 1915 1619 1963 regiam
1633 1913 1773 1953 Urbini

176 1969 436 2007 architectatus
446 1970 506 2009 est,
522 1969 600 2007 haec
611 1969 644 2006 se
655 1982 732 2007 non
745 1970 924 2019 ignorasse
936 1981 1050 2020 opere
1062 1968 1139 2019 ipso
1151 1968 1201 2005 est
1212 1968 1454 2020 protestatus.
1479 1968 1540 2007 hic
1552 1971 1652 2006 enim
1664 1971 1701 2006 in
1715 1982 1774 2008 ca-

176 2024 229 2060 vis
239 2024 371 2061 aedium
382 2026 591 2064 extruendis
602 2051 610 2064 ,
633 2038 762 2063 earum
776 2026 943 2076 porticus
953 2027 1003 2062 ita
1016 2024 1206 2062 constituit
1217 2054 1227 2068 ‚
1249 2035 1289 2062 ut
1301 2036 1455 2062 arcuum
1472 2024 1669 2063 cornibus,
1691 2038 1773 2073 quae

176 2079 344 2128 capitulis
357 2080 626 2117 columnarum
637 2082 868 2122 incumbunt,
883 2081 1107 2127 adjectiones
1118 2079 1266 2117 faceret.
1279 2080 1418 2125 Modo,
1435 2090 1476 2117 ut
1486 2081 1662 2128 antiquos
1675 2079 1772 2130 ipsos

176 2134 271 2172 hanc
291 2133 542 2172 scamillorum
562 2136 749 2172 rationem
768 2138 895 2172 minus
913 2134 1093 2184 ignorasse
1103 2134 1309 2183 cognoscas
1323 2164 1332 2179 ‚
1356 2136 1537 2172 nonnulla
1548 2146 1592 2172 ex
1609 2136 1770 2184 antiqui-

177 2191 262 2227 tatis
285 2190 433 2238 gremio
453 2191 567 2239 petita
587 2191 758 2240 exempla
778 2189 1026 2240 proferemus.
1058 2190 1199 2226 Roma:
1212 2191 1247 2226 in
1269 2191 1386 2239 platea
1405 2202 1519 2239 quam
1540 2188 1769 2240 presbytero-

176 2257 260 2282 rum
280 2245 487 2295 appellant‚
509 2258 590 2294 quae
609 2245 765 2293 quidem
784 2245 826 2281 iis
847 2246 913 2293 qui
931 2244 951 2280 ὲ
972 2243 1141 2281 Pantheo
1160 2243 1206 2280 ad
1224 2245 1447 2282 columnam
1467 2245 1769 2284 Antoninianam

176 2311 333 2351 pergunt
344 2302 514 2338 occurrit
524 2327 532 2340 ‚
557 2299 755 2350 pervetusti
766 2300 898 2351 templi
908 2299 1070 2337 visuntur
1080 2298 1228 2349 vestigia
1242 2329 1252 2344 ‚
1269 2300 1377 2348 quod
1389 2302 1659 2338 nonnullorum
1670 2302 1769 2339 testi-

174 2357 310 2394 monio
322 2357 435 2393 Marti
445 2357 610 2393 dicatum
621 2356 842 2393 Antoninus
853 2354 1055 2392 aedificavit.
1070 2354 1146 2392 hoc
1156 2356 1584 2404 itaque‚licct,vetnstate
1597 2357 1695 2394 cons
1689 2370 1768 2395 um-

175 2424 259 2450 tum
273 2441 284 2457 ,
304 2412 503 2450 multarum
522 2411 571 2448 sui
590 2413 748 2463 partium
767 2421 881 2459 atque
900 2410 1220 2460 pulchritudinum
1240 2410 1460 2449 desiderium
1476 2412 1606 2456 faeiat,
1635 2413 1765 2450 multa-

175 2466 516 2506 rumnihilominus
536 2479 660 2504 rerum
674 2496 684 2511 ,
701 2479 783 2515 qua:
794 2465 838 2502 ad
849 2467 1002 2518 optimae
1023 2466 1291 2505 Architessurae
1308 2468 1471 2506 rationes
1492 2467 1672 2518 spectant,
1695 2479 1764 2505 co-

174 2525 274 2575 piam
287 2523 442 2574 praebet:
464 2524 493 2559 is
504 2525 604 2560 enim
624 2524 688 2572 qui
699 2523 842 2573 templo
855 2521 940 2560 huic
960 2522 1104 2572 praefuit
1121 2521 1342 2576 aedificando
1353 2552 1364 2569 ,
1383 2534 1424 2560 ut
1435 2535 1479 2560 ex
1491 2522 1635 2560 aedificii
1653 2522 1762 2573 ipsius

174 2580 296 2617 forma
307 2580 493 2628 colligitur
503 2605 511 2618 ,
523 2578 642 2629 probe
655 2578 897 2616 aedificatoriae
908 2579 960 2616 rei
971 2579 1191 2628 cognitione
1201 2579 1327 2616 valuit.
1356 2580 1456 2616 Nam
1468 2589 1599 2628 praeter
1609 2578 1644 2614 id
1655 2579 1762 2628 quod

174 2636 350 2673 coronici
359 2636 510 2672 mutulis
521 2633 694 2685 appofitis
705 2634 913 2671 denticulos
926 2645 1006 2671 non
1016 2633 1205 2673 addiderit,
1222 2634 1439 2684 zophorum
1449 2635 1577 2678 etiam,
1590 2646 1703 2682 quem
1716 2634 1762 2671 ad
1782 2647 1785 2649 ’

174 2692 358 2729 circinum
371 2700 487 2740 quota
495 2690 546 2727 sui
558 2700 660 2740 parte
671 2688 976 2740 protuberantem
988 2688 1215 2727 delumbavit
1227 2719 1236 2735 ‚
1249 2690 1381 2727 octava
1391 2689 1590 2727 altitudinis
1601 2689 1670 2727 suae
1680 2701 1762 2741 par-

173 2748 286 2784 ticula
298 2745 539 2792 (duodecima
549 2747 670 2783 voluit
688 2746 894 2791 Vitruvius)
906 2746 1114 2783 inclinavit.
1145 2746 1266 2782 Novit
1277 2745 1378 2782 enim
1388 2746 1448 2782 ille
1458 2745 1710 2783 sublimiorem
1723 2747 1763 2783 li-

173 2814 283 2840 ncam
296 2828 304 2842 ‚
317 2815 399 2851 quae
409 2802 454 2839 ab
464 2802 583 2840 oculo
595 2801 640 2839 ad
658 2802 841 2839 summam
852 2813 930 2837 rem
941 2799 1161 2844 extenditur,
1178 2801 1397 2850 longiorem
1417 2798 1496 2841 effe,
1517 2803 1553 2839 ὅ(
1567 2802 1654 2838 ideo
1667 2801 1763 2838 resu-

175 2859 340 2906 pinatam
358 2860 435 2905 ejus
447 2860 499 2895 rei
520 2870 602 2907 quae
612 2858 756 2894 videtur
773 2856 930 2907 speciem
949 2856 1082 2894 facere.
1112 2857 1180 2894 Ille
1191 2856 1290 2894 idem
1302 2886 1313 2902 ‚
1330 2867 1371 2896 ut
1391 2858 1511 2896 oculo
1530 2857 1762 2900 satisfaceret,

176 2912 280 2963 supra
291 2925 478 2952 coronam
493 2915 533 2952 in
550 2914 722 2952 lateribus
745 2913 879 2965 templi
907 2922 1128 2965 perpetuum
1154 2913 1346 2952 murnlum
1377 2913 1619 2963 (Scamillum
1641 2912 1759 2962 probe

1071 2973 1107 3008 V
1131 2981 1151 3005 2
1601 2968 1756 3016 diceres)
