2023 3162
280 82 329 119 86
663 71 1101 113 M.V1'rrtUV11
1152 66 1515 107 Poimonis

279 154 378 184 λωιον
388 141 757 182 dicitut.C0ncentus
769 153 867 190 quos
881 149 1006 177 natura
1018 138 1185 175 hominis
1199 136 1383 174 modulari
1395 136 1727 187 potest,Greceque
1738 147 1874 192 συμφω,

283 216 344 245 vius
355 201 538 244 dicuntur,
550 199 629 236 sunt
641 197 710 237 sex,
726 196 953 234 diatessaron,
971 194 1156 244 diapente,
1167 191 1533 243 diapason‚diapason
1546 204 1636 230 cum
1646 196 1874 242 diatessaron,

285 255 459 308 diapason
480 267 568 292 cum
587 254 755 305 diapente
768 278 776 291 ,
798 250 1033 300 disdiapason.
1065 250 1235 297 Ideoque
1256 247 1276 284 ἐι
1294 259 1451 285 numero
1473 249 1628 285 nomina
1643 261 1876 303 receperunt,

285 312 391 362 quod
404 322 490 348 cum
501 321 579 349 vox
590 307 793 346 constiterit
804 307 841 342 in
854 317 928 342 una
937 305 1118 342 sonorum
1132 303 1322 343 finitione,
1350 303 1396 340 ab
1406 315 1530 352 eoque
1543 302 1576 338 se
1595 302 1744 343 flectens
1754 319 1874 346 niuta-

283 370 379 407 verit
391 369 428 404 &
441 365 645 416 pervenerit
655 364 692 399 in
705 371 876 411 quartam
894 360 1201 397 terminationem
1214 389 1225 404 ,
1247 360 1446 410 appellatur
1456 357 1691 399 diatessaron,
1719 363 1754 397 in
1765 365 1873 411 quin-

283 432 364 461 tam
376 422 544 472 diapente
556 445 564 459 ‚
583 421 620 455 in
633 417 806 454 octavam
829 414 1002 466 diapason
1017 444 1027 460 ,
1045 417 1081 452 in
1092 415 1262 453 ofkavam
1274 417 1311 452 &
1327 414 1519 452 dimidiam
1531 442 1541 458 ‚
1564 413 1740 464 diapason
1752 417 1787 454 &
1798 418 1874 458 dia-

282 479 439 516 tessaron
453 505 462 520 ,
479 478 516 512 in
539 485 683 512 nonam
704 472 741 509 Sc
762 471 968 515 dimidiam,
987 469 1162 522 diapason
1183 470 1420 520 &diapente,
1451 472 1487 507 in
1500 470 1668 518 quintam
1688 471 1874 512 decimam

282 531 518 582 disdiapason
533 531 625 567 Non
636 529 737 567 enim
749 530 844 565 inter
854 527 936 565 duo
953 527 1156 566 intervalla,
1173 538 1262 563 cum
1275 525 1497 563 chordarum
1510 524 1673 564 sonitus,
1695 536 1758 564 aut
1768 531 1875 566 vocis

285 598 415 627 cantus
434 586 546 623 factus
566 584 695 629 fuerit,
719 585 835 621 necin
854 584 981 621 tertia,
1002 592 1064 619 aut
1085 582 1182 619 sexta
1198 592 1258 619 aut
1277 581 1432 633 septima
1453 580 1601 631 possunt
1623 582 1875 622 consonantiae

284 644 375 681 fieri.
404 641 474 678 Sed
486 639 541 687 (ut
552 640 573 677 s
566 651 652 691 upra
663 640 835 690 scripturn
845 638 908 688 est)
923 636 1140 675 diatessaron
1151 640 1188 675 ὃ(
1201 638 1386 687 diapente,
1400 648 1444 674 ex
1455 636 1585 673 ordine
1596 636 1639 673 ad
1651 637 1876 689 disdiapason

285 699 573 741 convenientes,
593 709 637 733 ex
656 706 784 733 natura
796 695 902 733 vocis
916 695 1157 743 congruentis
1176 692 1314 729 habent
1330 691 1514 729 finitiones
1527 719 1535 731 ‚
1561 693 1598 728 δε
1618 694 1652 730 ei
1668 705 1878 734 concentus

284 763 526 806 procreantur
535 765 580 791 ex
590 752 857 801 conjunctione
867 749 1067 795 sonituum,
1083 750 1150 799 qui
1160 749 1289 787 Graece
1298 746 1432 800 <p9v's2aei
1444 748 1628 786 dicuntur.

946 856 981 894 C
1010 868 1033 893 A
1069 868 1103 893 P.
1159 855 1208 894 V.

821 947 905 997 De
928 942 1146 997 Theatri
1169 943 1315 1015 vasis.

286 1067 387 1150 ITa
399 1078 442 1103 ex
453 1064 507 1102 his
518 1062 832 1113 indagationibus,
844 1063 1117 1101 mathematicis
1131 1060 1484 1101 ratiocinationibus
1495 1061 1590 1101 fiunt
1602 1062 1684 1103 vasa
1703 1075 1794 1102 aerea
1807 1075 1879 1114 pro

327 1124 474 1161 ratione
486 1118 750 1169 magnitudinis
762 1118 906 1164 theatri,
920 1131 1000 1169 eaq3
1012 1121 1060 1157 ita
1070 1118 1308 1164 fabricentur,
1321 1129 1361 1156 ut
1370 1130 1458 1155 cum
1469 1128 1682 1168 tanguntur,
1693 1118 1814 1156 sonitt'i
1826 1119 1880 1156 fa-

288 1191 373 1215 cere
385 1175 522 1228 possint
532 1176 627 1211 inter
637 1173 670 1212 se
682 1173 1104 1225 diatessaromdiapente,
1116 1176 1178 1220 [a]
1189 1187 1232 1212 ex
1245 1175 1375 1212 ordine
1387 1174 1430 1211 ad
1442 1173 1812 1224 disdiapasonPostea
1822 1177 1882 1212 in-

287 1244 343 1272 ter
354 1233 451 1269 sedes
462 1231 606 1268 theatri,
621 1230 830 1267 constitutis
841 1231 957 1275 cellis,
968 1232 1110 1268 ratione
1122 1229 1261 1267 musica
1272 1230 1323 1267 ibi
1335 1231 1582 1274 collocentur,
1594 1232 1643 1268 ita
1656 1232 1708 1268 uti
1729 1231 1881 1269 nullum

287 1291 466 1341 parietem
477 1287 824 1335 tangant,circaque
834 1285 995 1324 habeant
1011 1287 1148 1324 locum
1159 1297 1321 1324 vacuum
1334 1285 1369 1323 &
1382 1287 1401 1324 a
1414 1283 1563 1323 summo
1576 1287 1695 1336 capite
1706 1286 1881 1336 spatium,

284 1353 552 1396 ponanturque
568 1340 715 1381 inversa,
733 1341 770 1378 &
788 1341 947 1379 habeant
958 1343 994 1378 in
1008 1352 1108 1393 parte
1119 1353 1201 1390 quae
1215 1340 1351 1392 spectat
1362 1342 1406 1379 ad
1417 1340 1561 1379 scenam
1574 1371 1584 1386 ‚
1601 1339 1660 1388 [b]
1671 1340 1880 1394 suppositos

289 1410 450 1443 cuneos,
462 1409 506 1434 ne
519 1399 639 1434 minus
648 1398 743 1434 altos
753 1395 951 1447 semipede,
970 1406 1176 1446 contraque
1187 1408 1247 1434 eas
1259 1398 1368 1435 cellas
1378 1398 1630 1447 relinquantur
1640 1407 1816 1449 aperturae
1826 1398 1882 1434 in-

282 1455 467 1493 feriorum
487 1453 667 1502 graduum
688 1453 873 1490 cubilibus
887 1481 897 1498 ‚
915 1454 1035 1502 longae
1057 1453 1167 1504 pedes
1190 1452 1284 1491 duos
1298 1479 1305 1492 ‚
1327 1454 1406 1491 altae
1429 1452 1664 1503 semipedem.
1698 1452 1881 1503 Designa-

286 1514 408 1550 tiones
421 1519 544 1547 autem
562 1520 688 1546 earum
699 1508 834 1557 quibus
851 1509 888 1545 in
898 1510 991 1545 locis
1010 1509 1280 1547 constituantur
1292 1538 1302 1554 ‚
1323 1508 1373 1546 fic
1393 1510 1632 1558 explicentur.
1666 1508 1793 1546 Sinon
1813 1510 1882 1546 erit

286 1567 410 1617 ampla
422 1563 675 1614 magnitudine
693 1563 881 1602 theatrum
894 1593 902 1608 ,
922 1563 1043 1602 media
1053 1564 1251 1603 altitudinis
1272 1563 1469 1603 transversa
1484 1565 1588 1615 regio
1600 1563 1825 1614 designetur,
1841 1566 1882 1603 «Sc

287 1625 327 1660 in
337 1634 378 1660 ea
399 1620 584 1658 tredecim
596 1620 707 1658 cellae,
721 1619 924 1657 duodecim
936 1620 1135 1669 aequalibus
1153 1621 1353 1659 intervallis
1365 1620 1533 1657 distantes
1554 1620 1877 1661 confornicentur‚

290 1680 347 1724 [c]
361 1678 411 1714 uti
423 1688 463 1713 ea
475 1674 599 1716 echea,
613 1685 694 1724 quae
705 1673 944 1725 suprascripta
954 1676 1046 1714 sunt,
1061 1676 1106 1712 acl
1117 1685 1229 1713 neten
1242 1675 1502 1726 hyperboleon
1515 1674 1678 1713 sonantia
1691 1703 1698 1716 ‚
1711 1677 1750 1713 in
1763 1677 1879 1720 cellis,

291 1745 373 1782 quae
386 1731 513 1768 suntin
525 1731 704 1767 cornibus
716 1731 888 1767 extremis
900 1740 1057 1780 utraque
1067 1741 1183 1782 parte,
1199 1733 1318 1781 prima
1332 1732 1581 1777 collocentur,
1594 1731 1751 1769 secunda
1762 1731 1806 1768 ab
1816 1742 1881 1767 ex-

291 1788 418 1825 tremis
431 1784 645 1822 diatessaron
655 1784 699 1821 ad
719 1796 830 1823 neten
841 1786 1137 1836 diezeugmenon
1151 1816 1161 1831 ,
1178 1788 1286 1824 tertia
1297 1785 1513 1824 diatessaron
1533 1787 1578 1823 ad
1589 1796 1697 1823 neten
1709 1797 1880 1834 parame-

289 1843 372 1888 son,
384 1839 447 1888 [d]
458 1849 587 1889 quarta
598 1839 816 1878 diatessaron
828 1841 874 1878 ad
884 1852 996 1879 neten
1005 1841 1277 1891 synemmenon
1289 1870 1300 1887 ,
1311 1843 1441 1891 quinta
1453 1841 1670 1880 diatessaron
1682 1841 1727 1879 ad
1737 1840 1875 1880 mesen,

1780 1896 1879 1934 sexta

284 1985 317 2019 a]
339 1982 486 2010 Philandcr.
508 1983 537 2010 Id
547 1984 581 2011 est
592 1984 628 2010 ita
639 1981 764 2012 fabricata
775 1984 823 2012 lint
837 1984 902 2017 vasa,
914 1994 942 2013 ut
954 1985 1164 2018 collocata‚cuni
1175 1986 1245 2014 testa
1254 1982 1361 2017 fuerint,
1374 1985 1482 2013 reddant
1493 1983 1707 2024 symphoniarum
1716 1981 1879 2012 differentias

328 2033 421 2050 omncs
431 2044 437 2055 ‚
458 2023 483 2051 id
494 2024 529 2051 est
538 2019 707 2056 diatessaron,
716 2024 846 2062 diapente,
854 2025 984 2063 diapason,
995 2025 1118 2065 diapason
1130 2030 1153 2054 &
1165 2023 1333 2058 diatessaron,
1346 2025 1468 2065 diapason
1480 2029 1502 2053 8<
1512 2026 1650 2063 diapente,
1670 2029 1693 2053 ὃς
1705 2023 1877 2062 disdiapason,

327 2063 380 2091 hoc
391 2064 425 2091 est
436 2064 540 2091 ratione
551 2064 689 2094 intervalli,
698 2063 1043 2105 sesquitertia,sesquialtera,
1054 2066 1142 2105 dupla,
1154 2066 1231 2104 dupla
1242 2066 1410 2105 sesquitertia,
1423 2066 1500 2104 dupla
1510 2065 1714 2104 sesquialtera&
1724 2066 1878 2104 quadrupla.

324 2104 378 2132 His
386 2103 463 2141 septis
474 2103 618 2132 clauserunt
631 2104 785 2144 Pithagorei
796 2116 893 2134 vocum
904 2115 1078 2135 concentum.
1089 2107 1226 2145 Qicquid
1234 2105 1307 2145 supra
1318 2102 1555 2145 effet.putaverunt
1568 2106 1704 2134 stridorem
1716 2102 1768 2134 else
1777 2108 1878 2144 potius.

323 2154 403 2182 quam
413 2144 569 2172 continuam
579 2145 756 2173 vocem.Vide
767 2146 910 2175 Boethium
919 2146 963 2174 lib.
975 2146 1007 2174 de
1016 2148 1118 2175 mutim
1126 2167 1132 2173 .
1141 2150 1165 2175 Sc
1177 2147 1347 2175 Plutarchum
1358 2148 1384 2175 in
1397 2147 1487 2175 libello
1497 2147 1529 2174 de
1539 2146 1650 2174 Musica.
1660 2148 1728 2174 Nam
1738 2146 1876 2174 recentio-

325 2194 366 2212 res
382 2184 449 2212 haud
461 2184 552 2213 inscite
562 2184 722 2223 disdiapason
733 2196 794 2214 cum
803 2187 926 2225 diapente
935 2186 1130 2218 addiderunt‚i'd
1138 2188 1172 2215 est
1184 2196 1281 2215 nonam
1291 2187 1438 2215 decimam:
1450 2183 1608 2215 diatessaron
1616 2187 1687 2214 enim
1698 2195 1819 2225 quartam
1830 2196 1877 2215 von

327 2233 398 2256 cant.
416 2225 539 2263 diapente
547 2227 678 2264 quintam,
688 2225 810 2265 diapason
827 2227 1084 2266 octavamdiapason
1093 2238 1155 2256 cum
1164 2227 1286 2265 diapente
1297 2228 1493 2259 duodecimam,
1505 2226 1664 2265 disdiapason
1682 2227 1879 2264 quintamdeci-

326 2267 489 2303 mainn
499 2275 561 2293 cum
572 2275 664 2294 natura
675 2275 858 2305 comparatum
870 2268 943 2300 sit,ut
954 2278 1005 2296 vox
1017 2268 1157 2296 hominum
1168 2267 1235 2295 haud
1244 2265 1297 2296 fere
1307 2268 1338 2296 ad
1347 2267 1506 2306 disdiapason
1517 2268 1677 2299 intendatur,
1686 2267 1825 2305 (siquidem
1836 2268 1876 2294 in-

326 2314 365 2333 ter
376 2304 399 2332 se
409 2314 537 2343 quantum
547 2315 591 2334 aut
600 2307 701 2334 intendi
710 2316 754 2335 aut
765 2308 876 2346 deprimi
886 2306 1280 2348 poffunt‚expendatur)fidibus
1289 2308 1395 2344 adjectis
1404 2309 1435 2336 ad
1448 2308 1605 2348 vigefimurn
1616 2308 1687 2336 vocis
1695 2307 1806 2347 gradum
1817 2317 1879 2345 pro-

324 2342 441 2386 gressos,
459 2355 538 2384 atque
548 2347 615 2374 adeo
625 2347 833 2387 adtrisdiapason
853 2353 877 2378 ὅ(
896 2350 1056 2388 vigesimum
1067 2348 1211 2377 secundum
1228 2349 1341 2388 gradum
1351 2370 1358 2382 ,
1376 2348 1447 2377 sensu
1457 2359 1506 2377 nec
1518 2349 1658 2387 quicquam
1675 2356 1781 2376 eatenus
1793 2347 1876 2375 recla-

307 2408 319 2422 -·.
326 2395 416 2413 mante
426 2406 433 2416 ,
442 2387 523 2414 tradit
536 2386 683 2415 Proschius.

284 2428 313 2463 b]
336 2426 482 2454 Phil-inder-
504 2427 568 2454 Hoc
579 2427 642 2455 loco
652 2427 741 2455 cuneis
753 2426 842 2456 ferreis
851 2429 909 2457 :iltis
920 2429 1048 2469 semipede
1064 2430 1219 2459 sustinentur
1230 2429 1328 2458 inversa
1339 2440 1405 2458 :crea
1415 2429 1472 2458 vasa
1486 2440 1492 2456 ε
1510 2428 1634 2468 proximo
1645 2438 1708 2456 vero
1728 2429 1813 2467 capite
1829 2427 1877 2457 συὶ

328 2470 370 2495 nei
380 2467 437 2494 sunt
447 2466 543 2494 theatri
555 2468 694 2507 graduum.
705 2476 783 2506 atque
791 2468 983 2502 subselliorum,
997 2471 1041 2498 ubi
1052 2470 1140 2499 sedent
1151 2471 1311 2510 spectatores
1322 2491 1328 2500 ‚
1340 2470 1458 2500 ordines,
1478 2471 1683 2509 quidiriguntur
1694 2471 1720 2496 in
1730 2469 1875 2497 intervallis·

327 2508 436 2536 duarum
448 2507 578 2535 linearum
586 2506 600 2535 ai
613 2516 707 2535 centro
717 2509 747 2536 ad
760 2508 1004 2538 circumferentiam
1013 2511 1169 2540 dustarum:
1188 2520 1310 2539 centrum
1319 2510 1364 2538 liic
1383 2521 1430 2548 pro
1440 2510 1578 2538 orthessrae
1588 2510 1688 2547 punc‘to
1707 2510 1795 2537 medio
1803 2511 1875 2538 acci-

328 2550 433 2586 pimus:
453 2547 603 2587 spestantur
612 2548 722 2576 autem-i
733 2549 832 2577 summa
842 2551 998 2590 gradatione
1007 2552 1038 2579 ad
1047 2553 1136 2579 imam.
1160 2554 1232 2579 Inter
1242 2561 1339 2579 cuneos
1350 2549 1447 2578 fiebant
1457 2552 1558 2582 itinera,
1571 2550 1707 2578 scalariave
1719 2571 1726 2582 ,
1747 2559 1774 2578 ut
1786 2551 1876 2588 loqui—

329 2597 372 2615 tur
383 2590 518 2616 Vitruvius
530 2609 536 2621 ,
556 2588 628 2627 quod
636 2599 683 2616 nos
693 2599 724 2616 ex
734 2589 840 2617 theatro
850 2592 889 2617 M.
900 2592 1277 2619 Marcellianimadvertimus.
1298 2593 1368 2619 Nam
1381 2591 1517 2618 Vitruvius
1527 2591 1605 2618 tradit
1616 2590 1630 2618 ax
1643 2591 1877 2629 praecinstionibus

329 2624 466 2656 itineribus
476 2629 583 2657 alternis
592 2639 689 2657 cuneos
700 2629 810 2657 describi
822 2640 946 2668 oportere
958 2652 966 2661 ‚
982 2641 1011 2660 ut
1022 2633 1250 2671 quemadmodum
1262 2630 1319 2660 sunt
1330 2632 1530 2670 praecinc‘tiones
1542 2641 1593 2659 tres
1603 2652 1609 2664 ,
1632 2632 1680 2658 sint
1693 2635 1717 2660 &
1728 2640 1875 2660 cuneorum

328 2678 425 2706 genera
435 2671 484 2696 tria
495 2680 540 2707 per
552 2680 603 2702 eas,
615 2681 669 2698 non
680 2670 778 2699 directa
789 2691 795 2702 ,
815 2670 856 2698 sed
867 2672 976 2700 alterna.

285 2709 311 2743 c]
337 2708 419 2735 idem.
439 2710 467 2736 Id
479 2710 513 2737 eii
525 2710 657 2738 sonituum
668 2714 692 2739 δε
704 2719 845 2749 troporum
853 2711 1001 2740 discrimina
1011 2712 1053 2740 illa
1063 2713 1156 2741 decem
1168 2717 1191 2741 ἃ
1203 2714 1283 2744 osto,
1304 2722 1360 2751 quae
1372 2712 1458 2740 Graeci
1470 2713 1652 2750 iki‘zvocant,
1666 2721 1694 2739 ut
1706 2711 1783 2739 tradit
1794 2710 1840 2739 lib.
1854 2721 1877 2740 r-

331 2758 388 2785 cap.
404 2759 420 2774 i.
446 2749 512 2776 Haec
524 2751 575 2778 ille.
600 2752 696 2779 Plinius
712 2751 757 2779 lib.
768 2762 873 2790 xncap.
890 2763 929 2780 ri.
951 2757 1025 2781 Mira
1034 2761 1152 2787 praterea
1162 2756 1224 2789 sunt
1235 2754 1264 2781 de
1273 2763 1333 2780 voce
1353 2753 1431 2790 digna
1441 2753 1514 2779 dzff‘t'u.
1535 2758 1566 2780 In
1577 2754 1736 2780 theatrorum
1747 2752 1878 2786 orchestris

325 2788 398 2824 fialae
408 2796 455 2815 aut
465 2789 563 2816 harena
574 2791 715 2829 superJeHa
726 2793 870 2820 devoratur
879 2814 886 2824 ,
909 2793 942 2827 &²
952 2797 976 2821 in
987 2794 1047 2820 rudi
1053 2798 1182 2831 parietum
1193 2795 1350 2829 circumjectu
1362 2814 1368 2823 ,
1385 2793 1452 2820 doliis
1461 2796 1540 2820 eti-im
1547 2792 1665 2820 inanibus
1676 2805 1684 2819 :
1694 2795 1776 2820 currit
1786 2794 1876 2821 eadem

332 2838 441 2855 concavo
453 2829 496 2856 vel
506 2832 567 2856 rerso
574 2835 700 2866 parietum
710 2834 789 2869 spatio
801 2854 807 2863 ,
819 2837 942 2871 quamvis
954 2834 1066 2870 lenifimo
1077 2835 1145 2861 daria
1154 2834 1234 2862 verba
1244 2834 1280 2861 ad
1289 2834 1401 2861 alterum
1413 2841 1487 2870 caput
1496 2833 1619 2870 perferens
1630 2853 1637 2863 ,
1654 2831 1677 2869 fi
1685 2833 1755 2859 mcHa
1765 2836 1876 2873 imqua-

329 2868 521 2905 Ierasimpediat.
534 2879 612 2907 quare
620 2871 664 2899 hic
676 2875 764 2911 potius
777 2874 831 2901 vasa
844 2875 886 2902 illa
897 2884 963 2902 xrea
973 2876 1030 2903 sunt
1039 2875 1224 2915 intelligenda,
1235 2884 1351 2913 quorum
1362 2874 1507 2902 collocatio
1518 2873 1572 2901 haec
1583 2872 1733 2901 discrimina
1742 2873 1878 2904 sonituum

329 2912 353 2936 St
366 2918 506 2946 troporum
517 2907 579 2936 facit
594 2910 607 2941 ;'
618 2921 696 2949 quani
708 2913 758 2951 ipsa
768 2914 926 2942 disci-imina.

285 2949 316 2986 d]
336 2949 418 2979 Idem.
436 2949 526 2979 Simile
535 2951 589 2980 veri
601 2961 655 2981 non
666 2953 739 2983 estin
748 2962 776 2984 re
788 2963 844 2984 tam
854 2965 952 2996 aperta,
964 2956 1089 2990 Vitruvio
1097 2956 1221 2988 somnum
1229 2952 1377 2995 obrepsisse,
1388 2953 1562 2995 quamobrem
1569 2952 1725 2985 diatessaron
1736 2955 1877 2996 suppositi-

1809 3005 1876 3026 tiam
