2023 3162
275 88 328 121 42
643 63 1474 106 M.V1T1zov111³01,210ms

275 137 406 177 nendae
416 137 461 175 de
472 135 623 175 materia
632 137 753 173 trabes
765 143 970 186 perpetuat:
996 135 1032 170 ὅ(
1046 132 1203 182 ipsarum
1215 132 1350 169 aedium
1362 132 1383 167 s
1376 134 1497 182 pecies
1507 131 1588 169 sunt
1599 131 1744 183 barycae
1756 163 1766 180 ‚
1786 134 1883 174 bai-12

277 195 438 245 ccplialae
451 224 460 239 ‚
487 193 648 230 humiles
660 221 670 236 ‚
682 193 764 228 latae
777 217 785 230 ‚
808 200 1016 237 ornantque
1030 187 1139 237 signis
1151 185 1320 224 fictilibus
1330 199 1392 225 aut
1403 190 1502 225 :ereis
1515 190 1682 226 inauratis
1694 203 1822 228 carum
1833 192 1883 230 fa-

277 250 402 300 stigia,
428 249 639 288 Tuscanico
650 258 767 285 more,
782 247 835 282 uti
847 245 896 281 est
906 244 952 281 ad
964 246 1108 281 circum
1119 245 1328 281 maximum
1340 244 1487 290 Cereris
1501 246 1537 282 ὃς
1552 245 1723 283 Herculis
1736 276 1746 291 ,
1766 248 1883 285 Pom-

278 308 398 358 peiani
408 308 497 343 item
511 305 690 355 capitolii.
721 300 930 338 Reddenda
941 312 1041 337 nunc
1051 299 1100 336 cst
1118 298 1254 346 Eustyli
1264 301 1358 336 ratio
1369 324 1378 338 ‚
1400 311 1481 348 quae
1491 301 1653 337 maxime
1664 304 1878 351 probabilis,

278 364 316 399 δε
329 363 374 398 ad
386 362 490 399 usum
502 364 539 398 ὅ(
552 360 597 395 ad
607 357 778 409 speciem,
796 359 832 393 ὃς
845 356 890 392 ad
900 355 1114 393 firmitatem
1125 356 1284 392 rationes
1299 355 1408 393 liabct
1420 357 1619 406 explicatas
1634 370 1641 392 :
1659 368 1822 408 namque
1831 360 1881 398 fa„

277 418 409 455 cienda
418 418 499 454 sunt
510 419 547 453 in
557 415 755 451 intervallis
766 411 880 463 spatia
894 411 1049 449 duarum
1060 411 1326 448 columnarum
1340 440 1350 456 ‚
1372 410 1409 447 ὃς
1422 422 1558 460 quarta:
1570 413 1679 461 partis
1696 414 1880 453 columnae
1899 447 1903 452 .

275 472 531 512 crassitudinis‚
550 469 797 518 mediumque
808 468 1155 512 intercolumnium,
1168 479 1300 505 unum,
1314 467 1419 516 quod
1430 469 1498 504 crit
1508 469 1544 504 in
1557 468 1682 505 fronte
1695 494 1702 507 ‚
1727 469 1882 510 alterum

274 530 383 579 quod
395 531 461 565 erit
470 530 506 564 in
516 526 664 577 postico
679 550 687 564 ,
710 526 822 562 trium
836 524 1103 562 columnarum
1114 521 1363 560 crassitudine.
1398 523 1458 560 Sic
1469 525 1571 561 enim
1583 523 1732 560 habebit
1743 523 1779 561 Sc
1789 526 1878 575 figu-

273 586 427 623 rationis
439 583 623 634 aspectum
636 580 830 621 venustum
843 581 880 618 &
893 581 1012 617 aditus
1024 579 1128 616 usum
1141 578 1216 616 fine
1226 579 1536 628 impeditionibus
1548 610 1558 625 ‚
1578 581 1615 617 ὅ(
1633 582 1731 617 circa
1745 582 1882 620 cellam

275 641 481 678 ambulatio
493 639 745 677 autoritatem.
779 637 899 684 Hujus
911 647 1034 674 autern
1047 637 1099 672 rei
1109 637 1204 672 ratio
1219 636 1461 685 explicabitur
1472 635 1540 673 fic:
1563 637 1679 673 Frons
1694 637 1784 681 loci,
1799 649 1882 686 quae

273 699 310 733 in
322 695 396 734 :cde
407 695 609 733 constituta
618 694 740 739 fuerit,
753 692 778 730 si
790 693 997 742 tetrastylos
1008 691 1176 730 facienda
1188 690 1311 736 fuerit,
1324 691 1509 729 dividatur
1519 693 1557 729 in
1567 703 1690 742 partes
1703 693 1882 731 undecim

273 752 393 792 semis,
409 761 537 802 praeter
551 753 607 796 [c]
619 750 826 801 crepidines
836 752 873 787 ὅ(
885 748 1114 800 projecturas
1126 746 1316 799 spirarum.
1347 747 1383 784 Si
1394 747 1451 785 sex
1464 750 1531 786 erit
1545 749 1830 794 columnarum,
1843 750 1882 787 in

274 819 393 859 partes
405 808 541 846 decem
555 807 591 844 δε
603 807 707 844 orfito.
739 807 778 843 Si
798 805 992 853 oetastylos
1006 803 1270 842 constituetur,
1287 802 1468 842 dividatur
1480 805 1517 841 in
1532 817 1599 841 xxr
1615 816 1626 839 1
1642 817 1656 841 1
1670 816 1701 840 1.
1717 804 1753 842 &
1764 804 1884 842 semis-

273 864 360 902 sem.
394 865 491 901 Item
503 876 547 901 cx
560 863 616 900 liis
627 862 789 913 partibus
803 891 813 905 ,
834 861 905 900 five
916 859 1111 908 tetrastyli,
1134 858 1206 897 sive
1218 858 1409 908 hexastyli,
1427 859 1498 897 sive
1510 860 1674 908 oCtastyli
1688 890 1698 905 ‚
1717 872 1790 898 una
1800 873 1882 911 pars

271 920 447 965 sumatur,
459 931 574 969 eaque
586 921 654 956 erit
667 917 862 956 modulus.
891 918 999 962 cujus
1010 915 1157 952 moduli
1170 917 1278 951 unius
1292 917 1359 952 erit
1379 915 1579 954 crassitudo
1598 917 1878 955 columnarum.

270 977 568 1014 Intercolumnia
585 974 735 1024 singula,
748 984 875 1023 praeter
897 971 1087 1010 mediana,
1101 970 1351 1008 modulorum
1363 971 1525 1009 duorum
1537 974 1574 1009 ὅ(
1586 973 1733 1010 moduli
1745 983 1884 1021 quartae

270 1034 381 1082 partis
392 1061 402 1076 ‚
425 1031 594 1069 mediana
604 1032 640 1067 in
654 1031 780 1067 fronte
791 1029 827 1065 &
841 1027 988 1079 postico
1002 1057 1012 1072 ‚
1032 1027 1172 1077 singula
1185 1036 1333 1064 ternum
1344 1027 1605 1065 modulorum.
1640 1027 1798 1078 Ipsarum
1815 1041 1880 1066 co-

270 1089 487 1125 lumnarum
499 1087 661 1124 altitudo
674 1087 741 1123 crit
751 1083 999 1121 modulorum
1011 1084 1101 1120 odo
1113 1085 1150 1120 <Sc
1160 1082 1321 1119 dimidiae
1337 1083 1486 1120 moduli
1494 1086 1618 1134 partis.
1651 1086 1706 1121 Ita
1719 1096 1764 1120 ex
1776 1097 1819 1121 ea
1831 1084 1882 1122 di-

274 1143 415 1181 visione
426 1142 717 1179 intercolumnia
731 1170 742 1186 ,
758 1139 1039 1189 altitudinesque
1054 1139 1321 1176 columnarum
1333 1138 1524 1176 habebunt
1542 1139 1668 1186 justam
1678 1142 1880 1178 rationem.

133 1217 184 1242 Ar.
200 1222 242 1240 ex-
278 1199 398 1246 Hujus
408 1199 600 1248 exemplar
609 1199 749 1235 Romae
763 1197 908 1234 nullum
919 1196 1100 1233 habemus
1114 1224 1123 1239 ‚
1135 1194 1242 1232 sedin
1255 1194 1345 1232 Asia
1359 1192 1422 1240 [d]
1433 1196 1523 1241 Teo
1534 1195 1744 1243 odtastylon
1756 1195 1885 1233 Liberi

135 1253 236 1292 astylm
277 1257 401 1306 patriS.
437 1255 505 1291 Eas
516 1266 643 1290 autem
653 1253 892 1301 Symmetrias
903 1252 1094 1290 constituit
1105 1251 1367 1301 Hermogenes
1379 1279 1390 1296 ,
1408 1253 1473 1301 qui
1493 1251 1615 1297 etiam]
1628 1252 1767 1302 primus
1787 1252 1886 1290 odia-

276 1311 409 1360 stylum
421 1310 741 1360 pseudodipterive
753 1310 938 1346 rationem
948 1309 1101 1347 invenit.
1116 1307 1169 1345 Ex
1184 1307 1316 1357 dipteri
1327 1305 1427 1345 enim
1441 1306 1525 1344 aedis
1538 1308 1762 1355 Symmetria
1774 1307 1887 1345 sustu-

275 1368 318 1405 lit
330 1368 522 1404 interiores
534 1365 686 1403 ordines
699 1366 960 1403 columnarum
973 1366 1032 1411 [e]
1046 1375 1160 1400 xxxvi
1174 1376 1187 1400 i
1202 1376 1231 1400 1.
1254 1375 1370 1413 eaque
1380 1365 1521 1401 ratione
1532 1361 1677 1400 sumtus
1688 1363 1886 1414 operisque

277 1422 503 1473 compendia
515 1418 616 1459 fe'cit.
652 1423 682 1459 Is
695 1423 734 1458 in
746 1422 874 1459 medio
883 1421 1131 1458 ambulationi
1149 1421 1406 1458 laxamentum
1417 1421 1564 1470 egregie
1574 1420 1673 1456 circa
1684 1421 1814 1457 cellam
1829 1419 1883 1456 fe-

274 1481 339 1523 cit,
351 1480 396 1515 de
407 1477 624 1528 aspcstuque
636 1479 727 1515 nihil
738 1478 932 1515 imminuit
945 1507 954 1522 ‚
973 1477 1035 1516 sed
1045 1476 1121 1514 sine
1133 1475 1313 1514 desiderio
1324 1475 1641 1527 supervacuorum
1654 1474 1886 1514 conservavit

273 1536 514 1572 autoritatem
525 1536 646 1572 totius
656 1537 779 1584 operis
790 1533 1058 1571 distributione.
1091 1533 1331 1571 Pteromatos
1343 1534 1441 1570 enim
1454 1534 1551 1569 ratio
1565 1534 1604 1570 &
1617 1532 1885 1569 columnatum

275 1592 420 1627 circum
432 1591 550 1627 aedem
561 1589 751 1641 dispositio
764 1590 852 1627 ideo
865 1590 915 1628 est
926 1592 1136 1629 inventa‚ut
1147 1588 1306 1639 aspe&us
1315 1598 1471 1640 propter
1481 1587 1711 1639 asperitatem
1721 1590 1888 1625 intereo·
1908 1602 1910 1606 ’

277 1646 514 1684 lumniorum
527 1645 680 1683 haberet
691 1648 947 1684 autoritatem.
978 1647 1153 1683 Praeterea
1163 1645 1188 1682 si
1208 1645 1433 1683 &imbrium
1444 1656 1547 1693 aquae
1559 1645 1614 1683 vis
1638 1644 1887 1694 occupaverit

276 1702 570 1739 &intercluserit
587 1703 790 1739 hominum
802 1702 1080 1739 multitudinem
1092 1731 1102 1746 ,
1120 1711 1161 1739 ut
1171 1701 1305 1739 habeat
1314 1703 1352 1738 in
1371 1701 1448 1738 aecle
1459 1703 1633 1750 circaque
1648 1701 1782 1737 cellam
1794 1710 1885 1736 cum

276 1757 491 1794 laxamento
507 1758 664 1795 liberam
676 1770 837 1796 moram.
855 1758 947 1795 Haec
959 1767 1083 1794 autem
1093 1760 1144 1794 ita
1155 1759 1386 1807 explicantur
1395 1759 1434 1795 in
1447 1756 1736 1807 pseudodipteris
1747 1754 1885 1791 aedium

277 1811 599 1863 dispositionibus:
620 1826 734 1861 quare
755 1815 901 1852 videtur
917 1825 1030 1852 acuta
1046 1825 1260 1863 magnaque
1277 1812 1423 1851 solertia
1445 1811 1596 1850 effeetus
1607 1821 1764 1861 operum
1788 1810 1886 1847 Her-

278 1879 463 1917 mogenes
472 1867 608 1912 fecisse,
621 1869 876 1918 reliquisseque
888 1869 1028 1913 fontes,
1041 1870 1140 1905 unde
1150 1869 1284 1918 posteri
1299 1868 1444 1919 possent
1455 1867 1599 1904 haurire
1609 1866 1668 1903 dis
1662 1866 1887 1916 ciplinarum

275 1925 449 1961 rationes.
481 1921 642 1961 AEdibus
652 1924 848 1973 araeostylis
869 1925 1053 1961 columnae
1063 1923 1111 1960 sic
1123 1923 1203 1961 sunt
1211 1923 1388 1961 facienda:
1401 1948 1408 1962 ,
1421 1925 1476 1960 uti
1491 1921 1736 1960 crassitudines
1756 1934 1886 1959 earum

278 1977 348 2016 sint
368 1981 480 2029 partis
498 1980 638 2018 oetavae
658 1979 704 2017 ad
728 1980 954 2017 altitudines.
987 1981 1083 2016 Item
1102 1980 1140 2015 in
1160 1979 1311 2027 diastylo
1322 1979 1558 2016 demetienda
1575 1978 1625 2016 est
1638 1977 1796 2016 altitudo
1816 1990 1885 2015 co-

276 2035 413 2072 lumnae
423 2037 461 2072 in
472 2046 590 2085 partes
608 2036 700 2073 ouo
711 2034 747 2072 &
759 2035 952 2074 dimidiam
964 2051 973 2078 ς
996 2035 1033 2072 &
1045 2037 1151 2072 unius
1163 2037 1274 2086 partis
1295 2036 1483 2073 columnae
1495 2033 1693 2072 crassitudo
1713 2035 1886 2073 colloce-

277 2099 347 2127 tur.
379 2092 419 2127 In
431 2090 560 2140 systylo
571 2092 728 2130 altitudo
739 2092 971 2129 dividaturin
982 2103 1124 2129 novem
1135 2093 1173 2129 ὃς
1186 2091 1377 2129 dimidiam
1396 2101 1537 2141 partem
1551 2121 1560 2135 ‚
1582 2093 1620 2129 ὃς
1632 2104 1676 2128 ex
1694 2092 1736 2128 iis
1750 2103 1825 2128 una
1837 2091 1884 2129 ad

279 2145 555 2186 crassitudinem
566 2149 756 2186 columnae
766 2148 883 2185 detur.
913 2150 1007 2185 Item
1018 2149 1056 2184 in
1067 2147 1288 2198 pycnostylo
1299 2147 1496 2185 dividenda
1514 2147 1564 2185 est
1575 2147 1736 2184 altitudo
1754 2148 1791 2183 in
1806 2159 1887 2198 pat-

136 2217 263 2258 Arfis‘ty-
276 2211 331 2238 tes
343 2201 489 2248 decem,
503 2203 541 2240 δε
551 2206 627 2249 ejus
639 2217 712 2241 una
722 2216 803 2255 pars
815 2204 987 2242 facienda
999 2203 1048 2241 est
1059 2204 1249 2241 columnae
1264 2202 1475 2241 crassitudo.
1508 2202 1645 2251 Eustyli
1657 2212 1785 2241 autem
1799 2203 1886 2241 aedis

134 2262 164 2291 ci.
279 2258 466 2296 columnae
480 2260 539 2307 (ut
549 2260 704 2311 diastyli)
728 2262 765 2298 in
777 2260 868 2298 osto
877 2271 997 2311 partes
1008 2260 1166 2298 altitudo
1185 2259 1370 2298 dividatur
1382 2262 1419 2297 ὃς
1432 2258 1624 2298 dimidiam
1637 2287 1648 2303 ,
1672 2261 1709 2295 &
1720 2261 1798 2305 ejus
1809 2269 1884 2295 una

1792 2325 1880 2364 pars

276 2432 308 2466 ι]
329 2430 476 2459 Philander.
496 2433 562 2459 Sunt
573 2432 707 2471 margines
720 2432 819 2461 basium
832 2455 838 2465 ,
848 2433 874 2461 id
885 2434 930 2466 est,
944 2432 1110 2472 plinthorum
1123 2454 1129 2465 ,
1147 2441 1226 2471 atque
1236 2432 1302 2461 adeo
1310 2433 1425 2470 partium
1438 2432 1561 2459 omnium
1571 2452 1577 2464 ‚
1590 2440 1648 2469 quse
1659 2429 1765 2466 scapum
1777 2428 1884 2457 colum-

310 2481 351 2500 nae
364 2471 482 2510 superant
497 2493 503 2505 ‚
521 2473 687 2510 projec'turae.
706 2474 757 2501 Sed
768 2474 895 2503 hocloco
906 2475 1044 2514 angulares
1056 2483 1163 2502 tantum
1180 2474 1336 2513 projectum*
1349 2472 1529 2512 intelligenda:
1540 2471 1616 2504 sunt;
1643 2479 1746 2500 caetetae
1756 2470 1830 2497 enim
1840 2470 1884 2497 iss-

309 2513 494 2541 tercolumniis
504 2522 721 2541 annumerantur.
1901 2547 1906 2550 ῃ

278 2557 316 2593 d]
336 2559 419 2587 Idem.
442 2561 514 2587 Teos
526 2558 606 2587 insula
625 2560 659 2587 est
672 2568 734 2587 cum
754 2560 870 2598 oppido,
890 2568 983 2588 autore
999 2560 1123 2589 Plin.lib.
1138 2571 1163 2588 v.
1183 2569 1289 2600 cap.3r.
1308 2567 1336 2588 ut
1357 2556 1423 2586 infra
1440 2567 1497 2596 cap.
1510 2567 1531 2585 t.
1549 2556 1596 2585 lib.
1613 2566 1651 2583 iv,
1672 2556 1816 2595 octastylos
1833 2565 1882 2583 au-

313 2607 371 2626 tem
383 2621 390 2630 ‚
406 2600 457 2628 five
469 2599 617 2639 hexastylos
628 2608 673 2630 ,ut
684 2601 734 2628 :ilia
744 2600 841 2628 habent
858 2601 1031 2639 exemplati-1,
1049 2602 1202 2630 nominatur
1222 2601 1235 2629 ,ἰ
1253 2601 1441 2630 columnarum
1459 2608 1587 2629 numero,
1612 2597 1684 2632 cujus
1704 2596 1883 2624 intercolum-

313 2639 389 2667 nium
401 2641 507 2678 quidem
528 2640 680 2669 medianum
691 2662 698 2675 ,
718 2641 784 2670 sicut
795 2641 923 2681 tetrastyli
934 2646 958 2670 ἃ
968 2641 1111 2682 hexastyli,
1132 2643 1188 2671 vult
1199 2642 1336 2671 Vitruvius
1347 2639 1431 2669 tribus
1444 2640 1542 2678 quartis
1553 2635 1730 2668 crassitudinis
1742 2637 1883 2665 columna-

314 2689 373 2707 rum
384 2681 439 2709 aliis
449 2678 500 2710 esse
512 2682 605 2717 majus.

279 2725 314 2759 e]
334 2725 419 2753 Idem.
448 2726 625 2755 Scribendum
644 2738 660 2755 x
674 2739 691 2756 x
705 2739 721 2755 x
734 2737 781 2756 ιν.
798 2727 856 2756 sunt
876 2727 948 2755 enim
966 2727 1112 2756 exteriores
1131 2728 1306 2769 quadraginta
1322 2726 1389 2754 dux.
1411 2727 1505 2764 Itaque
1525 2724 1608 2754 sensus
1625 2724 1668 2752 hic
1682 2724 1735 2751 est:
1757 2723 1883 2752 Hermo-

312 2775 396 2805 genes
414 2765 635 2805 pseudodipterou
653 2769 735 2798 aedem
752 2769 860 2808 reperit.
879 2770 950 2797 Nam
968 2778 1030 2798 cum
1043 2769 1162 2808 dipteros
1184 2771 1210 2797 in
1230 2767 1378 2797 universum
1390 2766 1430 2795 sex
1449 2766 1651 2805 &septuaginta
1666 2764 1819 2796 columnas,
1834 2774 1882 2791 ex<

312 2806 425 2834 teriores
446 2808 620 2848 quadraginta
632 2809 694 2837 duas
705 2831 712 2843 ,
731 2810 756 2837 id
769 2811 817 2841 est,
838 2811 864 2837 in
883 2807 972 2837 fronte
988 2818 1068 2849 atque
1086 2811 1189 2849 postico
1211 2820 1226 2838 v
1237 2819 1246 2837 1
1261 2819 1310 2841 11,
1330 2810 1355 2835 in
1376 2807 1485 2848 singulis
1501 2808 1627 2835 lateribus
1639 2814 1701 2833 cum
1712 2804 1885 2845 angularibus

312 2857 330 2874 x
344 2856 360 2873 v
371 2867 378 2878 ,
397 2848 538 2876 interiores
551 2859 615 2877 vero
634 2861 651 2878 x
665 2861 681 2878 x
697 2862 711 2879 x
726 2860 735 2878 1
749 2861 765 2879 v
777 2873 784 2884 ,
806 2851 833 2878 in
846 2848 1025 2889 fronteatque
1036 2851 1062 2878 in
1071 2852 1173 2890 postico
1190 2860 1207 2878 v
1218 2860 1226 2878 1
1238 2871 1245 2883 ,
1257 2850 1283 2877 in
1293 2849 1402 2888 singulis
1414 2847 1539 2876 lateribus
1550 2857 1612 2876 cum
1622 2845 1790 2885 angularibus
1804 2855 1882 2875 xi11;

310 2895 341 2914 ut
358 2886 579 2927 pseudodipteron
592 2910 599 2922 ,
618 2891 643 2918 id
655 2892 705 2922 est,
725 2892 920 2919 ementientem
936 2891 1061 2930 dipteron
1079 2893 1162 2920 aedeni
1182 2888 1301 2919 efficeret
1315 2911 1322 2923 ‚
1340 2890 1480 2917 interiores
1496 2889 1604 2926 quidem
1623 2895 1721 2915 xxxtv
1742 2886 1884 2914 columnas

311 2926 411 2956 sustulit
424 2949 431 2959 .
452 2930 550 2960 reliffls
567 2940 583 2959 x
596 2940 610 2958 i.
622 2940 631 2958 1
643 2941 653 2960 1
672 2932 850 2963 exterioribus
861 2953 868 2966 ,
880 2936 906 2963 &
924 2932 1075 2966 intervalli,
1089 2933 1140 2963 sive
1157 2931 1317 2965 laxamenti,
1337 2939 1468 2969 quantum
1479 2929 1664 2958 columnarum
1682 2927 1797 2956 interior
1815 2926 1884 2954 ordo

315 2967 475 3008 occup-ibat.

1758 3007 1801 3049 f]
1816 3006 1882 3043 Phi:
