2023 3162
156 478 219 512 Cap.
233 484 256 510 3.

290 72 342 104 32
695 55 752 95 M.
801 52 1116 94 V1TRUV11
1171 50 1521 89 Portioms

925 170 961 207 C
992 183 1016 208 A
1049 182 1079 207 P.
1139 169 1224 206 111.

549 264 631 316 De
644 260 868 315 Theatra
881 257 1070 332 ejusque
1086 254 1269 331 salubri
1283 258 1635 329 constitutione.

385 394 469 435 Um
481 394 604 431 forum
618 390 859 429 constitutum
872 388 983 426 fucrit
997 416 1007 432 ,
1028 396 1111 424 tum
1124 387 1297 425 Deorum
1309 388 1582 426 immortalium
1595 386 1723 426 diebus
1732 390 1825 430 festis
1837 393 1892 433 lu-

386 453 521 489 dorum
532 446 818 498 spodi-<itionibus
829 443 1020 495 eligendus
1031 442 1081 481 est
1091 444 1198 480 locus
1215 443 1361 481 theatro
1375 457 1491 494 quam
1510 445 1782 483 saluberrimus:
1803 451 1890 488 utin

300 509 427 560 primo
438 506 533 544 libro
543 505 588 541 de
600 502 868 541 salubritatibus
891 503 929 537 in
940 501 1131 538 moenium
1145 499 1466 537 collocationibus
1486 501 1536 539 est
1547 501 1568 536 s
1562 502 1734 551 criptum.
1763 503 1828 541 Per
1838 506 1891 543 lu-

300 565 370 601 dos
381 564 480 599 enim
490 572 578 597 cum
591 559 814 608 conjugibus
826 560 863 596 &
874 556 996 594 liberis
1008 555 1240 606 persedentes
1251 581 1259 595 ,
1284 556 1593 594 delestationibus
1612 557 1821 596 detinentur
1832 588 1842 604 ‚
1854 561 1891 598 δε

300 629 461 668 corpora
474 626 622 668 propter
634 615 870 666 voluptatem
881 615 1038 650 immota
1048 621 1213 663 patentes
1223 611 1362 649 habent
1373 624 1495 658 venas,
1505 615 1541 650 in
1556 625 1644 662 quas
1655 613 1816 651 insidunt
1829 626 1892 654 au-

297 686 422 712 rarum
433 673 560 710 flatus:
579 673 643 722 qui
662 670 688 709 si
708 670 729 707 a
748 669 961 720 regionibus
979 668 1196 718 palustribus
1216 678 1281 705 aut
1300 669 1378 706 aliis
1394 670 1607 718 regionibus
1625 670 1765 708 vitiosis
1784 671 1893 709 adve-

294 732 410 769 nient,
423 738 603 766 nocentes
613 727 753 778 spiritus
764 726 987 777 corporibus
999 723 1206 762 infundent.
1237 725 1367 773 Itaque
1378 723 1402 761 fi
1413 725 1590 763 curiosius
1608 726 1764 775 eligetur
1782 727 1892 765 locus

296 786 454 826 theatro,
468 785 680 822 vitabuntur
691 785 792 823 vitia.
825 783 1022 831 Etiamque
1034 779 1312 831 providendum
1325 780 1373 817 est
1383 810 1393 825 ‚
1408 792 1455 818 ne
1465 782 1626 833 impetus
1638 782 1772 820 habeat
1783 782 1804 819 ὲ
1815 796 1891 821 me-

296 843 402 880 ridie.
432 841 499 879 Sol
509 842 610 878 enim
623 852 714 878 cum
726 839 855 890 implet
865 840 940 885 ejus
952 837 1217 875 rotunditatem
1229 866 1240 881 ,
1263 837 1325 873 a'er
1337 836 1530 875 conclusus
1542 848 1735 875 curvatura
1750 868 1760 884 ‚
1771 851 1891 889 neque

295 898 434 936 habens
445 896 666 948 potestatem
676 895 832 946 vagandi
845 921 852 934 ,
878 894 1056 933 versando
1067 892 1322 931 confervescit,
1341 895 1378 930 δε
1391 893 1553 931 candens
1565 894 1683 931 adurit
1695 897 1893 945 excoquit-

297 967 374 1004 que
386 953 625 991 &imminuit
637 949 657 988 ὲ
670 951 891 1001 corporibus
901 949 1095 987 humores.
1125 948 1215 986 Ideo
1226 950 1390 987 maxime
1400 950 1552 988 vitandae
1563 950 1642 988 sunt
1654 950 1707 987 his
1718 951 1828 988 rebus
1839 953 1893 989 vi-

297 1009 399 1047 tiosae
418 1011 590 1059 regiones
604 1037 614 1053 ‚
635 1005 859 1055 &eligendae
868 1004 1038 1042 salubres
1072 1004 1419 1042 Fundamentorum
1431 1015 1557 1043 autem
1569 1033 1577 1046 ‚
1599 1006 1624 1045 fi
1642 1008 1680 1043 in
1694 1007 1891 1045 montibus

296 1065 424 1104 fuerit,
446 1065 591 1102 facilior
608 1064 674 1099 erit
691 1063 807 1100 ratio:
838 1061 898 1098 sed
916 1059 941 1097 fi
953 1059 1144 1098 necessitas
1156 1062 1327 1111 coegerit
1338 1063 1375 1098 in
1384 1062 1496 1111 plano
1510 1073 1572 1099 aut
1583 1062 1732 1112 palustri
1743 1064 1835 1100 loco
1848 1074 1891 1100 ea

298 1121 493 1162 constitui,
505 1118 745 1155 solidationes
757 1116 1109 1165 substrufflonesque
1120 1118 1169 1154 ita
1178 1128 1286 1154 eruut
1295 1117 1469 1155 faciendae
1481 1147 1491 1163 ‚
1504 1118 1833 1167 quemadmodum
1844 1119 1892 1156 de

297 1174 578 1213 fundationibus
590 1173 724 1213 aedium
735 1173 919 1210 sacrarum
929 1173 968 1209 in
981 1174 1092 1210 tertio
1104 1173 1199 1210 libro
1212 1172 1261 1209 est
1271 1175 1282 1208 s
1285 1173 1456 1222 criptum.
1488 1174 1642 1222 Insuper
1653 1173 1893 1214 fundamenta

298 1232 451 1282 lapideis
463 1230 499 1267 Sc
511 1230 727 1267 marmoreis
737 1230 854 1278 copiis
867 1228 1100 1278 gradationes
1110 1229 1156 1267 ab
1167 1226 1427 1266 substructione
1437 1228 1515 1266 fieri
1534 1228 1680 1266 debent.
1711 1232 1770 1275 [a]
1799 1231 1894 1268 Prae-

299 1288 508 1325 cinctiones
520 1286 565 1323 acl
575 1284 781 1323 altitudines
793 1284 1030 1322 theatrorum
1041 1297 1111 1334 pro
1123 1294 1197 1322 rata
1208 1294 1310 1335 parte
1322 1283 1496 1323 faciendae
1508 1285 1696 1328 videntur,
1709 1297 1831 1334 neque
1841 1288 1893 1324 al-

299 1345 433 1382 tiores,
455 1353 568 1391 quam
587 1351 724 1391 quanta
737 1340 1007 1392 praecinCtionis
1018 1341 1157 1378 itineris
1168 1340 1210 1377 sit
1218 1341 1387 1379 latitudo.
1417 1341 1455 1378 Si
1467 1341 1568 1378 enim
1581 1340 1800 1378 excelsiores
1812 1342 1894 1379 fue-

298 1401 373 1437 rint
382 1428 392 1444 ,
407 1398 583 1448 repellent
592 1399 629 1434 &
642 1398 792 1442 ejicient
800 1398 836 1434 in
851 1396 1077 1448 superiorem
1087 1406 1230 1448 partem
1239 1408 1397 1435 vocem:
1423 1408 1494 1434 nec
1506 1398 1689 1447 patientur
1699 1399 1737 1434 in
1747 1396 1894 1437 sedibus

298 1455 464 1493 summis,
478 1466 560 1503 quae
569 1452 648 1492 sunt
657 1453 678 1490 s
671 1465 759 1504 upra
769 1453 1268 1504 praecinCtiones‚verborum
1279 1453 1377 1491 casus
1389 1464 1486 1491 certa
1499 1452 1765 1504 significatione
1777 1453 1821 1492 ad
1832 1466 1894 1492 au-

298 1522 355 1549 res
365 1510 567 1562 pervenire.
597 1512 644 1548 Et
654 1509 699 1548 ad
708 1508 890 1548 summam
899 1511 949 1547 ita
960 1510 1009 1547 est
1019 1509 1307 1559 gubernandum
1321 1535 1328 1549 ‚
1350 1511 1404 1547 uti
1424 1506 1483 1556 [b]
1504 1510 1602 1548 linea
1613 1522 1699 1548 cum
1712 1509 1758 1548 ad
1769 1511 1892 1550 imum

300 1568 461 1618 gradum
482 1567 520 1603 &
537 1564 583 1602 ad
593 1567 613 1602 s
609 1578 783 1604 nmmum
803 1576 950 1604 extenta
967 1565 1075 1603 fuerit
1091 1593 1099 1606 ,
1124 1568 1252 1604 omnia
1263 1568 1458 1604 cacumina
1468 1565 1650 1615 graduum
1662 1564 1894 1616 angulosque

299 1633 438 1673 tangat.
458 1624 508 1659 ita
518 1633 592 1659 vox
604 1634 683 1659 non
694 1622 929 1674 impedietur.
961 1624 1019 1669 [c]
1044 1621 1179 1660 Aditus
1191 1625 1405 1672 complures
1418 1624 1455 1660 δε
1466 1620 1642 1672 spatiosos
1653 1631 1809 1673 oportet
1824 1622 1891 1660 dis-

298 1691 451 1728 ponere,
464 1689 532 1715 nec
543 1679 769 1725 conjunstos
779 1677 984 1730 superiores
993 1677 1229 1716 inferioribus
1242 1707 1253 1723 ,
1273 1678 1330 1715 sed
1344 1691 1388 1716 ex
1401 1678 1577 1715 omnibus
1589 1679 1681 1715 locis
1691 1688 1890 1730 perpetuos

299 1734 337 1769 δε
351 1732 417 1779 [d]
430 1734 587 1771 direfiios
599 1733 874 1773 fineinversuris
883 1734 1092 1772 faciendos:
1112 1736 1260 1771 uticum
1271 1735 1431 1785 populus
1444 1734 1641 1771 dimittitur
1652 1733 1696 1771 de
1706 1733 1890 1783 spe-{tacu-

297 1789 355 1833 lis,
367 1800 412 1826 ne
421 1790 704 1839 comprimatur,
718 1790 775 1827 sed
787 1790 919 1829 habeat
928 1802 972 1827 ex
984 1790 1161 1828 omnibus
1171 1791 1267 1828 locis
1277 1792 1394 1828 exitus
1404 1790 1587 1840 separatos
1598 1789 1670 1826 fine
1679 1787 1890 1838 impeditio-

300 1856 360 1881 ne.
398 1845 522 1881 Etiam
533 1844 726 1893 diligenter
734 1846 783 1883 est
793 1846 1162 1884 animadvertendum
1175 1875 1184 1890 ,
1205 1858 1252 1883 ne
1265 1845 1305 1882 sit
1315 1847 1423 1883 locus
1434 1842 1571 1889 suidas,
1584 1844 1643 1881 sed
1656 1846 1743 1881 utin
1754 1856 1801 1881 eo
1811 1857 1890 1883 vox

300 1912 415 1949 quam
428 1898 623 1937 clarissime
635 1903 756 1950 vagari
765 1900 888 1953 possit.
921 1902 1010 1938 Hoc
1019 1913 1108 1939 vero
1118 1900 1194 1937 fieri
1207 1903 1256 1938 ita
1269 1903 1405 1952 poterit
1417 1927 1426 1943 ,
1449 1900 1473 1937 fi
1493 1900 1598 1937 locus
1617 1901 1754 1938 eleetus
1767 1900 1889 1946 fuerit,

299 1955 364 1992 ubi
373 1956 682 2005 nonimpediatur
693 1956 909 1994 resonantia.
943 1959 1032 1996 Vox
1045 1966 1169 1994 autem
1179 1956 1228 1993 est
1240 1958 1260 1993 s
1252 1958 1379 2006 piritus
1391 1956 1507 1993 fluens
1519 1982 1527 1995 ‚
1550 1958 1587 1993 ὃ(
1597 1957 1691 1994 aeris
1701 1957 1775 1993 ictu
1785 1955 1890 1994 senfi-

300 2010 383 2048 bilis
400 2011 552 2049 auditui.
581 2014 634 2050 Ea
646 2023 820 2051 movetur
841 2014 898 2057 [e]
918 2014 1147 2050 circulorum
1173 2012 1501 2050 rotundationibus
1523 2013 1694 2050 infinitis:
1725 2013 1777 2050 uti
1805 2012 1831 2050 si
1850 2014 1890 2050 In

302 2063 375 2118 [f]
394 2066 549 2105 stantem
565 2080 702 2117 aquam
721 2068 841 2119 lapide
862 2067 1024 2106 immisso
1043 2067 1232 2106 nascautur
1250 2068 1535 2106 innumerabiles
1558 2069 1742 2106 undarum
1761 2069 1892 2106 circuli

1725 2123 1890 2162 crescen-

299 2187 382 2197 Ἴ,-

298 2213 329 2246 a]
350 2210 497 2238 Philander.
518 2212 583 2239 Hoc
594 2211 657 2240 loco
668 2213 935 2250 praecinffionessunt
944 2215 1076 2253 graduum
1083 2215 1247 2252 superiorum
1258 2214 1290 2241 ab
1303 2211 1471 2241 inferioribus
1483 2214 1633 2242 divisiones.
1656 2216 1728 2243 Tota
1741 2216 1812 2243 enim
1824 2226 1889 2256 gra-

338 2251 446 2279 datione
455 2252 480 2278 in
492 2261 577 2290 partes
589 2261 641 2282 tres
651 2253 728 2282 divisa
740 2275 746 2286 ,
755 2254 864 2294 lingulis
873 2251 1043 2283 divisionibus
1055 2254 1134 2283 fiebat
1146 2255 1242 2294 gradus
1251 2254 1332 2293 duplo
1340 2256 1442 2282 caeteris
1453 2255 1540 2282 latior.
1563 2255 1741 2283 Altitudincm
1751 2255 1887 2284 obscurius

339 2290 497 2332 lignitieavit
510 2293 652 2326 Vitruvius,
663 2304 725 2322 cum
735 2296 782 2328 ait,
791 2298 966 2333 pracinfflones
975 2305 1023 2323 non
1033 2298 1076 2333 effi»
1084 2295 1193 2327 altiores,
1203 2305 1282 2334 quam
1293 2294 1431 2334 quantafit
1441 2297 1537 2323 itineris
1544 2298 1713 2332 pracimslion'u
1722 2296 1840 2323 latitudo.
1858 2296 1885 2324 id

337 2334 384 2364 cst,
396 2332 546 2368 interjestas
558 2333 778 2373 velutigraduum
790 2334 960 2365 refrastiones
969 2340 993 2364 8<
1005 2337 1104 2364 areolas
1115 2336 1221 2364 altiores
1232 2334 1283 2364 effe
1294 2346 1347 2364 non
1359 2336 1453 2364 debere
1465 2358 1471 2369 ,
1481 2346 1561 2374 quam
1572 2337 1622 2364 lint
1633 2336 1701 2363 latae.
1725 2337 1885 2365 Latitudinis

339 2383 394 2401 non
404 2371 461 2400 finit
473 2374 604 2401 rationem
615 2395 621 2405 ,
638 2375 679 2402 sed
690 2373 765 2404 fuisse
776 2387 832 2404 eam
844 2387 922 2416 quam
932 2377 1051 2405 diximus
1063 2398 1070 2410 ,
1088 2376 1296 2405 animadversum
1306 2377 1342 2404 est
1351 2386 1382 2404 ex
1392 2385 1511 2405 veterum
1520 2376 1704 2405 monimentis.

297 2414 325 2449 b]
347 2414 431 2442 Idem.
451 2414 584 2442 Hitltnea
601 2425 649 2453 pro
659 2413 780 2445 funiculo
791 2418 938 2456 accipitur,
957 2427 986 2446 ut
997 2418 1044 2446 lib.
1056 2427 1095 2446 vr.
1114 2428 1170 2456 cap.
1184 2428 1222 2446 ix,
1234 2422 1257 2446 3<
1269 2417 1363 2446 lib.1x.
1381 2427 1438 2456 cap·
1450 2428 1489 2446 rx.
1514 2419 1604 2446 Vtirur
1617 2417 1716 2445 Plinius
1735 2417 1883 2447 lib.xxxir.

340 2465 396 2493 cap.
410 2464 442 2482 11.
454 2458 478 2483 βε
491 2455 642 2483 Columella
652 2456 698 2483 lib.
710 2467 755 2485 111.
766 2467 823 2497 cap.
834 2469 877 2486 xv.
889 2462 913 2486 ὃ(
925 2458 970 2486 lib.
983 2468 1053 2486 v111.
1063 2469 1119 2497 cap⁴
1130 2470 1170 2487 xr.

297 2497 323 2530 c]
346 2496 428 2523 Idem.
453 2496 604 2524 Vomitoria
611 2496 664 2525 dici
675 2498 745 2525 testis
755 2499 790 2526 est
802 2498 925 2527 Macrob.
937 2498 984 2527 lib.
995 2510 1019 2527 v.
1036 2500 1165 2527 Saturnal.
1189 2500 1333 2529 Vomitoria‚
1342 2498 1428 2538 inquit
1441 2519 1446 2530 ,
1465 2498 1639 2537 ιἠᾸιείίηειιῖἑς
1647 2499 1754 2527 dicimus
1761 2499 1829 2527 unde
1838 2499 1884 2527 ho-

342 2538 421 2563 mines
427 2535 590 2573 glomeratim
598 2538 762 2575 ingredientes
771 2541 798 2566 in
805 2540 927 2576 sedaliafi’
933 2538 1061 2576 fundunt.

299 2575 329 2609 d]
351 2576 433 2603 ldem.
455 2578 515 2605 Sine
523 2578 609 2606 flexu:
627 2589 659 2606 ne
670 2579 695 2606 iu
706 2579 823 2618 angulis,
840 2581 904 2608 dum
914 2580 1099 2609 divertendum
1110 2584 1134 2609 S<
1143 2580 1304 2610 flcstcndum
1315 2579 1350 2608 est
1360 2600 1368 2613 ,
1389 2578 1516 2618 quando&
1527 2579 1680 2618 spectaculis
1690 2579 1823 2609 descendit
1834 2590 1885 2620 po·

342 2616 416 2652 pulus
428 2638 434 2648 ,
456 2619 620 2646 confluentes
628 2619 652 2647 sc
663 2623 856 2658 comprimant:
869 2621 940 2657 quod
953 2622 1065 2648 omnino
1075 2622 1109 2649 est
1122 2623 1268 2650 vitandum.

298 2657 325 2690 e]
348 2656 428 2699 [dem.
451 2656 566 2687 Confert
576 2669 671 2688 vocem
681 2670 741 2688 cuin
753 2661 860 2689 orbibus
872 2666 896 2689 ἃ
907 2662 1029 2693 circulis,
1049 2672 1115 2700 quos
1127 2662 1195 2690 unda
1207 2664 1277 2696 jaCto
1287 2660 1370 2700 lapide
1380 2660 1473 2688 reddit.
1494 2661 1677 2699 Philosophice
1687 2661 1753 2689 istud
1764 2661 1882 2699 quidem.

339 2696 460 2724 Sedlcitu
470 2698 582 2737 dignum
592 2701 627 2728 est
639 2701 710 2739 quod
720 2700 808 2729 scribit
821 2703 953 2740 Hippocr.
963 2703 988 2729 in
1000 2702 1084 2731 lib.de
1093 2703 1317 2741 carnibspiritum
1329 2699 1380 2729 esse
1391 2702 1434 2739 qui
1445 2711 1540 2729 vocem
1551 2703 1615 2729 edit.
1635 2702 1698 2730 Inde
1709 2701 1765 2730 fieri
1778 2711 1806 2729 ut
1815 2713 1882 2741 quos

338 2746 434 2763 vocem
446 2738 579 2767 intendere
589 2750 712 2778 oporteat
725 2763 731 2773 ,
742 2742 759 2768 ii
770 2742 872 2781 spiritus
882 2753 962 2781 quam
973 2743 1116 2780 plurimum
1127 2743 1304 2771 introtraliant
1313 2763 1319 2772 ,
1340 2743 1452 2780 indeque
1462 2739 1531 2769 foras
1543 2743 1701 2780 propellant.
1722 2742 1830 2780 Quibus
1838 2753 1884 2771 au-

337 2785 392 2820 tem
403 2777 529 2814 plurimus
540 2781 596 2807 iniit
608 2782 687 2813 calor,
697 2793 742 2810 eos
753 2784 867 2811 maxima
878 2794 944 2811 voce
955 2784 1081 2821 praeditos
1093 2782 1142 2811 elle
1152 2784 1222 2811 idem
1234 2785 1326 2811 auc'ior
1335 2784 1369 2810 est
1378 2782 1439 2810 sect.
1448 2792 1540 2820 quarta
1551 2783 1673 2811 lib.v1.de
1684 2782 1784 2810 morbis
1794 2793 1883 2822 popu-

334 2816 444 2844 laribus:
467 2818 568 2846 causam
580 2819 630 2848 esse
641 2823 713 2860 quod
725 2823 851 2862 plurimus
864 2822 973 2864 frigidus
983 2825 1012 2852 lit
1021 2827 1077 2857 aer,
1100 2835 1131 2851 ex
1142 2824 1246 2852 dnobus
1255 2833 1318 2851 vero
1329 2824 1432 2863 magnis
1452 2832 1548 2863 magna
1559 2824 1638 2851 etiam
1650 2833 1709 2862 quae
1720 2833 1883 2863 generantur

337 2858 455 2885 existere.

290 2896 324 2933 f]
346 2897 428 2924 Idem.
450 2900 569 2944 Stantem
579 2910 672 2938 aquarn
682 2904 748 2931 dixit
766 2915 818 2932 non
829 2904 922 2933 otiose.
942 2907 1013 2933 Nam
1026 2906 1051 2933 in
1061 2906 1181 2944 quamvis
1199 2914 1293 2943 aquam
1305 2900 1392 2933 missus
1404 2904 1466 2942 lapis
1486 2914 1539 2933 non
1550 2902 1613 2932 facit
1623 2903 1701 2932 orbes
1712 2925 1718 2934 ,
1740 2903 1820 2933 sedin
1831 2905 1881 2933 sta-

334 2946 462 2977 gnantem
472 2942 495 2967 εκ-
505 2949 660 2970 immotam.
676 2944 741 2973 Vide
752 2947 843 2975 Senec-
854 2946 900 2974 lib.
911 2955 928 2975 ι.
939 2956 995 2984 cap.
1009 2956 1041 2977 ir.
1063 2947 1163 2985 Qzest.
1179 2945 1285 2974 natural.

1778 2987 1809 3022 g]
1818 2984 1879 3013 Phi-
