2023 3162
681 77 1208 120 Vrrnuv1AN1.
1704 98 1781 135 157

176 156 326 186 crarum
339 140 643 186 aedium'eamerae
655 145 833 186 faciendae
845 145 915 185 fint
927 144 1109 184 addiscere
1120 143 1321 196 possumus.
1348 142 1561 186 constituta
1573 150 1672 188 enim
1684 152 1724 190 E.
1738 156 1776 191 F.
1821 175 1825 179 -

168 205 323 254 'parietis
336 205 439 241 cellae
451 202 706 248 altitudine,&
718 203 789 254 ipsa
802 203 879 240 LG.
893 202 938 239 ad
948 201 1264 253 perpendiculum
1275 200 1340 252 ipsi
1353 203 1402 241 D.
1414 203 1454 240 E.
1467 205 1603 250 addita,
1614 218 1685 244 nec
1697 220 1778 247 non

173 261 365 297 coronicis
378 260 417 296 E.
430 261 479 296 D.
490 259 701 310 proiectura
712 257 1021 302 determinata,ab
1033 257 1153 295 oculis
1167 259 1241 305 ejus
1256 259 1369 307 quiin
1379 261 1510 310 templi
1522 260 1618 298 ostio
1630 262 1671 299 sit
1685 275 1776 301 con—

172 314 328 354 stitutus,
342 316 462 352 radius
474 315 689 352 extendatur
699 317 846 366 opticus
865 315 914 351 H.
929 315 978 351 D.
992 313 1039 350 G.
1057 313 1125 363 qui
1136 313 1250 364 ipsam
1263 315 1299 350 F.
1313 316 1352 352 E.
1369 315 1415 352 G.
1430 318 1776 367 perpendicularem

174 379 299 419 tangat
313 372 350 407 in
366 372 412 409 G.
436 371 682 419 Dustaigitur
695 371 741 408 G.
756 372 780 408 1.
793 372 945 408 summae
957 370 1147 408 coronicis
1164 369 1392 408 libramento
1412 373 1639 421 aequidistans
1650 376 1730 419 erit,
1749 377 1779 412 l.

173 437 265 465 vero
276 426 370 464 tholi
381 425 491 476 ipsius
503 426 782 476 hemisphaericc
794 437 976 464 centrum.
998 425 1110 462 Mota
1120 425 1235 474 igitur
1246 426 1273 462 I.
1287 426 1332 463 G.
1355 429 1453 465 circa
1464 439 1633 466 centrum
1646 432 1670 470 Ι,
1686 442 1780 468 con·

173 493 262 519 cava
273 481 367 519 tholi
379 480 584 532 superficies
597 482 643 519 G.
660 482 711 519 K.
723 483 972 520 circinabitur.
987 481 1181 519 Caeterum
1192 480 1343 518 auctarii
1354 483 1446 520 loco
1459 485 1683 525 notandum.
1698 497 1777 523 non

173 537 330 589 potuiss'e
347 536 548 588 Baptistam
570 537 772 575 Albcrtum
790 539 855 575 has
875 538 1070 575 fornicum
1090 547 1367 594 caniewaerumve
1387 540 1610 585 adjectiones
1630 552 1672 579 ut
1688 540 1779 580 fecit

172 592 415 631 determinare
427 619 435 632 ,
452 592 633 642 siquidem
652 594 707 631 hcc
720 605 796 631 non
812 593 856 631 ad
867 595 980 631 totius
991 591 1138 629 aedificii
1148 594 1414 632 commensum
1425 595 1540 633 veluti
1553 595 1650 634 bases
1661 596 1697 634 δι
1710 610 1779 636 co-

172 649 308 686 lumnae
324 650 572 700 proportione
584 648 815 700 respondent,
830 648 889 685 sed
899 648 944 686 ab
956 648 1091 698 opticis
1104 647 1252 698 prorsus
1263 648 1386 695 radiis,
1400 653 1437 688 ὅ(
1449 659 1678 689 coronatum
1688 665 1777 704 pro-

171 704 397 750 jcCtionibus
408 704 606 742 sumuntur.
641 705 758 758 Qod
770 705 925 754 quidem
937 705 997 741 ille
1012 705 1315 751 nonignoravit,
1335 706 1449 753 quiin
1470 707 1616 744 Tiberis
1626 711 1702 760 ripa
1715 721 1774 746 ro·
1832 709 1838 715 '

171 759 325 797 tundam
336 761 467 801 aedem‚
487 773 603 810 quam
621 761 712 800 Divi
722 759 899 810 Stephani
910 760 1108 810 appellant,
1127 759 1320 805 (nonnulli
1335 762 1366 797 V
1372 760 1453 799 estae
1465 765 1651 813 templum
1670 763 1775 802 fuiss'e

172 816 425 867 contendunt)
438 816 701 861 exaedificavit3
725 819 831 854 novit
841 815 878 854 id
889 824 1048 866 quoque
1068 813 1283 850 Bramantes
1302 815 1445 861 noster,
1466 820 1554 854 utin
1566 830 1607 856 ea
1618 819 1776 858 aedicula

171 872 296 909 videre
308 871 357 909 est
367 885 481 922 quam
492 874 633 911 Romae
644 873 682 910 in
693 883 824 911 monte
834 872 866 909 A
874 873 992 910 urelio
1003 872 1108 910 Divo
1118 869 1231 907 Petro
1242 869 1401 908 dicatam
1415 872 1628 911 construxit.

227 928 385 975 Sedjam
396 928 476 966 satis
488 929 669 979 superque
680 929 726 968 de
750 931 792 967 iis
801 929 973 966 scamillis
986 958 995 973 ‚
1016 927 1080 978 qui
1099 924 1146 961 ad
1163 924 1367 975 superiores
1387 927 1632 966 aedificiorum
1651 940 1773 980 partes

172 981 405 1032 adaugendas
418 984 577 1022 faciunt:
595 985 718 1023 modo
737 997 816 1035 quo
836 984 946 1036 pacto
963 981 1170 1022 Architecti
1186 980 1356 1019 scamillis
1373 982 1457 1032 ipsis
1475 985 1514 1021 in
1534 984 1772 1024 inferioribus

171 1037 222 1075 usi
232 1038 378 1080 fuerint,
395 1041 574 1092 exemplis
585 1041 784 1093 propositis
794 1040 1076 1094 patefaciemus.
1106 1036 1286 1075 Ptoch‘m
1300 1038 1408 1088 quod
1419 1039 1465 1076 ad
1477 1039 1674 1088 stylobatas
1686 1044 1774 1079 atti-

1076 1102 1162 1138 net,
1188 1105 1310 1142 pauca
1321 1093 1401 1132 sunt
1411 1096 1645 1144 antiquitatis
1664 1097 1771 1135 vesti-

1015 1155 1020 1160 ·
1079 1150 1139 1200 gia
1151 1179 1160 1195 ‚
1170 1149 1270 1186 unde
1278 1150 1316 1186 id
1326 1149 1434 1188 facile
1445 1150 1558 1201 po'ssit
1566 1152 1771 1190 observari:

649 1239 663 1243 -
680 1240 694 1254 ς
714 1244 726 1253 τ
1079 1205 1251 1255 quaedam
1263 1215 1390 1243 tamen
1410 1207 1457 1245 ad
1478 1207 1573 1244 hanc
1585 1208 1660 1256 usq3
1672 1208 1775 1247 diem

645 1267 755 1303 „„‚„,‚'‚·‚·‚·„·„1
1078 1260 1252 1312 perduxit
1268 1270 1375 1308 πως,
1397 1263 1436 1300 in
1457 1262 1593 1312 quibus
1616 1276 1681 1314 per
1697 1264 1775 1301 sca-

688 1319 699 1325 “
1077 1317 1206 1355 millos
1217 1315 1328 1355 fauas
1345 1317 1573 1364 adjectiones
1586 1319 1775 1358 manifeste

1080 1374 1292 1423 comperies
1304 1402 1312 1409 .
1342 1372 1549 1412 Rariffimae
1568 1376 1651 1412 sunt
1669 1387 1776 1413 vetu-

1078 1427 1220 1467 storum
1231 1430 1461 1480 templorum
1473 1431 1628 1480 reliquie
1642 1432 1677 1467 in
1692 1432 1776 1481 qui-

1079 1485 1149 1523 bus
1160 1485 1362 1524 columnas
1380 1486 1775 1537 stylobatisimpositas

1083 1551 1210 1578 cernas
1221 1567 1229 1580 ‚
1258 1543 1412 1579 alterum
1430 1552 1558 1579 tamen
1572 1543 1776 1594 exemplar,

1081 1598 1119 1634 δε
1131 1596 1234 1641 illud,
1243 1596 1267 1633 fi
1279 1596 1369 1634 fides
1380 1597 1562 1642 Palladio,
1574 1597 1645 1635 hac
1655 1600 1692 1635 in
1702 1598 1777 1649 spe-

1079 1654 1137 1690 cie
1148 1653 1318 1693 unicum,
1334 1651 1440 1690 Afifii
1457 1654 1495 1690 in
1507 1652 1673 1692 Umbria
1684 1666 1776 1692 con-

1080 1707 1231 1758 spicitur
1247 1735 1256 1748 ,
1293 1710 1332 1746 iu
1363 1720 1445 1758 quo
1464 1710 1598 1759 pronai
1624 1710 1776 1748 colum-

1076 1775 1133 1801 nae
1148 1793 1157 1808 ,
1168 1763 1338 1812 subieffis
1351 1764 1537 1812 stylobatis
1555 1764 1775 1803 fulciuntur.

1079 1822 1212 1870 templi
1231 1821 1332 1857 enim
1344 1821 1452 1867 hujus
1465 1820 1685 1858 architccstus
1697 1847 1705 1861 ‚
1723 1832 1774 1859 eo

1078 1876 1183 1924 quod
1195 1876 1332 1913 libratae
1344 1875 1606 1924 stylobatarum
1619 1874 1775 1914 summae

1078 1931 1255 1981 planicies
1268 1929 1288 1966 a
1300 1929 1380 1967 solo
1400 1933 1451 1968 ita
1471 1930 1583 1968 efflent
1593 1931 1693 1970 elatae
1706 1961 1715 1976 ‚
1733 1941 1776 1970 ut

1078 1986 1420 2036 contemplantium
1433 1988 1570 2024 oculos
1582 1987 1776 2025 altitudine

945 2042 994 2067 ““-
1053 2066 1062 2068 s
1078 2039 1289 2092 superarent
1309 2071 1319 2086 ‚
1349 2053 1396 2077 ne
1418 2041 1606 2089 stylobata:
1639 2042 1773 2091 (quod

1042 2134 1056 2141 ‚
1079 2097 1157 2134 vitii
1174 2098 1356 2146 imprimis
1375 2097 1525 2134 damnat
1550 2098 1771 2146 Vitruvius)

1076 2152 1246 2188 alveolati
1266 2151 1496 2189 viderentur,
1513 2152 1699 2188 scamillos
1713 2153 1774 2190 ad-

1047 2216 1065 2223 *
1079 2207 1178 2249 iecit,
1190 2216 1301 2255 atque
1312 2205 1483 2243 scamillis
1494 2207 1576 2256 ipsis
1589 2208 1687 2245 bases
1700 2209 1774 2246 im-

172 2254 307 2306 positas
328 2254 549 2294 collocavit:
574 2258 676 2301 cuius
695 2254 848 2303 quidem
862 2256 913 2292 rei
934 2260 1212 2310 exemplumne
1225 2260 1471 2303 desideretur,
1494 2261 1653 2307 ejusdcm
1664 2263 1773 2313 stylo-

174 2311 482 2360 bataeimaginem
495 2337 503 2350 ‚
524 2312 571 2347 ita
582 2309 773 2349 number,
794 2311 848 2348 ob
858 2313 996 2349 oculos
1008 2317 1195 2363 ponimus.
1219 2317 1414 2354 Scamillus
1433 2318 1479 2355 A.
1493 2318 1533 2355 B.

230 2366 406 2404 Alterum
426 2366 607 2410 ejusmodi
626 2367 891 2404 Scamillorum
911 2370 1129 2419 exemplum
1149 2373 1325 2410 mirabilis
1343 2373 1404 2410 illa
1417 2374 1597 2412 columna
1616 2375 1764 2424 praebet,

173 2424 338 2471 quamin
356 2422 508 2466 Traiani
529 2421 616 2458 foro
636 2422 720 2458 S.P.
735 2421 849 2472 QR.
869 2423 1030 2466 ejusdem
1050 2429 1244 2465 memoriae
1265 2429 1502 2478 Imperatoris
1523 2430 1766 2469 consecravit.

175 2479 278 2516 Cum
290 2478 392 2514 euim
404 2476 588 2525 stylobatae
603 2477 758 2515 altitudo
768 2478 814 2514 ab
824 2478 934 2527 egesti
947 2483 1088 2519 montis
1099 2483 1181 2521 solo
1192 2510 1200 2523 ‚
1224 2483 1395 2522 humanae
1406 2485 1543 2522 staturae
1564 2488 1770 2535 procerita-

173 2544 252 2572 tem
262 2535 375 2582 longe
387 2531 567 2582 superaret
581 2562 589 2576 ,
608 2545 653 2569 nc
666 2533 756 2570 basis
768 2533 941 2584 impolita
951 2535 1206 2587 aspicientium
1217 2540 1354 2577 oculos
1366 2539 1607 2580 frustraretur,
1622 2541 1667 2579 ad
1684 2543 1772 2580 Sca-

174 2590 266 2627 milli
276 2589 526 2634 adjestionem
544 2588 749 2626 Architecti
760 2589 933 2627 industria
946 2593 1129 2645 confugit.
1161 2593 1250 2634 Nos
1260 2608 1307 2633 ne
1319 2597 1381 2632 cui
1399 2595 1556 2646 praefatoe
1567 2595 1699 2647 speciei
1709 2597 1771 2635 de·

175 2644 481 2683 fideriumfierct,
504 2644 663 2692 ejusdem
683 2644 875 2682 columnae
885 2658 972 2684 cum
991 2650 1327 2699 ScamillonadjeC'ro
1348 2652 1554 2701 imaginem
1574 2665 1768 2705 apponen-

175 2701 263 2738 dam
276 2702 501 2752 putavimuS.
531 2700 724 2737 Scamillus
744 2700 787 2737 A.
800 2700 840 2736 B.
870 2706 941 2739 Nos
951 2705 1140 2757 imaginem
1161 2703 1216 2742 ln‘c
1225 2704 1375 2756 conficlto
1395 2706 1566 2761 omtfimm
1585 2711 1667 2760 quja
1678 2707 1770 2762 aptaed

168 2754 291 2808 plures
301 2753 402 2792 obvia
413 2758 482 2792 eff:
504 2750 547 2794 (θ’
567 2753 1046 2806 Scasnillc'ficprastylobatam
1056 2759 1234 2813 sttperant.
1265 2763 1451 2800 Scamillis
1463 2763 1765 2812 eideminzcnio-

176 2810 302 2849 sissimi
312 2822 450 2849 veteres
470 2813 512 2848 iis
531 2814 569 2849 in
580 2811 768 2860 stylobatis
783 2810 834 2848 uli
854 2810 957 2850 sunt.
973 2828 1069 2864 quos
1081 2817 1202 2855 statuis
1215 2815 1497 2856 clarissimorum
1510 2811 1677 2859 virorum
1688 2821 1769 2872 sup-

177 2865 390 2915 posuerunt.
420 2868 534 2917 quue
546 2880 638 2905 cum
659 2869 732 2913 jam
745 2867 840 2905 dista
859 2867 905 2906 de
919 2871 1023 2909 causa
1036 2902 1045 2916 ,
1063 2883 1145 2911 tum
1157 2874 1268 2911 etiam
1287 2884 1326 2911 ut
1337 2873 1414 2912 hoc
1432 2876 1545 2925 pacto
1560 2874 1579 2913 ὲ
1593 2876 1764 2926 quodam

178 2921 277 2970 quasi
286 2923 451 2973 suggestu
462 2924 679 2964 auctoritate
691 2925 727 2962 ὅ(
740 2922 922 2972 majestate
934 2925 1206 2979 spec‘tabiliores
1224 2928 1258 2967 se
1270 2929 1491 2982 praeferrent.
1523 2932 1684 2970 Eosdem
1696 2931 1767 2967 illis

1123 2990 1159 3024 V
1186 2995 1202 3026 3
1608 2996 1766 3037 quoquc,
