2023 3162
510 76 571 103 uz
622 66 1142 103 ARCHITECTVRA
1198 63 1385 102 L13.1.
1720 81 1744 113 ‘7

147 135 358 176 militudine
368 165 378 180 ‚
399 134 425 172 si
437 136 530 173 tedes
546 137 687 174 lonicae
699 136 1009 174 construerentur,
1026 135 1148 174 habita
1159 137 1225 172 erit
1234 136 1329 173 ratio
1343 133 1623 181 mediocritatis,
1634 137 1740 186 quod

148 195 187 231 &
199 193 246 230 ab
264 192 390 229 severo
402 204 510 229 more
524 193 807 229 Doricorum&
829 190 848 227 ὲ
860 192 1053 229 teneritate
1073 189 1386 235 Corinthiorum,
1408 192 1668 241 temperabitur
1686 205 1744 232 ea-

146 260 229 285 rum
238 247 418 285 institutio
429 249 674 299 proprietatis.
692 247 756 283 Ad
767 246 1078 284 consuetudinem
1089 257 1215 285 autem
1227 247 1343 285 decor
1352 245 1401 284 fic
1412 249 1641 296 exprimitur,
1654 260 1739 286 cum

145 304 309 340 aedificiis
320 304 556 342 interioribus
569 302 795 352 magnificis,
816 304 908 340 item
926 301 1102 341 vestibula
1117 303 1378 342 convenientia
1390 304 1426 340 δε
1440 303 1619 352 elegantia
1633 315 1739 341 erunt

145 359 249 397 facta.
281 361 319 396 Si
329 361 430 396 enim
440 360 614 396 interiora
624 357 808 408 perchtus
820 357 1014 395 habuerint
1032 360 1218 408 elegantes
1234 388 1243 402 ,
1266 359 1385 396 aditus
1394 368 1516 396 autem
1527 358 1685 396 humiles
1699 362 1737 397 ὃς

145 415 377 460 inhonestos,
387 426 464 452 non
474 424 584 451 eruut
596 425 685 451 cum
696 413 844 451 decore.
856 415 951 451 Item
963 413 987 450 fi
1000 414 1152 451 Doricis
1163 414 1331 466 epistyliis
1341 415 1380 451 in
1391 416 1542 451 coronis
1559 414 1739 454 denticuli

144 471 356 521 sculpentur
365 499 376 515 ‚
397 471 504 507 autin
527 472 600 521 [g]
624 470 820 520 pulvinatis
840 471 1007 520 capitulis
1019 471 1057 506 δε
1077 467 1262 506 columnis
1274 471 1419 507 Ionicis
1440 469 1611 520 epistyliis
1622 472 1740 521 expri-

144 538 293 564 mentur
305 525 494 575 triglyphi,
515 524 692 562 transsatis
703 537 747 561 ex
760 526 828 562 alia
841 528 982 562 ratione
1001 525 1287 574 proprietatibus
1299 527 1336 562 in
1356 526 1454 562 aliud
1464 538 1580 575 genus
1599 528 1733 577 operis,

147 579 214 628 [h]
227 581 435 619 offendetur
445 581 487 617 as
483 580 610 632 pestus
622 610 630 624 ‚
650 581 729 617 aliis
741 589 827 617 ante
848 581 986 618 ordinis
999 580 1325 618 consuetudinibus
1335 581 1516 618 institutis.
1550 582 1739 620 Naturalis

146 649 272 675 autern
284 637 397 674 decor
409 635 456 672 sic
470 637 538 672 erit
555 652 561 673 :
590 638 628 673 Si
639 637 801 686 primum
816 636 994 674 omnibus
1006 637 1155 686 templis
1165 636 1186 672 s
1180 635 1407 673 aluberrimae
1417 638 1603 686 regiones,
1624 649 1740 687 aqua-

144 704 303 742 rumque
311 692 431 729 fontes
442 693 478 727 in
491 691 544 728 his
555 692 651 728 locis
661 691 788 727 idonei
801 693 995 741 eligentur,
1008 693 1044 728 in
1056 692 1191 740 quibus
1205 691 1288 729 fana
1300 692 1591 730 constituantur:
1603 693 1738 731 deinde

145 751 309 787 maxime
320 745 549 796 AEsculapio,
560 747 685 786 Saluti,
700 748 737 784 ὃς
749 759 880 785 eorum
892 748 1076 787 Deorum,
1097 758 1262 796 quorum
1271 747 1421 797 plurimi
1439 748 1640 784 Mcdicinis
1653 750 1739 799 aegri

145 802 450 842 curarividentur.
472 803 575 839 Cum
589 803 691 840 enim
703 813 746 838 ex
757 802 939 852 pestilenti
958 804 995 839 in
1007 802 1192 840 salubrem
1205 802 1337 839 locum
1352 813 1512 852 corpora
1523 814 1616 852 <egra
1627 804 1740 841 trans-

145 861 218 897 lata
228 859 378 897 fuerint,
403 857 440 894 &
453 855 472 894 ὲ
485 857 652 895 fontibus
670 857 871 896 salubribus
889 870 1069 908 aquarum
1087 856 1165 895 usus
1176 856 1561 896 subministrabuntur,
1582 860 1736 897 celerius

145 912 417 953 convalescent.
449 915 504 950 Ita
515 912 694 951 efficietur
705 915 757 951 uti
778 926 821 951 ex
841 915 1056 952 natura'loci
1067 915 1226 961 majores
1244 912 1438 962 mittasque
1458 925 1547 950 cum
1559 913 1737 962 dignitate

147 971 315 1009 divinitas
325 970 483 1019 excipiar
493 970 704 1020 opiniones·
737 972 830 1007 Item
841 980 977 1007 natura:
995 969 1110 1006 decor
1128 970 1215 1014 erit,
1240 967 1265 1005 fi
1277 970 1460 1007 cubiculis
1473 971 1510 1006 ὃς
1531 969 1734 1006 Bibliothe-

76 1028 88 1041 ‘
145 1028 221 1071 cis,
242 1026 287 1062 ab
299 1026 612 1063 Orientelumina
632 1025 840 1076 capientur:
861 1025 999 1063 balneis
1022 1027 1059 1063 &
1082 1024 1359 1073 hybernaculis,
1380 1026 1426 1062 ab
1450 1024 1657 1062 Occidente
1671 1025 1738 1073 hy-

130 1083 280 1120 ·berno:
308 1081 565 1131 pinacothecis
592 1106 600 1119 ‚
630 1080 805 1129 &quibus
828 1083 938 1119 certis
956 1081 1163 1119 luminibus
1182 1093 1278 1131 opus
1297 1079 1346 1117 est
1357 1080 1526 1131 paribus,
1545 1079 1565 1116 a
1586 1080 1740 1130 Septen-

144 1140 287 1182 trione‚
307 1137 413 1186 quod
427 1148 469 1173 ea
481 1137 573 1174 coeli
585 1137 688 1185 regio
698 1148 821 1187 neque
842 1138 1046 1175 exclaratur
1056 1149 1176 1186 neque
1186 1136 1400 1174 obscuratur
1421 1137 1518 1174 Solis
1532 1136 1655 1180 cursu,
1677 1135 1739 1173 sed

145 1194 194 1231 est
204 1203 302 1230 certa
321 1194 358 1229 ὅς
377 1193 621 1229 immutabilis
633 1192 692 1229 die
701 1202 895 1243 perpetuo.
926 1192 1147 1231 Distributio
1166 1192 1352 1230 autemcst
1371 1194 1565 1242 copiarum
1585 1193 1738 1240 locique

145 1248 351 1286 commoda
363 1247 599 1298 dispensatio,
615 1259 800 1299 parcaque
818 1251 855 1285 in
868 1248 1042 1298 operibus
1060 1249 1227 1299 sumptus
1238 1260 1325 1285 cum
1345 1249 1488 1285 ratione
1500 1249 1736 1298 temperatio.

145 1305 240 1342 Haec
252 1307 299 1341 ita
311 1303 573 1349 observabitur,
584 1304 609 1341 sl
619 1306 786 1355 primum
798 1304 1041 1342 Architestus
1053 1315 1097 1342 ea
1107 1316 1187 1341 non
1199 1313 1355 1353 quaeret,
1371 1316 1451 1353 quae
1463 1315 1544 1341 non
1554 1313 1737 1354 poterunt

141 1361 300 1398 inveniri
321 1369 382 1396 aut
403 1362 534 1409 parari,
559 1360 625 1397 nisi
637 1372 789 1410 magno.
819 1362 995 1410 Namque
1016 1372 1095 1398 non
1116 1359 1295 1398 omnibus
1314 1360 1410 1397 locis
1431 1371 1545 1397 arena:
1567 1358 1735 1404 fofficiae,

142 1427 215 1452 nec
229 1424 523 1460 caementorum,
544 1429 613 1453 nec
624 1415 752 1453 abietis
766 1446 776 1460 ‚
796 1429 868 1454 nec
887 1417 1229 1467 sappinorum‚nec
1240 1417 1437 1465 marmotis
1457 1416 1568 1465 copia
1588 1414 1654 1452 est:
1676 1413 1736 1451 sed

142 1472 240 1508 aliud
256 1472 329 1508 alio
350 1472 442 1508 loco
460 1472 637 1512 nascitur.
660 1484 823 1521 quorum
841 1476 1143 1524 comparationes
1163 1471 1331 1511 difficiles
1351 1471 1431 1510 sunt
1449 1473 1487 1509 ὅ(
1505 1468 1735 1520 sumptuosae.

142 1526 345 1564 Utendum
356 1536 478 1564 autem
491 1526 541 1565 est
551 1554 559 1568 ‚
571 1529 637 1566 ubi
647 1539 725 1566 non
736 1529 787 1566 est
798 1541 907 1567 arena
916 1527 1063 1567 fofficia
1076 1558 1085 1573 ,
1106 1529 1292 1567 fluviatica
1304 1537 1366 1565 aut
1377 1528 1515 1565 marina
1526 1527 1618 1562 lota.
1646 1527 1735 1562 Ino-

140 1584 210 1634 piae
219 1595 374 1632 quoque
386 1583 514 1621 abietis
526 1594 592 1622 aut
601 1583 840 1634 sappinorum
850 1584 1082 1630 vitabuntur,
1095 1584 1237 1622 utendo
1247 1583 1424 1634 cupresso,
1439 1582 1598 1633 populo,
1609 1580 1733 1625 ulmo,

139 1639 243 1687 pinu.
274 1639 438 1687 Reliqua
459 1651 613 1689 quoque
634 1639 688 1677 his
701 1639 832 1679 fimilia
849 1651 955 1679 erunt
973 1640 1199 1691 explicanda.
1229 1640 1336 1677 Alter
1354 1637 1484 1687 gradus
1495 1638 1563 1674 erit
1572 1634 1736 1672 distribu-

140 1694 253 1731 tionis
268 1718 275 1731 ‚
298 1705 386 1731 cum
398 1693 443 1731 ad
455 1693 559 1731 usum
569 1705 718 1744 patrum
729 1696 951 1734 familiarum
962 1725 972 1741 ‚
984 1696 1028 1734 ad
1038 1697 1205 1747 pecuniae
1226 1696 1373 1745 copiam
1387 1718 1394 1732 ,
1419 1702 1482 1730 aut
1491 1691 1536 1728 ad
1546 1691 1735 1738 elegantiae

140 1748 383 1797 dignitatem,
405 1748 556 1787 aedificia
568 1752 670 1787 aliter
690 1751 941 1801 disponentur.
971 1752 1149 1800 Namque
1169 1751 1273 1787 aliter
1296 1750 1453 1786 urbanas
1466 1746 1605 1783 domos
1617 1756 1734 1796 opor-

139 1814 217 1841 tere
229 1803 405 1840 constitui
426 1804 587 1848 videtur,
606 1806 710 1842 aliter
730 1808 867 1854 quibus
888 1820 932 1844 ex
944 1805 1229 1856 possessionibus
1250 1803 1390 1840 rusticis
1408 1801 1568 1839 influunt
1583 1799 1735 1845 fructus,

139 1871 221 1897 non
234 1859 333 1896 idem
353 1858 663 1897 foeneratoribus:
687 1862 789 1897 aliter
808 1862 922 1899 beatis
941 1864 978 1899 &
1000 1862 1182 1898 delicatis:
1204 1857 1422 1909 potentibus
1440 1869 1546 1902 vero,
1568 1868 1734 1905 quorum

143 1914 437 1964 cogitationibus
458 1915 621 1965 Respub.
643 1916 887 1964 gubernatur,
907 1916 953 1954 ad
970 1916 1074 1954 usum
1095 1915 1408 1953 collocabuntur:
1440 1915 1478 1951 ὅς
1498 1913 1661 1951 omnino
1679 1910 1732 1948 fa-

143 1970 280 2007 cienda:
288 1969 370 2008 sunt
381 1980 472 2021 aptae
483 1971 660 2009 omnibus
670 1971 835 2024 personis
847 1972 1092 2011 aedificiorum
1106 1970 1396 2010 distributiones.

784 2086 937 2124 CAP.
996 2085 1092 2123 111.

141 2170 452 2246 Departibus
467 2174 523 2224 A
526 2173 813 2228 rchjtecfmrae
828 2177 881 2227 in
885 2176 1210 2248 privatorum
1227 2169 1291 2229 Εἴ
1299 2166 1602 2243 publicorum
1614 2165 1718 2220 asli-

301 2250 481 2310 fi'ciorum
498 2249 842 2312 distributionibus,
868 2263 923 2301 (γ’
936 2255 1175 2316 gnomom'ces
1191 2251 1239 2297 {6
1250 2247 1563 2295 machinationis.

204 2368 314 2406 Artes
325 2369 432 2420 ipsius
442 2369 707 2407 Architefflirae
722 2372 799 2407 sunt
808 2380 880 2407 tres
893 2398 902 2413 ‚
928 2365 1150 2407 AEdificatio
1164 2394 1172 2408 ‚
1195 2367 1442 2405 Gnomonice
1452 2390 1461 2403 2
1482 2364 1727 2403 Machinatio.

205 2422 423 2463 AEdificatio
437 2435 562 2463 autem
575 2425 684 2463 divisa
695 2425 743 2462 est
755 2426 933 2474 bipartito
943 2453 954 2469 ,
978 2422 999 2461 ὲ
1011 2425 1143 2474 quibus
1155 2435 1227 2460 una
1236 2423 1287 2460 est
1307 2423 1495 2460 moenium
1506 2422 1543 2457 &
1558 2431 1728 2456 commu-

138 2479 244 2517 nium
253 2492 411 2531 operum
423 2482 459 2518 in
471 2481 627 2532 publicis
638 2483 731 2518 locis
744 2481 967 2518 collocatio:
989 2481 1100 2518 altera
1111 2480 1160 2517 est
1170 2480 1399 2531 privatorum
1413 2475 1656 2514 aedificiorum
1669 2485 1729 2511 ex-

138 2535 307 2585 plicatio.
337 2536 578 2574 Publicorum
595 2546 717 2575 aurem
737 2536 1008 2574 distributiones
1020 2536 1099 2574 sunt
1110 2545 1184 2573 tres
1196 2564 1206 2579 ‚
1227 2532 1247 2571 ὲ
1260 2533 1396 2583 quibus
1407 2543 1479 2569 una
1488 2530 1538 2567 est
1549 2528 1729 2567 defensio-

138 2592 214 2631 nis,
238 2593 348 2628 altera
366 2593 554 2642 religionis
576 2593 584 2631 '‚
614 2594 722 2630 tertia
742 2593 1044 2642 opportunitatis,
1075 2590 1316 2629 Defenfionis
1335 2615 1343 2628 ‚
1371 2587 1421 2624 est
1439 2597 1635 2624 murorum
1652 2594 1728 2622 tur-

138 2647 312 2695 riumque
323 2650 359 2685 ὃ(
369 2658 562 2697 portarum
573 2649 667 2685 ratio
680 2677 690 2693 ‚
711 2648 756 2686 ad
766 2647 928 2684 hostium
948 2649 1110 2698 impetus
1130 2656 1314 2698 perpetuo
1335 2641 1566 2692 repellendos
1576 2641 1729 2689 excogi-

139 2710 227 2739 tata.
258 2703 482 2752 Religionis,
499 2705 674 2742 Deorum
685 2705 959 2741 immortalium
969 2702 1166 2747 fanorum,
1184 2701 1397 2748 aediumque
1414 2697 1597 2735 sacrarum
1609 2697 1729 2758 collo-

1609 2762 1725 2789 catio.

140 2843 180 2877 g]
197 2841 313 2870 Philand.
335 2846 363 2870 lu
376 2843 506 2881 aliquibus
517 2844 710 2882 exemplaribus
723 2855 771 2882 pro
783 2843 922 2881 pulvinatis
933 2842 1076 2873 columnis,
1085 2841 1211 2879 scriptum
1222 2841 1257 2868 est
1269 2841 1411 2878 pulvinaris
1430 2837 1551 2877 capitulis
1561 2857 1568 2868 ‚
1589 2834 1729 2874 quomodo

184 2883 289 2909 vocavit
306 2883 391 2921 capite
403 2885 499 2911 ultimo
516 2885 575 2912 libri
586 2886 668 2912 tertii.
688 2887 759 2922 Qa:
775 2884 883 2922 scriptio
894 2884 1056 2912 cuicuimodi
1069 2882 1111 2909 illa
1124 2882 1158 2909 est
1171 2902 1177 2914 ‚
1199 2882 1283 2920 magis
1295 2878 1465 2909 adlubefacit.
1488 2878 1583 2919 Codex
1601 2874 1729 2905 Arundel.

184 2920 322 2957 pulvinatis
333 2923 465 2952 columnis
477 2929 502 2952 Ε(
515 2926 614 2953 Ionicis
623 2925 757 2963 epistyliis,
766 2924 896 2963 capitibus
907 2925 1100 2962 exprimentur,
1113 2925 1164 2950 διε.

143 2961 175 2998 h]
193 2962 279 2990 Notat
288 2962 387 2993 Isaacus
396 2962 471 2994 Voff.
482 2969 507 2995 S<
519 2975 574 2996 vet.
583 2966 653 2996 Cod.
663 2964 826 3004 offivdzsmur
835 2966 955 3004 aspeffm.
976 2963 990 2993 εὶ
1000 2964 1087 3003 prima
1096 2972 1187 2998 manu,
1199 2970 1228 2992 ut
1247 2960 1359 2992 videtur.
1640 2992 1714 3029 1,]ςο
