<?xml version="1.0" encoding="UTF-8"?>
<!DOCTYPE html PUBLIC "-//W3C//DTD XHTML 1.0 Transitional//EN"
    "http://www.w3.org/TR/xhtml1/DTD/xhtml1-transitional.dtd">
<html xmlns="http://www.w3.org/1999/xhtml" xml:lang="en" lang="en">
 <head>
  <title>
</title>
<meta http-equiv="Content-Type" content="text/html;charset=utf-8" />
  <meta name='ocr-system' content='tesseract 3.04.00' />
  <meta name='ocr-capabilities' content='ocr_page ocr_carea ocr_par ocr_line ocrx_word'/>
</head>
<body>
  <div class='ocr_page' id='page_1' title='image "./vitruviipollioni00vitr_0270.png"; bbox 0 0 2023 3162; ppageno 0'>
   <div class='ocr_carea' id='block_1_1' title="bbox 233 73 1488 124">
    <p class='ocr_par' dir='ltr' id='par_1_1' title="bbox 233 73 1488 124">
     <span class='ocr_line' id='line_1_1' title="bbox 233 73 1488 124; baseline -0.01 -1"><span class='ocrx_word' id='word_1_1' title='bbox 233 98 309 124; x_wconf 75' lang='lat'>222</span> <span class='ocrx_word' id='word_1_2' title='bbox 654 76 1077 118; x_wconf 72' lang='lat' dir='ltr'>M.V1·rnuv11</span> <span class='ocrx_word' id='word_1_3' title='bbox 1135 73 1488 113; x_wconf 58' lang='lat' dir='ltr'>PoLLioiirs</span> 
     </span>
    </p>
   </div>
   <div class='ocr_carea' id='block_1_2' title="bbox 231 141 1847 2687">
    <p class='ocr_par' dir='ltr' id='par_1_2' title="bbox 231 141 1847 2648">
     <span class='ocr_line' id='line_1_2' title="bbox 231 141 1834 201; baseline -0.006 -11"><span class='ocrx_word' id='word_1_4' title='bbox 231 164 336 197; x_wconf 84' lang='lat' dir='ltr'>nem,</span> <span class='ocrx_word' id='word_1_5' title='bbox 347 149 366 188; x_wconf 77' lang='grc' dir='ltr'>ὲ</span> <span class='ocrx_word' id='word_1_6' title='bbox 377 162 450 201; x_wconf 89' lang='lat' dir='ltr'>qua</span> <span class='ocrx_word' id='word_1_7' title='bbox 464 147 623 201; x_wconf 83' lang='lat' dir='ltr'>coeperit</span> <span class='ocrx_word' id='word_1_8' title='bbox 636 147 775 184; x_wconf 83' lang='lat' dir='ltr'>versari,</span> <span class='ocrx_word' id='word_1_9' title='bbox 790 153 936 182; x_wconf 89' lang='lat' dir='ltr'>certum</span> <span class='ocrx_word' id='word_1_10' title='bbox 949 142 1111 181; x_wconf 88' lang='lat' dir='ltr'>modum</span> <span class='ocrx_word' id='word_1_11' title='bbox 1122 142 1223 193; x_wconf 87' lang='lat' dir='ltr'>spatii</span> <span class='ocrx_word' id='word_1_12' title='bbox 1236 143 1395 180; x_wconf 85' lang='lat' dir='ltr'>habeant</span> <span class='ocrx_word' id='word_1_13' title='bbox 1405 141 1593 194; x_wconf 76' lang='lat' dir='ltr'>peraCtum</span> <span class='ocrx_word' id='word_1_14' title='bbox 1605 142 1746 194; x_wconf 84' lang='lat' dir='ltr'>pedum</span> <span class='ocrx_word' id='word_1_15' title='bbox 1759 153 1798 181; x_wconf 80' lang='lat' dir='ltr'>xi</span> <span class='ocrx_word' id='word_1_16' title='bbox 1808 157 1834 181; x_wconf 88' lang='lat' dir='ltr'>r.</span> 
     </span>
     <span class='ocr_line' id='line_1_3' title="bbox 232 199 1836 258; baseline -0.004 -16"><span class='ocrx_word' id='word_1_17' title='bbox 232 210 300 245; x_wconf 83' lang='lat' dir='ltr'>His</span> <span class='ocrx_word' id='word_1_18' title='bbox 319 210 366 246; x_wconf 88' lang='lat' dir='ltr'>ita</span> <span class='ocrx_word' id='word_1_19' title='bbox 387 206 620 258; x_wconf 78' lang='lat' dir='ltr'>praeparatis,</span> <span class='ocrx_word' id='word_1_20' title='bbox 648 212 739 239; x_wconf 91' lang='lat' dir='ltr'>tunc</span> <span class='ocrx_word' id='word_1_21' title='bbox 758 203 795 237; x_wconf 92' lang='lat' dir='ltr'>in</span> <span class='ocrx_word' id='word_1_22' title='bbox 818 209 908 237; x_wconf 85' lang='lat' dir='ltr'>rotae</span> <span class='ocrx_word' id='word_1_23' title='bbox 921 199 1101 237; x_wconf 91' lang='lat' dir='ltr'>modiolo</span> <span class='ocrx_word' id='word_1_24' title='bbox 1123 199 1168 236; x_wconf 86' lang='lat' dir='ltr'>ad</span> <span class='ocrx_word' id='word_1_25' title='bbox 1189 209 1331 250; x_wconf 89' lang='lat' dir='ltr'>partem</span> <span class='ocrx_word' id='word_1_26' title='bbox 1353 199 1590 239; x_wconf 89' lang='lat' dir='ltr'>interiorem,</span> <span class='ocrx_word' id='word_1_27' title='bbox 1613 209 1836 250; x_wconf 84' lang='lat' dir='ltr'>tympanum</span> 
     </span>
     <span class='ocr_line' id='line_1_4' title="bbox 234 254 1839 302; baseline -0.006 0"><span class='ocrx_word' id='word_1_28' title='bbox 234 263 408 302; x_wconf 84' lang='lat' dir='ltr'>stabiliter</span> <span class='ocrx_word' id='word_1_29' title='bbox 428 261 653 299; x_wconf 76' lang='lat' dir='ltr'>includatur,</span> <span class='ocrx_word' id='word_1_30' title='bbox 675 258 814 295; x_wconf 87' lang='lat' dir='ltr'>habens</span> <span class='ocrx_word' id='word_1_31' title='bbox 834 265 936 293; x_wconf 87' lang='lat' dir='ltr'>extra</span> <span class='ocrx_word' id='word_1_32' title='bbox 954 255 1116 292; x_wconf 87' lang='lat' dir='ltr'>frontem</span> <span class='ocrx_word' id='word_1_33' title='bbox 1134 255 1203 291; x_wconf 80' lang='lat' dir='ltr'>suae</span> <span class='ocrx_word' id='word_1_34' title='bbox 1216 254 1492 292; x_wconf 77' lang='lat' dir='ltr'>rotundationis</span> <span class='ocrx_word' id='word_1_35' title='bbox 1506 264 1693 293; x_wconf 79' lang='lat' dir='ltr'>extantem</span> <span class='ocrx_word' id='word_1_36' title='bbox 1716 255 1839 293; x_wconf 86' lang='lat' dir='ltr'>denti-</span> 
     </span>
     <span class='ocr_line' id='line_1_5' title="bbox 236 307 1836 363; baseline -0.006 -5"><span class='ocrx_word' id='word_1_37' title='bbox 236 320 371 357; x_wconf 89' lang='lat' dir='ltr'>culum</span> <span class='ocrx_word' id='word_1_38' title='bbox 384 329 511 356; x_wconf 89' lang='lat' dir='ltr'>unum.</span> <span class='ocrx_word' id='word_1_39' title='bbox 543 313 689 363; x_wconf 79' lang='lat' dir='ltr'>Insuper</span> <span class='ocrx_word' id='word_1_40' title='bbox 709 322 833 350; x_wconf 89' lang='lat' dir='ltr'>autem</span> <span class='ocrx_word' id='word_1_41' title='bbox 845 311 890 348; x_wconf 83' lang='lat' dir='ltr'>ad</span> <span class='ocrx_word' id='word_1_42' title='bbox 907 307 967 357; x_wconf 85' lang='lat' dir='ltr'>[b]</span> <span class='ocrx_word' id='word_1_43' title='bbox 988 310 1137 361; x_wconf 87' lang='lat' dir='ltr'>capsum</span> <span class='ocrx_word' id='word_1_44' title='bbox 1157 310 1277 348; x_wconf 80' lang='lat' dir='ltr'>rhedae</span> <span class='ocrx_word' id='word_1_45' title='bbox 1298 311 1599 347; x_wconf 81' lang='lat' dir='ltr'>loculamentum</span> <span class='ocrx_word' id='word_1_46' title='bbox 1618 309 1772 348; x_wconf 86' lang='lat' dir='ltr'>firmiter</span> <span class='ocrx_word' id='word_1_47' title='bbox 1794 311 1836 348; x_wconf 85' lang='lat' dir='ltr'>fi-</span> 
     </span>
     <span class='ocr_line' id='line_1_6' title="bbox 235 365 1834 425; baseline -0.006 -12"><span class='ocrx_word' id='word_1_48' title='bbox 235 385 359 425; x_wconf 73' lang='lat' dir='ltr'>garrit,</span> <span class='ocrx_word' id='word_1_49' title='bbox 373 374 512 412; x_wconf 82' lang='lat' dir='ltr'>habens</span> <span class='ocrx_word' id='word_1_50' title='bbox 526 381 746 420; x_wconf 75' lang='lat' dir='ltr'>tympanum</span> <span class='ocrx_word' id='word_1_51' title='bbox 761 366 923 405; x_wconf 84' lang='lat' dir='ltr'>versatile</span> <span class='ocrx_word' id='word_1_52' title='bbox 945 368 983 403; x_wconf 89' lang='lat' dir='ltr'>in</span> <span class='ocrx_word' id='word_1_53' title='bbox 1005 369 1063 412; x_wconf 86' lang='lat' dir='ltr'>[c]</span> <span class='ocrx_word' id='word_1_54' title='bbox 1075 368 1198 403; x_wconf 89' lang='lat' dir='ltr'>cultro</span> <span class='ocrx_word' id='word_1_55' title='bbox 1210 367 1466 405; x_wconf 85' lang='lat' dir='ltr'>collocatum,</span> <span class='ocrx_word' id='word_1_56' title='bbox 1488 365 1523 401; x_wconf 58' lang='grc' dir='ltr'>ὃς</span> <span class='ocrx_word' id='word_1_57' title='bbox 1535 367 1572 403; x_wconf 90' lang='lat' dir='ltr'>in</span> <span class='ocrx_word' id='word_1_58' title='bbox 1583 367 1730 403; x_wconf 76' lang='lat' dir='ltr'>axiculo</span> <span class='ocrx_word' id='word_1_59' title='bbox 1741 378 1834 404; x_wconf 90' lang='lat' dir='ltr'>con-</span> 
     </span>
     <span class='ocr_line' id='line_1_7' title="bbox 235 420 1836 476; baseline -0.006 -8"><span class='ocrx_word' id='word_1_60' title='bbox 235 431 388 468; x_wconf 87' lang='lat' dir='ltr'>clusum.</span> <span class='ocrx_word' id='word_1_61' title='bbox 420 431 459 465; x_wconf 90' lang='lat' dir='ltr'>In</span> <span class='ocrx_word' id='word_1_62' title='bbox 480 426 582 471; x_wconf 75' lang='lat' dir='ltr'>cujus</span> <span class='ocrx_word' id='word_1_63' title='bbox 594 426 758 476; x_wconf 83' lang='lat' dir='ltr'>tympani</span> <span class='ocrx_word' id='word_1_64' title='bbox 772 423 957 468; x_wconf 87' lang='lat' dir='ltr'>frontem,</span> <span class='ocrx_word' id='word_1_65' title='bbox 982 422 1163 460; x_wconf 83' lang='lat' dir='ltr'>denticuli</span> <span class='ocrx_word' id='word_1_66' title='bbox 1182 421 1418 472; x_wconf 84' lang='lat' dir='ltr'>perficiantur</span> <span class='ocrx_word' id='word_1_67' title='bbox 1428 422 1615 470; x_wconf 72' lang='lat' dir='ltr'>:equaliter</span> <span class='ocrx_word' id='word_1_68' title='bbox 1627 420 1747 466; x_wconf 85' lang='lat' dir='ltr'>diviss,</span> <span class='ocrx_word' id='word_1_69' title='bbox 1770 435 1836 460; x_wconf 89' lang='lat' dir='ltr'>nu-</span> 
     </span>
     <span class='ocr_line' id='line_1_8' title="bbox 236 476 1836 534; baseline -0.006 -10"><span class='ocrx_word' id='word_1_70' title='bbox 236 499 346 524; x_wconf 89' lang='lat' dir='ltr'>mero</span> <span class='ocrx_word' id='word_1_71' title='bbox 363 482 642 534; x_wconf 76' lang='lat' dir='ltr'>quadringenti,</span> <span class='ocrx_word' id='word_1_72' title='bbox 667 481 935 519; x_wconf 89' lang='lat' dir='ltr'>convenientes</span> <span class='ocrx_word' id='word_1_73' title='bbox 950 479 1145 516; x_wconf 85' lang='lat' dir='ltr'>denticulo</span> <span class='ocrx_word' id='word_1_74' title='bbox 1165 479 1336 530; x_wconf 86' lang='lat' dir='ltr'>tympani</span> <span class='ocrx_word' id='word_1_75' title='bbox 1355 477 1547 514; x_wconf 82' lang='lat' dir='ltr'>inferioris.</span> <span class='ocrx_word' id='word_1_76' title='bbox 1583 476 1764 514; x_wconf 73' lang='lat' dir='ltr'>Praeterea</span> <span class='ocrx_word' id='word_1_77' title='bbox 1780 477 1836 515; x_wconf 91' lang='lat' dir='ltr'>su-</span> 
     </span>
     <span class='ocr_line' id='line_1_9' title="bbox 235 532 1837 592; baseline -0.007 -13"><span class='ocrx_word' id='word_1_78' title='bbox 235 542 373 592; x_wconf 82' lang='lat' dir='ltr'>periori</span> <span class='ocrx_word' id='word_1_79' title='bbox 391 549 572 589; x_wconf 86' lang='lat' dir='ltr'>tympano</span> <span class='ocrx_word' id='word_1_80' title='bbox 584 536 732 575; x_wconf 86' lang='lat' dir='ltr'>adlatus</span> <span class='ocrx_word' id='word_1_81' title='bbox 751 535 884 587; x_wconf 84' lang='lat' dir='ltr'>figatur</span> <span class='ocrx_word' id='word_1_82' title='bbox 896 535 986 573; x_wconf 85' lang='lat' dir='ltr'>alter</span> <span class='ocrx_word' id='word_1_83' title='bbox 996 535 1208 572; x_wconf 85' lang='lat' dir='ltr'>denticulus</span> <span class='ocrx_word' id='word_1_84' title='bbox 1220 535 1438 585; x_wconf 85' lang='lat' dir='ltr'>prominens</span> <span class='ocrx_word' id='word_1_85' title='bbox 1451 543 1549 570; x_wconf 85' lang='lat' dir='ltr'>extra</span> <span class='ocrx_word' id='word_1_86' title='bbox 1563 532 1702 570; x_wconf 89' lang='lat' dir='ltr'>dentes.</span> <span class='ocrx_word' id='word_1_87' title='bbox 1722 532 1837 583; x_wconf 81' lang='lat' dir='ltr'>Super</span> 
     </span>
     <span class='ocr_line' id='line_1_10' title="bbox 237 586 1839 644; baseline -0.005 -10"><span class='ocrx_word' id='word_1_88' title='bbox 237 608 363 635; x_wconf 87' lang='lat' dir='ltr'>autem</span> <span class='ocrx_word' id='word_1_89' title='bbox 381 595 533 631; x_wconf 84' lang='lat' dir='ltr'>tertium</span> <span class='ocrx_word' id='word_1_90' title='bbox 547 603 765 644; x_wconf 88' lang='lat' dir='ltr'>tympanum</span> <span class='ocrx_word' id='word_1_91' title='bbox 789 593 938 642; x_wconf 89' lang='lat' dir='ltr'>planum</span> <span class='ocrx_word' id='word_1_92' title='bbox 950 620 959 636; x_wconf 89' lang='lat'>‚</span> <span class='ocrx_word' id='word_1_93' title='bbox 979 590 1108 628; x_wconf 87' lang='lat' dir='ltr'>eadem</span> <span class='ocrx_word' id='word_1_94' title='bbox 1125 591 1270 628; x_wconf 87' lang='lat' dir='ltr'>ratione</span> <span class='ocrx_word' id='word_1_95' title='bbox 1287 590 1480 627; x_wconf 83' lang='lat' dir='ltr'>dentatum</span> <span class='ocrx_word' id='word_1_96' title='bbox 1501 586 1685 625; x_wconf 86' lang='lat' dir='ltr'>inclusum</span> <span class='ocrx_word' id='word_1_97' title='bbox 1705 589 1744 624; x_wconf 90' lang='lat' dir='ltr'>in</span> <span class='ocrx_word' id='word_1_98' title='bbox 1756 590 1839 626; x_wconf 88' lang='lat' dir='ltr'>alte-</span> 
     </span>
     <span class='ocr_line' id='line_1_11' title="bbox 240 644 1840 693; baseline -0.006 -3"><span class='ocrx_word' id='word_1_99' title='bbox 240 664 327 690; x_wconf 86' lang='lat' dir='ltr'>rum</span> <span class='ocrx_word' id='word_1_100' title='bbox 346 650 644 688; x_wconf 76' lang='lat' dir='ltr'>loculamentum</span> <span class='ocrx_word' id='word_1_101' title='bbox 660 649 888 686; x_wconf 84' lang='lat' dir='ltr'>collocetur,</span> <span class='ocrx_word' id='word_1_102' title='bbox 913 647 1219 684; x_wconf 88' lang='lat' dir='ltr'>convenientibus</span> <span class='ocrx_word' id='word_1_103' title='bbox 1241 646 1411 685; x_wconf 83' lang='lat' dir='ltr'>dentibus</span> <span class='ocrx_word' id='word_1_104' title='bbox 1422 645 1637 684; x_wconf 84' lang='lat' dir='ltr'>denticulo,</span> <span class='ocrx_word' id='word_1_105' title='bbox 1656 645 1720 693; x_wconf 86' lang='lat' dir='ltr'>qui</span> <span class='ocrx_word' id='word_1_106' title='bbox 1740 644 1777 681; x_wconf 89' lang='lat' dir='ltr'>in</span> <span class='ocrx_word' id='word_1_107' title='bbox 1789 644 1840 681; x_wconf 89' lang='lat' dir='ltr'>se-</span> 
     </span>
     <span class='ocr_line' id='line_1_12' title="bbox 241 699 1841 755; baseline -0.006 -10"><span class='ocrx_word' id='word_1_108' title='bbox 241 708 353 746; x_wconf 89' lang='lat' dir='ltr'>cundi</span> <span class='ocrx_word' id='word_1_109' title='bbox 375 706 542 755; x_wconf 80' lang='lat' dir='ltr'>tympani</span> <span class='ocrx_word' id='word_1_110' title='bbox 559 706 672 742; x_wconf 87' lang='lat' dir='ltr'>latere</span> <span class='ocrx_word' id='word_1_111' title='bbox 691 705 799 742; x_wconf 87' lang='lat' dir='ltr'>fuerit</span> <span class='ocrx_word' id='word_1_112' title='bbox 811 703 922 741; x_wconf 78' lang='lat' dir='ltr'>fixus:</span> <span class='ocrx_word' id='word_1_113' title='bbox 940 705 977 739; x_wconf 88' lang='lat' dir='ltr'>in</span> <span class='ocrx_word' id='word_1_114' title='bbox 999 714 1125 751; x_wconf 88' lang='lat' dir='ltr'>eoque</span> <span class='ocrx_word' id='word_1_115' title='bbox 1135 713 1315 752; x_wconf 89' lang='lat' dir='ltr'>tympano</span> <span class='ocrx_word' id='word_1_116' title='bbox 1326 702 1511 739; x_wconf 81' lang='lat' dir='ltr'>foramina</span> <span class='ocrx_word' id='word_1_117' title='bbox 1530 699 1639 739; x_wconf 81' lang='lat' dir='ltr'>fiant,</span> <span class='ocrx_word' id='word_1_118' title='bbox 1657 711 1841 748; x_wconf 89' lang='lat' dir='ltr'>quantum</span> 
     </span>
     <span class='ocr_line' id='line_1_13' title="bbox 239 754 1842 808; baseline -0.005 -8"><span class='ocrx_word' id='word_1_119' title='bbox 239 763 360 800; x_wconf 87' lang='lat' dir='ltr'>diurni</span> <span class='ocrx_word' id='word_1_120' title='bbox 382 762 520 799; x_wconf 88' lang='lat' dir='ltr'>itineris</span> <span class='ocrx_word' id='word_1_121' title='bbox 543 761 789 798; x_wconf 85' lang='lat' dir='ltr'>miliariorum</span> <span class='ocrx_word' id='word_1_122' title='bbox 809 770 968 796; x_wconf 88' lang='lat' dir='ltr'>numero</span> <span class='ocrx_word' id='word_1_123' title='bbox 989 770 1080 796; x_wconf 90' lang='lat' dir='ltr'>cum</span> <span class='ocrx_word' id='word_1_124' title='bbox 1099 758 1210 795; x_wconf 86' lang='lat' dir='ltr'>rheda</span> <span class='ocrx_word' id='word_1_125' title='bbox 1222 756 1332 808; x_wconf 83' lang='lat' dir='ltr'>poffit</span> <span class='ocrx_word' id='word_1_126' title='bbox 1344 758 1446 804; x_wconf 77' lang='lat' dir='ltr'>exiri3</span> <span class='ocrx_word' id='word_1_127' title='bbox 1479 757 1602 793; x_wconf 89' lang='lat' dir='ltr'>minus</span> <span class='ocrx_word' id='word_1_128' title='bbox 1615 754 1740 807; x_wconf 88' lang='lat' dir='ltr'>plusve</span> <span class='ocrx_word' id='word_1_129' title='bbox 1761 768 1842 793; x_wconf 90' lang='lat' dir='ltr'>rem</span> 
     </span>
     <span class='ocr_line' id='line_1_14' title="bbox 239 813 1841 868; baseline -0.005 -12"><span class='ocrx_word' id='word_1_130' title='bbox 239 819 330 856; x_wconf 82' lang='lat' dir='ltr'>nihil</span> <span class='ocrx_word' id='word_1_131' title='bbox 348 817 520 868; x_wconf 89' lang='lat' dir='ltr'>impedit:</span> <span class='ocrx_word' id='word_1_132' title='bbox 539 819 575 853; x_wconf 72' lang='grc' dir='ltr'>ὅ(</span> <span class='ocrx_word' id='word_1_133' title='bbox 588 818 624 853; x_wconf 88' lang='lat' dir='ltr'>in</span> <span class='ocrx_word' id='word_1_134' title='bbox 636 817 691 854; x_wconf 85' lang='lat' dir='ltr'>his</span> <span class='ocrx_word' id='word_1_135' title='bbox 704 814 950 853; x_wconf 83' lang='lat' dir='ltr'>foraminibus</span> <span class='ocrx_word' id='word_1_136' title='bbox 965 814 1145 851; x_wconf 88' lang='lat' dir='ltr'>omnibus</span> <span class='ocrx_word' id='word_1_137' title='bbox 1159 815 1292 851; x_wconf 86' lang='lat' dir='ltr'>calculi</span> <span class='ocrx_word' id='word_1_138' title='bbox 1303 813 1456 850; x_wconf 90' lang='lat' dir='ltr'>rotundi</span> <span class='ocrx_word' id='word_1_139' title='bbox 1468 813 1715 855; x_wconf 90' lang='lat' dir='ltr'>collocentur,</span> <span class='ocrx_word' id='word_1_140' title='bbox 1727 813 1841 861; x_wconf 89' lang='lat' dir='ltr'>inque</span> 
     </span>
     <span class='ocr_line' id='line_1_15' title="bbox 242 867 1843 923; baseline -0.005 -11"><span class='ocrx_word' id='word_1_141' title='bbox 242 878 320 923; x_wconf 86' lang='lat' dir='ltr'>ejus</span> <span class='ocrx_word' id='word_1_142' title='bbox 333 874 502 923; x_wconf 82' lang='lat' dir='ltr'>tympani</span> <span class='ocrx_word' id='word_1_143' title='bbox 521 871 627 909; x_wconf 86' lang='lat' dir='ltr'>theca</span> <span class='ocrx_word' id='word_1_144' title='bbox 650 871 744 920; x_wconf 75' lang='lat' dir='ltr'>(sive</span> <span class='ocrx_word' id='word_1_145' title='bbox 759 872 794 908; x_wconf 85' lang='lat' dir='ltr'>id</span> <span class='ocrx_word' id='word_1_146' title='bbox 806 871 1106 908; x_wconf 74' lang='lat' dir='ltr'>loculamentum</span> <span class='ocrx_word' id='word_1_147' title='bbox 1120 869 1198 917; x_wconf 76' lang='lat' dir='ltr'>est)</span> <span class='ocrx_word' id='word_1_148' title='bbox 1215 869 1278 906; x_wconf 88' lang='lat' dir='ltr'>fiat</span> <span class='ocrx_word' id='word_1_149' title='bbox 1291 869 1460 906; x_wconf 85' lang='lat' dir='ltr'>foramen</span> <span class='ocrx_word' id='word_1_150' title='bbox 1472 894 1480 907; x_wconf 87' lang='lat'>‚</span> <span class='ocrx_word' id='word_1_151' title='bbox 1502 879 1619 905; x_wconf 87' lang='lat' dir='ltr'>unum</span> <span class='ocrx_word' id='word_1_152' title='bbox 1633 867 1770 905; x_wconf 88' lang='lat' dir='ltr'>habens</span> <span class='ocrx_word' id='word_1_153' title='bbox 1784 879 1843 904; x_wconf 85' lang='lat' dir='ltr'>ca-</span> 
     </span>
     <span class='ocr_line' id='line_1_16' title="bbox 240 925 1839 977; baseline -0.004 -9"><span class='ocrx_word' id='word_1_154' title='bbox 240 930 452 969; x_wconf 80' lang='lat' dir='ltr'>naliculum</span> <span class='ocrx_word' id='word_1_155' title='bbox 466 957 475 972; x_wconf 88' lang='lat'><em>‚</em></span> <span class='ocrx_word' id='word_1_156' title='bbox 495 941 566 977; x_wconf 88' lang='lat' dir='ltr'>qua</span> <span class='ocrx_word' id='word_1_157' title='bbox 579 928 714 965; x_wconf 87' lang='lat' dir='ltr'>calculi</span> <span class='ocrx_word' id='word_1_158' title='bbox 727 928 839 976; x_wconf 87' lang='lat' dir='ltr'>quiin</span> <span class='ocrx_word' id='word_1_159' title='bbox 850 937 898 962; x_wconf 91' lang='lat' dir='ltr'>eo</span> <span class='ocrx_word' id='word_1_160' title='bbox 910 936 1090 975; x_wconf 83' lang='lat' dir='ltr'>tympano</span> <span class='ocrx_word' id='word_1_161' title='bbox 1101 925 1265 976; x_wconf 86' lang='lat' dir='ltr'>impositi</span> <span class='ocrx_word' id='word_1_162' title='bbox 1275 925 1430 963; x_wconf 85' lang='lat' dir='ltr'>fuerint,</span> <span class='ocrx_word' id='word_1_163' title='bbox 1446 936 1536 962; x_wconf 88' lang='lat' dir='ltr'>cum</span> <span class='ocrx_word' id='word_1_164' title='bbox 1549 925 1592 961; x_wconf 86' lang='lat' dir='ltr'>ad</span> <span class='ocrx_word' id='word_1_165' title='bbox 1607 936 1694 961; x_wconf 90' lang='lat' dir='ltr'>eum</span> <span class='ocrx_word' id='word_1_166' title='bbox 1705 925 1839 962; x_wconf 91' lang='lat' dir='ltr'>locum</span> 
     </span>
     <span class='ocr_line' id='line_1_17' title="bbox 239 979 1842 1034; baseline -0.004 -10"><span class='ocrx_word' id='word_1_167' title='bbox 239 987 407 1024; x_wconf 87' lang='lat' dir='ltr'>venerint</span> <span class='ocrx_word' id='word_1_168' title='bbox 421 1014 430 1029; x_wconf 96' lang='lat'>,</span> <span class='ocrx_word' id='word_1_169' title='bbox 453 986 490 1021; x_wconf 90' lang='lat' dir='ltr'>in</span> <span class='ocrx_word' id='word_1_170' title='bbox 503 983 624 1021; x_wconf 74' lang='lat' dir='ltr'>rhedae</span> <span class='ocrx_word' id='word_1_171' title='bbox 637 982 786 1034; x_wconf 85' lang='lat' dir='ltr'>capsum</span> <span class='ocrx_word' id='word_1_172' title='bbox 800 984 835 1019; x_wconf 79' lang='grc' dir='ltr'>ὅ(</span> <span class='ocrx_word' id='word_1_173' title='bbox 848 992 907 1019; x_wconf 85' lang='lat' dir='ltr'>vas</span> <span class='ocrx_word' id='word_1_174' title='bbox 921 993 1065 1018; x_wconf 83' lang='lat' dir='ltr'>aeneum</span> <span class='ocrx_word' id='word_1_175' title='bbox 1080 1010 1090 1026; x_wconf 89' lang='lat'>,</span> <span class='ocrx_word' id='word_1_176' title='bbox 1111 981 1215 1030; x_wconf 89' lang='lat' dir='ltr'>quod</span> <span class='ocrx_word' id='word_1_177' title='bbox 1226 983 1292 1018; x_wconf 89' lang='lat' dir='ltr'>erit</span> <span class='ocrx_word' id='word_1_178' title='bbox 1302 980 1531 1033; x_wconf 83' lang='lat' dir='ltr'>suppositum</span> <span class='ocrx_word' id='word_1_179' title='bbox 1545 1010 1554 1026; x_wconf 90' lang='lat'>,</span> <span class='ocrx_word' id='word_1_180' title='bbox 1568 979 1697 1030; x_wconf 73' lang='lat' dir='ltr'>singuli</span> <span class='ocrx_word' id='word_1_181' title='bbox 1710 980 1842 1018; x_wconf 86' lang='lat' dir='ltr'>cadere</span> 
     </span>
     <span class='ocr_line' id='line_1_18' title="bbox 240 1035 1842 1093; baseline -0.004 -14"><span class='ocrx_word' id='word_1_182' title='bbox 240 1041 391 1093; x_wconf 84' lang='lat' dir='ltr'>poffinr.</span> <span class='ocrx_word' id='word_1_183' title='bbox 424 1041 474 1077; x_wconf 87' lang='lat' dir='ltr'>Ita</span> <span class='ocrx_word' id='word_1_184' title='bbox 487 1051 573 1077; x_wconf 89' lang='lat' dir='ltr'>cum</span> <span class='ocrx_word' id='word_1_185' title='bbox 588 1049 670 1075; x_wconf 85' lang='lat' dir='ltr'>rota</span> <span class='ocrx_word' id='word_1_186' title='bbox 681 1038 922 1088; x_wconf 78' lang='lat' dir='ltr'>progrediens</span> <span class='ocrx_word' id='word_1_187' title='bbox 936 1035 1060 1074; x_wconf 90' lang='lat' dir='ltr'>secum</span> <span class='ocrx_word' id='word_1_188' title='bbox 1072 1047 1155 1086; x_wconf 79' lang='lat' dir='ltr'>agat</span> <span class='ocrx_word' id='word_1_189' title='bbox 1166 1047 1389 1088; x_wconf 86' lang='lat' dir='ltr'>tympanum</span> <span class='ocrx_word' id='word_1_190' title='bbox 1401 1038 1519 1074; x_wconf 89' lang='lat' dir='ltr'>imum</span> <span class='ocrx_word' id='word_1_191' title='bbox 1534 1066 1542 1080; x_wconf 87' lang='lat'>,</span> <span class='ocrx_word' id='word_1_192' title='bbox 1563 1039 1600 1074; x_wconf 86' lang='lat'>&amp;</span> <span class='ocrx_word' id='word_1_193' title='bbox 1612 1037 1842 1073; x_wconf 89' lang='lat' dir='ltr'>denticulum</span> 
     </span>
     <span class='ocr_line' id='line_1_19' title="bbox 243 1090 1844 1145; baseline -0.004 -10"><span class='ocrx_word' id='word_1_194' title='bbox 243 1098 323 1142; x_wconf 85' lang='lat' dir='ltr'>ejus</span> <span class='ocrx_word' id='word_1_195' title='bbox 336 1096 482 1144; x_wconf 80' lang='lat' dir='ltr'>singulis</span> <span class='ocrx_word' id='word_1_196' title='bbox 495 1093 937 1143; x_wconf 87' lang='lat' dir='ltr'>versationibustympani</span> <span class='ocrx_word' id='word_1_197' title='bbox 952 1091 1143 1145; x_wconf 84' lang='lat' dir='ltr'>superioris</span> <span class='ocrx_word' id='word_1_198' title='bbox 1163 1093 1375 1131; x_wconf 88' lang='lat' dir='ltr'>denticulos</span> <span class='ocrx_word' id='word_1_199' title='bbox 1395 1090 1549 1142; x_wconf 88' lang='lat' dir='ltr'>impulsu</span> <span class='ocrx_word' id='word_1_200' title='bbox 1567 1103 1679 1142; x_wconf 83' lang='lat' dir='ltr'>cogat</span> <span class='ocrx_word' id='word_1_201' title='bbox 1697 1102 1844 1142; x_wconf 81' lang='lat' dir='ltr'>praeter-</span> 
     </span>
     <span class='ocr_line' id='line_1_20' title="bbox 241 1147 1843 1200; baseline -0.002 -11"><span class='ocrx_word' id='word_1_202' title='bbox 241 1155 295 1191; x_wconf 86' lang='lat' dir='ltr'>ire</span> <span class='ocrx_word' id='word_1_203' title='bbox 307 1179 315 1195; x_wconf 95' lang='lat'>,</span> <span class='ocrx_word' id='word_1_204' title='bbox 341 1150 496 1190; x_wconf 84' lang='lat' dir='ltr'>efficiet,</span> <span class='ocrx_word' id='word_1_205' title='bbox 519 1159 560 1187; x_wconf 92' lang='lat' dir='ltr'>ut</span> <span class='ocrx_word' id='word_1_206' title='bbox 571 1161 658 1187; x_wconf 91' lang='lat' dir='ltr'>cum</span> <span class='ocrx_word' id='word_1_207' title='bbox 671 1150 945 1200; x_wconf 87' lang='lat' dir='ltr'>quatercenties</span> <span class='ocrx_word' id='word_1_208' title='bbox 957 1150 1080 1187; x_wconf 90' lang='lat' dir='ltr'>imum</span> <span class='ocrx_word' id='word_1_209' title='bbox 1092 1148 1271 1187; x_wconf 83' lang='lat' dir='ltr'>versatum</span> <span class='ocrx_word' id='word_1_210' title='bbox 1289 1149 1418 1189; x_wconf 89' lang='lat' dir='ltr'>fuerit,</span> <span class='ocrx_word' id='word_1_211' title='bbox 1442 1147 1605 1198; x_wconf 88' lang='lat' dir='ltr'>superius</span> <span class='ocrx_word' id='word_1_212' title='bbox 1623 1158 1843 1198; x_wconf 79' lang='lat' dir='ltr'>tympanum</span> 
     </span>
     <span class='ocr_line' id='line_1_21' title="bbox 242 1204 1842 1255; baseline -0.002 -10"><span class='ocrx_word' id='word_1_213' title='bbox 242 1209 353 1245; x_wconf 85' lang='lat' dir='ltr'>semel</span> <span class='ocrx_word' id='word_1_214' title='bbox 373 1208 669 1255; x_wconf 71' lang='lat' dir='ltr'>circumagatur,</span> <span class='ocrx_word' id='word_1_215' title='bbox 694 1205 970 1249; x_wconf 84' lang='lat' dir='ltr'>&amp;denticulus,</span> <span class='ocrx_word' id='word_1_216' title='bbox 994 1206 1058 1254; x_wconf 89' lang='lat' dir='ltr'>qui</span> <span class='ocrx_word' id='word_1_217' title='bbox 1078 1205 1184 1243; x_wconf 87' lang='lat' dir='ltr'>estad</span> <span class='ocrx_word' id='word_1_218' title='bbox 1204 1207 1296 1242; x_wconf 89' lang='lat' dir='ltr'>latus</span> <span class='ocrx_word' id='word_1_219' title='bbox 1310 1206 1384 1251; x_wconf 79' lang='lat' dir='ltr'>ejus</span> <span class='ocrx_word' id='word_1_220' title='bbox 1398 1204 1511 1248; x_wconf 86' lang='lat' dir='ltr'>fixus,</span> <span class='ocrx_word' id='word_1_221' title='bbox 1533 1215 1650 1241; x_wconf 91' lang='lat' dir='ltr'>unum</span> <span class='ocrx_word' id='word_1_222' title='bbox 1673 1204 1842 1242; x_wconf 85' lang='lat' dir='ltr'>denticu-</span> 
     </span>
     <span class='ocr_line' id='line_1_22' title="bbox 243 1259 1845 1314; baseline -0.003 -13"><span class='ocrx_word' id='word_1_223' title='bbox 243 1264 324 1301; x_wconf 83' lang='lat' dir='ltr'>lum</span> <span class='ocrx_word' id='word_1_224' title='bbox 337 1263 501 1314; x_wconf 82' lang='lat' dir='ltr'>tympani</span> <span class='ocrx_word' id='word_1_225' title='bbox 513 1262 611 1312; x_wconf 84' lang='lat' dir='ltr'>plani</span> <span class='ocrx_word' id='word_1_226' title='bbox 621 1261 815 1312; x_wconf 85' lang='lat' dir='ltr'>producat.</span> <span class='ocrx_word' id='word_1_227' title='bbox 839 1261 939 1298; x_wconf 88' lang='lat' dir='ltr'>Cum</span> <span class='ocrx_word' id='word_1_228' title='bbox 952 1273 1042 1311; x_wconf 77' lang='lat' dir='ltr'>crgo</span> <span class='ocrx_word' id='word_1_229' title='bbox 1053 1261 1382 1310; x_wconf 79' lang='lat' dir='ltr'>quadringentenis</span> <span class='ocrx_word' id='word_1_230' title='bbox 1393 1259 1660 1298; x_wconf 83' lang='lat' dir='ltr'>versationibus</span> <span class='ocrx_word' id='word_1_231' title='bbox 1672 1260 1739 1296; x_wconf 89' lang='lat' dir='ltr'>imi</span> <span class='ocrx_word' id='word_1_232' title='bbox 1749 1269 1845 1308; x_wconf 87' lang='lat' dir='ltr'>tym-</span> 
     </span>
     <span class='ocr_line' id='line_1_23' title="bbox 244 1314 1845 1372; baseline -0.002 -17"><span class='ocrx_word' id='word_1_233' title='bbox 244 1321 356 1372; x_wconf 86' lang='lat' dir='ltr'>pani,</span> <span class='ocrx_word' id='word_1_234' title='bbox 375 1318 484 1354; x_wconf 88' lang='lat' dir='ltr'>semel</span> <span class='ocrx_word' id='word_1_235' title='bbox 497 1317 658 1368; x_wconf 84' lang='lat' dir='ltr'>superius</span> <span class='ocrx_word' id='word_1_236' title='bbox 671 1316 888 1361; x_wconf 80' lang='lat' dir='ltr'>versabitur,</span> <span class='ocrx_word' id='word_1_237' title='bbox 909 1317 1115 1368; x_wconf 69' lang='lat' dir='ltr'>progressus</span> <span class='ocrx_word' id='word_1_238' title='bbox 1126 1315 1261 1354; x_wconf 86' lang='lat' dir='ltr'>efficiet</span> <span class='ocrx_word' id='word_1_239' title='bbox 1271 1316 1377 1368; x_wconf 84' lang='lat' dir='ltr'>spatia</span> <span class='ocrx_word' id='word_1_240' title='bbox 1388 1315 1529 1367; x_wconf 87' lang='lat' dir='ltr'>pedum</span> <span class='ocrx_word' id='word_1_241' title='bbox 1539 1314 1593 1363; x_wconf 83' lang='lat' dir='ltr'>[d]</span> <span class='ocrx_word' id='word_1_242' title='bbox 1610 1316 1723 1352; x_wconf 79' lang='lat' dir='ltr'>miffla</span> <span class='ocrx_word' id='word_1_243' title='bbox 1735 1316 1845 1365; x_wconf 89' lang='lat' dir='ltr'>quin-</span> 
     </span>
     <span class='ocr_line' id='line_1_24' title="bbox 245 1371 1844 1424; baseline -0.003 -12"><span class='ocrx_word' id='word_1_244' title='bbox 245 1386 319 1424; x_wconf 89' lang='lat' dir='ltr'>que</span> <span class='ocrx_word' id='word_1_245' title='bbox 335 1403 344 1418; x_wconf 91' lang='lat'>,</span> <span class='ocrx_word' id='word_1_246' title='bbox 365 1374 401 1410; x_wconf 90' lang='lat' dir='ltr'>id</span> <span class='ocrx_word' id='word_1_247' title='bbox 414 1373 464 1410; x_wconf 87' lang='lat' dir='ltr'>est</span> <span class='ocrx_word' id='word_1_248' title='bbox 480 1400 486 1413; x_wconf 88' lang='lat'>‚</span> <span class='ocrx_word' id='word_1_249' title='bbox 510 1373 626 1424; x_wconf 64' lang='lat' dir='ltr'>pass&#39;us</span> <span class='ocrx_word' id='word_1_250' title='bbox 639 1374 755 1411; x_wconf 89' lang='lat' dir='ltr'>mille.</span> <span class='ocrx_word' id='word_1_251' title='bbox 786 1374 839 1411; x_wconf 86' lang='lat' dir='ltr'>Ex</span> <span class='ocrx_word' id='word_1_252' title='bbox 851 1385 899 1411; x_wconf 89' lang='lat' dir='ltr'>eo</span> <span class='ocrx_word' id='word_1_253' title='bbox 911 1374 1013 1423; x_wconf 90' lang='lat' dir='ltr'>quod</span> <span class='ocrx_word' id='word_1_254' title='bbox 1025 1373 1160 1410; x_wconf 87' lang='lat' dir='ltr'>calculi</span> <span class='ocrx_word' id='word_1_255' title='bbox 1173 1373 1374 1411; x_wconf 86' lang='lat' dir='ltr'>deciderint</span> <span class='ocrx_word' id='word_1_256' title='bbox 1385 1372 1552 1411; x_wconf 67' lang='lat' dir='ltr'>sonando</span> <span class='ocrx_word' id='word_1_257' title='bbox 1572 1371 1710 1421; x_wconf 74' lang='lat' dir='ltr'>singula</span> <span class='ocrx_word' id='word_1_258' title='bbox 1730 1372 1844 1409; x_wconf 88' lang='lat' dir='ltr'>millia</span> 
     </span>
     <span class='ocr_line' id='line_1_25' title="bbox 246 1428 1845 1468; baseline -0.002 -1"><span class='ocrx_word' id='word_1_259' title='bbox 246 1429 354 1467; x_wconf 73' lang='lat' dir='ltr'>exiss&#39;e</span> <span class='ocrx_word' id='word_1_260' title='bbox 374 1428 596 1467; x_wconf 89' lang='lat' dir='ltr'>monebunt.</span> <span class='ocrx_word' id='word_1_261' title='bbox 627 1431 817 1467; x_wconf 83' lang='lat' dir='ltr'>Numerus</span> <span class='ocrx_word' id='word_1_262' title='bbox 835 1442 927 1468; x_wconf 91' lang='lat' dir='ltr'>vero</span> <span class='ocrx_word' id='word_1_263' title='bbox 940 1430 1175 1467; x_wconf 88' lang='lat' dir='ltr'>calculorum</span> <span class='ocrx_word' id='word_1_264' title='bbox 1190 1443 1233 1468; x_wconf 88' lang='lat' dir='ltr'>ex</span> <span class='ocrx_word' id='word_1_265' title='bbox 1253 1432 1335 1468; x_wconf 91' lang='lat' dir='ltr'>imo</span> <span class='ocrx_word' id='word_1_266' title='bbox 1349 1429 1546 1468; x_wconf 59' lang='lat' dir='ltr'>concitus,</span> <span class='ocrx_word' id='word_1_267' title='bbox 1569 1428 1711 1467; x_wconf 85' lang='lat' dir='ltr'>summa</span> <span class='ocrx_word' id='word_1_268' title='bbox 1722 1428 1845 1465; x_wconf 91' lang='lat' dir='ltr'>diurni</span> 
     </span>
     <span class='ocr_line' id='line_1_26' title="bbox 246 1483 1844 1537; baseline -0.002 -14"><span class='ocrx_word' id='word_1_269' title='bbox 246 1486 508 1523; x_wconf 83' lang='lat' dir='ltr'>milliariorum</span> <span class='ocrx_word' id='word_1_270' title='bbox 520 1486 658 1522; x_wconf 88' lang='lat' dir='ltr'>itineris</span> <span class='ocrx_word' id='word_1_271' title='bbox 670 1497 871 1523; x_wconf 83' lang='lat' dir='ltr'>numerum</span> <span class='ocrx_word' id='word_1_272' title='bbox 884 1485 1076 1523; x_wconf 86' lang='lat' dir='ltr'>indicabit.</span> <span class='ocrx_word' id='word_1_273' title='bbox 1089 1487 1405 1537; x_wconf 78' lang='lat' dir='ltr'>Navigationibus</span> <span class='ocrx_word' id='word_1_274' title='bbox 1417 1498 1525 1526; x_wconf 87' lang='lat' dir='ltr'>vero,</span> <span class='ocrx_word' id='word_1_275' title='bbox 1542 1483 1705 1522; x_wconf 80' lang='lat' dir='ltr'>similiter</span> <span class='ocrx_word' id='word_1_276' title='bbox 1717 1484 1844 1535; x_wconf 84' lang='lat' dir='ltr'>paucis</span> 
     </span>
     <span class='ocr_line' id='line_1_27' title="bbox 246 1540 1846 1592; baseline -0.001 -15"><span class='ocrx_word' id='word_1_277' title='bbox 246 1541 356 1579; x_wconf 88' lang='lat' dir='ltr'>rebus</span> <span class='ocrx_word' id='word_1_278' title='bbox 369 1542 632 1581; x_wconf 83' lang='lat' dir='ltr'>commutatis,</span> <span class='ocrx_word' id='word_1_279' title='bbox 653 1541 782 1578; x_wconf 88' lang='lat' dir='ltr'>eadem</span> <span class='ocrx_word' id='word_1_280' title='bbox 795 1543 938 1579; x_wconf 86' lang='lat' dir='ltr'>ratione</span> <span class='ocrx_word' id='word_1_281' title='bbox 956 1541 1177 1580; x_wconf 88' lang='lat' dir='ltr'>cfficiuntur.</span> <span class='ocrx_word' id='word_1_282' title='bbox 1209 1544 1389 1592; x_wconf 84' lang='lat' dir='ltr'>Namque</span> <span class='ocrx_word' id='word_1_283' title='bbox 1401 1543 1579 1589; x_wconf 85' lang='lat' dir='ltr'>trajicitur</span> <span class='ocrx_word' id='word_1_284' title='bbox 1588 1552 1652 1591; x_wconf 88' lang='lat' dir='ltr'>per</span> <span class='ocrx_word' id='word_1_285' title='bbox 1661 1540 1772 1577; x_wconf 85' lang='lat' dir='ltr'>latera</span> <span class='ocrx_word' id='word_1_286' title='bbox 1783 1551 1846 1589; x_wconf 88' lang='lat' dir='ltr'>pa-</span> 
     </span>
     <span class='ocr_line' id='line_1_28' title="bbox 246 1596 1845 1649; baseline -0.001 -16"><span class='ocrx_word' id='word_1_287' title='bbox 246 1598 383 1635; x_wconf 86' lang='lat' dir='ltr'>rictum</span> <span class='ocrx_word' id='word_1_288' title='bbox 393 1598 489 1641; x_wconf 80' lang='lat' dir='ltr'>axis,</span> <span class='ocrx_word' id='word_1_289' title='bbox 507 1596 644 1635; x_wconf 88' lang='lat' dir='ltr'>habens</span> <span class='ocrx_word' id='word_1_290' title='bbox 655 1606 756 1634; x_wconf 82' lang='lat' dir='ltr'>extra</span> <span class='ocrx_word' id='word_1_291' title='bbox 769 1607 900 1634; x_wconf 81' lang='lat' dir='ltr'>navem</span> <span class='ocrx_word' id='word_1_292' title='bbox 920 1600 1169 1648; x_wconf 88' lang='lat' dir='ltr'>prominentia</span> <span class='ocrx_word' id='word_1_293' title='bbox 1182 1600 1321 1649; x_wconf 86' lang='lat' dir='ltr'>capita,</span> <span class='ocrx_word' id='word_1_294' title='bbox 1340 1601 1376 1635; x_wconf 90' lang='lat' dir='ltr'>in</span> <span class='ocrx_word' id='word_1_295' title='bbox 1395 1609 1476 1647; x_wconf 87' lang='lat' dir='ltr'>quae</span> <span class='ocrx_word' id='word_1_296' title='bbox 1495 1596 1735 1634; x_wconf 86' lang='lat' dir='ltr'>includuntur</span> <span class='ocrx_word' id='word_1_297' title='bbox 1752 1605 1845 1633; x_wconf 84' lang='lat' dir='ltr'>rota:</span> 
     </span>
     <span class='ocr_line' id='line_1_29' title="bbox 249 1651 1844 1704; baseline -0.001 -16"><span class='ocrx_word' id='word_1_298' title='bbox 249 1654 432 1690; x_wconf 85' lang='lat' dir='ltr'>diametro</span> <span class='ocrx_word' id='word_1_299' title='bbox 452 1651 590 1704; x_wconf 89' lang='lat' dir='ltr'>pedum</span> <span class='ocrx_word' id='word_1_300' title='bbox 609 1652 1063 1702; x_wconf 87' lang='lat' dir='ltr'>quaternum&amp;sextantis</span> <span class='ocrx_word' id='word_1_301' title='bbox 1077 1680 1085 1696; x_wconf 91' lang='lat'>,</span> <span class='ocrx_word' id='word_1_302' title='bbox 1109 1654 1284 1692; x_wconf 87' lang='lat' dir='ltr'>habentes</span> <span class='ocrx_word' id='word_1_303' title='bbox 1305 1656 1402 1692; x_wconf 87' lang='lat' dir='ltr'>eirca</span> <span class='ocrx_word' id='word_1_304' title='bbox 1421 1654 1563 1691; x_wconf 88' lang='lat' dir='ltr'>frontes</span> <span class='ocrx_word' id='word_1_305' title='bbox 1575 1651 1698 1690; x_wconf 86' lang='lat' dir='ltr'>affixas</span> <span class='ocrx_word' id='word_1_306' title='bbox 1715 1652 1844 1702; x_wconf 81' lang='lat' dir='ltr'>pinnas</span> 
     </span>
     <span class='ocr_line' id='line_1_30' title="bbox 249 1710 1844 1760; baseline -0.001 -15"><span class='ocrx_word' id='word_1_307' title='bbox 249 1720 383 1757; x_wconf 84' lang='lat' dir='ltr'>aquam</span> <span class='ocrx_word' id='word_1_308' title='bbox 393 1718 596 1758; x_wconf 80' lang='lat' dir='ltr'>tangentes.</span> <span class='ocrx_word' id='word_1_309' title='bbox 631 1710 724 1748; x_wconf 89' lang='lat' dir='ltr'>Item</span> <span class='ocrx_word' id='word_1_310' title='bbox 738 1710 882 1747; x_wconf 88' lang='lat' dir='ltr'>medius</span> <span class='ocrx_word' id='word_1_311' title='bbox 893 1712 967 1748; x_wconf 86' lang='lat' dir='ltr'>axis</span> <span class='ocrx_word' id='word_1_312' title='bbox 986 1712 1024 1747; x_wconf 92' lang='lat' dir='ltr'>in</span> <span class='ocrx_word' id='word_1_313' title='bbox 1043 1712 1167 1748; x_wconf 87' lang='lat' dir='ltr'>media</span> <span class='ocrx_word' id='word_1_314' title='bbox 1178 1713 1261 1748; x_wconf 87' lang='lat' dir='ltr'>navi</span> <span class='ocrx_word' id='word_1_315' title='bbox 1273 1710 1385 1748; x_wconf 78' lang='lat' dir='ltr'>habet</span> <span class='ocrx_word' id='word_1_316' title='bbox 1404 1719 1625 1760; x_wconf 87' lang='lat' dir='ltr'>tympanum</span> <span class='ocrx_word' id='word_1_317' title='bbox 1638 1738 1647 1754; x_wconf 94' lang='lat'>‚</span> <span class='ocrx_word' id='word_1_318' title='bbox 1667 1718 1756 1744; x_wconf 91' lang='lat' dir='ltr'>cum</span> <span class='ocrx_word' id='word_1_319' title='bbox 1765 1718 1844 1744; x_wconf 89' lang='lat' dir='ltr'>uno</span> 
     </span>
     <span class='ocr_line' id='line_1_31' title="bbox 251 1764 1846 1804; baseline -0.001 -5"><span class='ocrx_word' id='word_1_320' title='bbox 251 1764 449 1800; x_wconf 85' lang='lat' dir='ltr'>denticulo</span> <span class='ocrx_word' id='word_1_321' title='bbox 469 1766 723 1803; x_wconf 85' lang='lat' dir='ltr'>extantiextra</span> <span class='ocrx_word' id='word_1_322' title='bbox 736 1765 836 1803; x_wconf 87' lang='lat' dir='ltr'>suam</span> <span class='ocrx_word' id='word_1_323' title='bbox 856 1765 1134 1804; x_wconf 86' lang='lat' dir='ltr'>rotunditatem.</span> <span class='ocrx_word' id='word_1_324' title='bbox 1166 1766 1229 1804; x_wconf 91' lang='lat' dir='ltr'>Ad</span> <span class='ocrx_word' id='word_1_325' title='bbox 1249 1779 1337 1804; x_wconf 88' lang='lat' dir='ltr'>eum</span> <span class='ocrx_word' id='word_1_326' title='bbox 1355 1768 1487 1804; x_wconf 89' lang='lat' dir='ltr'>locum</span> <span class='ocrx_word' id='word_1_327' title='bbox 1508 1764 1846 1802; x_wconf 89' lang='lat' dir='ltr'>collocaturlocu-</span> 
     </span>
     <span class='ocr_line' id='line_1_32' title="bbox 250 1816 1844 1872; baseline -0.001 -18"><span class='ocrx_word' id='word_1_328' title='bbox 250 1820 458 1855; x_wconf 87' lang='lat' dir='ltr'>lamentum</span> <span class='ocrx_word' id='word_1_329' title='bbox 472 1848 481 1863; x_wconf 90' lang='lat'>‚</span> <span class='ocrx_word' id='word_1_330' title='bbox 503 1819 641 1857; x_wconf 83' lang='lat' dir='ltr'>habens</span> <span class='ocrx_word' id='word_1_331' title='bbox 663 1822 847 1859; x_wconf 89' lang='lat' dir='ltr'>inclusum</span> <span class='ocrx_word' id='word_1_332' title='bbox 866 1823 902 1858; x_wconf 90' lang='lat' dir='ltr'>in</span> <span class='ocrx_word' id='word_1_333' title='bbox 922 1821 954 1858; x_wconf 92' lang='lat' dir='ltr'>sc</span> <span class='ocrx_word' id='word_1_334' title='bbox 971 1832 1214 1872; x_wconf 86' lang='lat' dir='ltr'>tympanum,</span> <span class='ocrx_word' id='word_1_335' title='bbox 1236 1823 1454 1872; x_wconf 69' lang='lat' dir='ltr'>peraequatis</span> <span class='ocrx_word' id='word_1_336' title='bbox 1476 1819 1645 1857; x_wconf 89' lang='lat' dir='ltr'>dentibus</span> <span class='ocrx_word' id='word_1_337' title='bbox 1667 1816 1844 1866; x_wconf 84' lang='lat' dir='ltr'>quadrin-</span> 
     </span>
     <span class='ocr_line' id='line_1_33' title="bbox 251 1873 1846 1926; baseline 0.001 -17"><span class='ocrx_word' id='word_1_338' title='bbox 251 1876 370 1923; x_wconf 84' lang='lat' dir='ltr'>gentis</span> <span class='ocrx_word' id='word_1_339' title='bbox 383 1876 691 1912; x_wconf 88' lang='lat' dir='ltr'>convenientibus</span> <span class='ocrx_word' id='word_1_340' title='bbox 703 1876 895 1914; x_wconf 87' lang='lat' dir='ltr'>denticulo</span> <span class='ocrx_word' id='word_1_341' title='bbox 906 1879 1094 1926; x_wconf 85' lang='lat' dir='ltr'>tympani,</span> <span class='ocrx_word' id='word_1_342' title='bbox 1119 1878 1223 1926; x_wconf 89' lang='lat' dir='ltr'>quod</span> <span class='ocrx_word' id='word_1_343' title='bbox 1233 1877 1282 1915; x_wconf 89' lang='lat' dir='ltr'>est</span> <span class='ocrx_word' id='word_1_344' title='bbox 1293 1879 1330 1913; x_wconf 88' lang='lat' dir='ltr'>in</span> <span class='ocrx_word' id='word_1_345' title='bbox 1350 1888 1417 1914; x_wconf 84' lang='lat' dir='ltr'>axe</span> <span class='ocrx_word' id='word_1_346' title='bbox 1436 1873 1622 1912; x_wconf 87' lang='lat' dir='ltr'>inclusum</span> <span class='ocrx_word' id='word_1_347' title='bbox 1638 1887 1644 1908; x_wconf 90' lang='lat'>:</span> <span class='ocrx_word' id='word_1_348' title='bbox 1669 1882 1846 1923; x_wconf 67' lang='lat' dir='ltr'>praeterea</span> 
     </span>
     <span class='ocr_line' id='line_1_34' title="bbox 252 1927 1846 1978; baseline 0 -14"><span class='ocrx_word' id='word_1_349' title='bbox 252 1929 401 1966; x_wconf 80' lang='lat' dir='ltr'>adlatus</span> <span class='ocrx_word' id='word_1_350' title='bbox 413 1928 562 1966; x_wconf 83' lang='lat' dir='ltr'>affixum</span> <span class='ocrx_word' id='word_1_351' title='bbox 580 1941 768 1968; x_wconf 87' lang='lat' dir='ltr'>extantem</span> <span class='ocrx_word' id='word_1_352' title='bbox 788 1941 887 1968; x_wconf 83' lang='lat' dir='ltr'>extra</span> <span class='ocrx_word' id='word_1_353' title='bbox 904 1932 1174 1969; x_wconf 85' lang='lat' dir='ltr'>rotunditatem</span> <span class='ocrx_word' id='word_1_354' title='bbox 1188 1933 1342 1969; x_wconf 84' lang='lat' dir='ltr'>alterum</span> <span class='ocrx_word' id='word_1_355' title='bbox 1354 1931 1516 1967; x_wconf 87' lang='lat' dir='ltr'>dentem.</span> <span class='ocrx_word' id='word_1_356' title='bbox 1550 1928 1686 1966; x_wconf 86' lang='lat' dir='ltr'>Unum</span> <span class='ocrx_word' id='word_1_357' title='bbox 1698 1927 1846 1978; x_wconf 88' lang='lat' dir='ltr'>insuper</span> 
     </span>
     <span class='ocr_line' id='line_1_35' title="bbox 252 1984 1846 2036; baseline -0.001 -15"><span class='ocrx_word' id='word_1_358' title='bbox 252 1985 290 2021; x_wconf 89' lang='lat' dir='ltr'>in</span> <span class='ocrx_word' id='word_1_359' title='bbox 310 1985 428 2020; x_wconf 87' lang='lat' dir='ltr'>altero</span> <span class='ocrx_word' id='word_1_360' title='bbox 440 1985 701 2022; x_wconf 87' lang='lat' dir='ltr'>loculamento</span> <span class='ocrx_word' id='word_1_361' title='bbox 722 1998 809 2022; x_wconf 88' lang='lat' dir='ltr'>cum</span> <span class='ocrx_word' id='word_1_362' title='bbox 821 1997 868 2021; x_wconf 93' lang='lat' dir='ltr'>eo</span> <span class='ocrx_word' id='word_1_363' title='bbox 880 1985 1034 2022; x_wconf 83' lang='lat' dir='ltr'>confixo</span> <span class='ocrx_word' id='word_1_364' title='bbox 1048 2014 1057 2029; x_wconf 83' lang='lat'>,</span> <span class='ocrx_word' id='word_1_365' title='bbox 1077 1986 1261 2023; x_wconf 90' lang='lat' dir='ltr'>inclusum</span> <span class='ocrx_word' id='word_1_366' title='bbox 1275 1997 1496 2036; x_wconf 81' lang='lat' dir='ltr'>tympanum</span> <span class='ocrx_word' id='word_1_367' title='bbox 1517 1985 1668 2034; x_wconf 89' lang='lat' dir='ltr'>planum</span> <span class='ocrx_word' id='word_1_368' title='bbox 1689 1984 1733 2020; x_wconf 89' lang='lat' dir='ltr'>ad</span> <span class='ocrx_word' id='word_1_369' title='bbox 1754 1995 1846 2021; x_wconf 90' lang='lat' dir='ltr'>eun-</span> 
     </span>
     <span class='ocr_line' id='line_1_36' title="bbox 251 2038 1846 2090; baseline 0 -14"><span class='ocrx_word' id='word_1_370' title='bbox 251 2040 339 2077; x_wconf 89' lang='lat' dir='ltr'>dem</span> <span class='ocrx_word' id='word_1_371' title='bbox 354 2039 513 2077; x_wconf 89' lang='lat' dir='ltr'>modum</span> <span class='ocrx_word' id='word_1_372' title='bbox 527 2040 737 2080; x_wconf 88' lang='lat' dir='ltr'>dentatum,</span> <span class='ocrx_word' id='word_1_373' title='bbox 762 2040 897 2090; x_wconf 87' lang='lat' dir='ltr'>quibus</span> <span class='ocrx_word' id='word_1_374' title='bbox 910 2040 1080 2078; x_wconf 87' lang='lat' dir='ltr'>dentibus</span> <span class='ocrx_word' id='word_1_375' title='bbox 1092 2041 1302 2078; x_wconf 89' lang='lat' dir='ltr'>denticulus</span> <span class='ocrx_word' id='word_1_376' title='bbox 1314 2070 1323 2085; x_wconf 98' lang='lat'>,</span> <span class='ocrx_word' id='word_1_377' title='bbox 1342 2042 1409 2090; x_wconf 90' lang='lat' dir='ltr'>qui</span> <span class='ocrx_word' id='word_1_378' title='bbox 1420 2039 1469 2076; x_wconf 88' lang='lat' dir='ltr'>est</span> <span class='ocrx_word' id='word_1_379' title='bbox 1482 2041 1634 2077; x_wconf 85' lang='lat' dir='ltr'>adlatus</span> <span class='ocrx_word' id='word_1_380' title='bbox 1645 2038 1740 2076; x_wconf 82' lang='lat' dir='ltr'>fixus</span> <span class='ocrx_word' id='word_1_381' title='bbox 1751 2049 1846 2087; x_wconf 83' lang='lat' dir='ltr'>tym-</span> 
     </span>
     <span class='ocr_line' id='line_1_37' title="bbox 252 2093 1847 2146; baseline 0 -15"><span class='ocrx_word' id='word_1_382' title='bbox 252 2106 355 2145; x_wconf 85' lang='lat' dir='ltr'>pano</span> <span class='ocrx_word' id='word_1_383' title='bbox 368 2124 378 2139; x_wconf 93' lang='lat'>,</span> <span class='ocrx_word' id='word_1_384' title='bbox 398 2095 503 2144; x_wconf 85' lang='lat' dir='ltr'>quod</span> <span class='ocrx_word' id='word_1_385' title='bbox 514 2094 611 2132; x_wconf 89' lang='lat' dir='ltr'>estin</span> <span class='ocrx_word' id='word_1_386' title='bbox 624 2097 747 2133; x_wconf 90' lang='lat' dir='ltr'>cultro</span> <span class='ocrx_word' id='word_1_387' title='bbox 759 2096 987 2133; x_wconf 88' lang='lat' dir='ltr'>collocatum</span> <span class='ocrx_word' id='word_1_388' title='bbox 999 2125 1008 2140; x_wconf 98' lang='lat'>,</span> <span class='ocrx_word' id='word_1_389' title='bbox 1032 2097 1068 2132; x_wconf 89' lang='lat' dir='ltr'>in</span> <span class='ocrx_word' id='word_1_390' title='bbox 1081 2107 1147 2133; x_wconf 94' lang='lat' dir='ltr'>eos</span> <span class='ocrx_word' id='word_1_391' title='bbox 1157 2097 1283 2134; x_wconf 90' lang='lat' dir='ltr'>dentes</span> <span class='ocrx_word' id='word_1_392' title='bbox 1303 2098 1367 2145; x_wconf 90' lang='lat' dir='ltr'>qui</span> <span class='ocrx_word' id='word_1_393' title='bbox 1378 2096 1456 2134; x_wconf 87' lang='lat' dir='ltr'>sunt</span> <span class='ocrx_word' id='word_1_394' title='bbox 1476 2097 1576 2146; x_wconf 82' lang='lat' dir='ltr'>plani</span> <span class='ocrx_word' id='word_1_395' title='bbox 1589 2096 1766 2146; x_wconf 88' lang='lat' dir='ltr'>tympani,</span> <span class='ocrx_word' id='word_1_396' title='bbox 1779 2093 1847 2131; x_wconf 82' lang='lat' dir='ltr'>fin-</span> 
     </span>
     <span class='ocr_line' id='line_1_38' title="bbox 254 2150 1846 2201; baseline 0 -14"><span class='ocrx_word' id='word_1_397' title='bbox 254 2152 350 2200; x_wconf 75' lang='lat' dir='ltr'>gulis</span> <span class='ocrx_word' id='word_1_398' title='bbox 370 2150 632 2189; x_wconf 84' lang='lat' dir='ltr'>versationibus</span> <span class='ocrx_word' id='word_1_399' title='bbox 652 2150 814 2200; x_wconf 74' lang='lat' dir='ltr'>singulos</span> <span class='ocrx_word' id='word_1_400' title='bbox 832 2152 1202 2200; x_wconf 87' lang='lat' dir='ltr'>dentesimpellendo</span> <span class='ocrx_word' id='word_1_401' title='bbox 1224 2154 1261 2188; x_wconf 92' lang='lat' dir='ltr'>in</span> <span class='ocrx_word' id='word_1_402' title='bbox 1280 2152 1433 2189; x_wconf 84' lang='lat' dir='ltr'>orbem,</span> <span class='ocrx_word' id='word_1_403' title='bbox 1455 2152 1608 2201; x_wconf 84' lang='lat' dir='ltr'>planum</span> <span class='ocrx_word' id='word_1_404' title='bbox 1623 2161 1846 2201; x_wconf 76' lang='lat' dir='ltr'>tympanum</span> 
     </span>
     <span class='ocr_line' id='line_1_39' title="bbox 254 2205 1847 2257; baseline 0.001 -15"><span class='ocrx_word' id='word_1_405' title='bbox 254 2205 380 2242; x_wconf 89' lang='lat' dir='ltr'>verset.</span> <span class='ocrx_word' id='word_1_406' title='bbox 396 2207 438 2242; x_wconf 92' lang='lat' dir='ltr'>In</span> <span class='ocrx_word' id='word_1_407' title='bbox 448 2207 560 2256; x_wconf 80' lang='lat' dir='ltr'>plano</span> <span class='ocrx_word' id='word_1_408' title='bbox 571 2216 697 2244; x_wconf 91' lang='lat' dir='ltr'>autem</span> <span class='ocrx_word' id='word_1_409' title='bbox 709 2218 888 2257; x_wconf 88' lang='lat' dir='ltr'>tympano</span> <span class='ocrx_word' id='word_1_410' title='bbox 901 2206 1083 2244; x_wconf 82' lang='lat' dir='ltr'>foramina</span> <span class='ocrx_word' id='word_1_411' title='bbox 1102 2206 1204 2245; x_wconf 85' lang='lat' dir='ltr'>fiant,</span> <span class='ocrx_word' id='word_1_412' title='bbox 1219 2209 1256 2244; x_wconf 88' lang='lat' dir='ltr'>in</span> <span class='ocrx_word' id='word_1_413' title='bbox 1269 2208 1403 2256; x_wconf 87' lang='lat' dir='ltr'>quibus</span> <span class='ocrx_word' id='word_1_414' title='bbox 1415 2207 1660 2244; x_wconf 81' lang='lat' dir='ltr'>foraminibus</span> <span class='ocrx_word' id='word_1_415' title='bbox 1678 2207 1847 2244; x_wconf 80' lang='lat' dir='ltr'>colloca-</span> 
     </span>
     <span class='ocr_line' id='line_1_40' title="bbox 252 2262 1845 2312; baseline 0 -14"><span class='ocrx_word' id='word_1_416' title='bbox 252 2262 390 2298; x_wconf 90' lang='lat' dir='ltr'>buntur</span> <span class='ocrx_word' id='word_1_417' title='bbox 400 2263 532 2299; x_wconf 86' lang='lat' dir='ltr'>calculi</span> <span class='ocrx_word' id='word_1_418' title='bbox 544 2263 708 2300; x_wconf 90' lang='lat' dir='ltr'>rotundi.</span> <span class='ocrx_word' id='word_1_419' title='bbox 721 2264 764 2299; x_wconf 88' lang='lat' dir='ltr'>In</span> <span class='ocrx_word' id='word_1_420' title='bbox 777 2262 885 2300; x_wconf 88' lang='lat' dir='ltr'>theca</span> <span class='ocrx_word' id='word_1_421' title='bbox 896 2264 1149 2312; x_wconf 72' lang='lat' dir='ltr'>ejusrympani</span> <span class='ocrx_word' id='word_1_422' title='bbox 1165 2262 1252 2310; x_wconf 81' lang='lat' dir='ltr'>(sive</span> <span class='ocrx_word' id='word_1_423' title='bbox 1262 2264 1562 2300; x_wconf 88' lang='lat' dir='ltr'>loculamentum</span> <span class='ocrx_word' id='word_1_424' title='bbox 1576 2262 1641 2310; x_wconf 72' lang='lat' dir='ltr'>est)</span> <span class='ocrx_word' id='word_1_425' title='bbox 1653 2273 1768 2300; x_wconf 91' lang='lat' dir='ltr'>unum</span> <span class='ocrx_word' id='word_1_426' title='bbox 1779 2274 1845 2300; x_wconf 82' lang='lat' dir='ltr'>ex-</span> 
     </span>
     <span class='ocr_line' id='line_1_41' title="bbox 255 2317 1846 2368; baseline 0.001 -16"><span class='ocrx_word' id='word_1_427' title='bbox 255 2326 418 2361; x_wconf 81' lang='lat' dir='ltr'>cavetur,</span> <span class='ocrx_word' id='word_1_428' title='bbox 431 2317 567 2354; x_wconf 88' lang='lat' dir='ltr'>habens</span> <span class='ocrx_word' id='word_1_429' title='bbox 581 2318 850 2357; x_wconf 87' lang='lat' dir='ltr'>canaliculum‚</span> <span class='ocrx_word' id='word_1_430' title='bbox 865 2330 937 2368; x_wconf 89' lang='lat' dir='ltr'>qua</span> <span class='ocrx_word' id='word_1_431' title='bbox 950 2319 1111 2355; x_wconf 86' lang='lat' dir='ltr'>calculus</span> <span class='ocrx_word' id='word_1_432' title='bbox 1123 2319 1294 2356; x_wconf 87' lang='lat' dir='ltr'>liberatus</span> <span class='ocrx_word' id='word_1_433' title='bbox 1306 2320 1352 2355; x_wconf 86' lang='lat' dir='ltr'>ab</span> <span class='ocrx_word' id='word_1_434' title='bbox 1363 2318 1554 2358; x_wconf 87' lang='lat' dir='ltr'>obstantia,</span> <span class='ocrx_word' id='word_1_435' title='bbox 1571 2330 1658 2355; x_wconf 85' lang='lat' dir='ltr'>cuni</span> <span class='ocrx_word' id='word_1_436' title='bbox 1670 2318 1846 2355; x_wconf 87' lang='lat' dir='ltr'>ceciderit</span> 
     </span>
     <span class='ocr_line' id='line_1_42' title="bbox 254 2371 1841 2427; baseline 0.001 -19"><span class='ocrx_word' id='word_1_437' title='bbox 254 2373 291 2408; x_wconf 90' lang='lat' dir='ltr'>in</span> <span class='ocrx_word' id='word_1_438' title='bbox 302 2383 363 2409; x_wconf 86' lang='lat' dir='ltr'>vas</span> <span class='ocrx_word' id='word_1_439' title='bbox 376 2384 512 2409; x_wconf 86' lang='lat' dir='ltr'>aereum</span> <span class='ocrx_word' id='word_1_440' title='bbox 524 2371 685 2411; x_wconf 89' lang='lat' dir='ltr'>sonitum</span> <span class='ocrx_word' id='word_1_441' title='bbox 697 2373 887 2423; x_wconf 82' lang='lat' dir='ltr'>significet.</span> <span class='ocrx_word' id='word_1_442' title='bbox 902 2376 953 2411; x_wconf 83' lang='lat' dir='ltr'>Ita</span> <span class='ocrx_word' id='word_1_443' title='bbox 964 2375 1065 2411; x_wconf 85' lang='lat' dir='ltr'>navis</span> <span class='ocrx_word' id='word_1_444' title='bbox 1077 2386 1164 2411; x_wconf 90' lang='lat' dir='ltr'>cum</span> <span class='ocrx_word' id='word_1_445' title='bbox 1178 2374 1343 2412; x_wconf 82' lang='lat' dir='ltr'>habuerit</span> <span class='ocrx_word' id='word_1_446' title='bbox 1355 2375 1550 2427; x_wconf 84' lang='lat' dir='ltr'>impetum,</span> <span class='ocrx_word' id='word_1_447' title='bbox 1564 2384 1626 2411; x_wconf 85' lang='lat' dir='ltr'>aut</span> <span class='ocrx_word' id='word_1_448' title='bbox 1635 2385 1841 2418; x_wconf 88' lang='lat' dir='ltr'>remorum,</span> 
     </span>
     <span class='ocr_line' id='line_1_43' title="bbox 257 2429 1846 2479; baseline 0 -15"><span class='ocrx_word' id='word_1_449' title='bbox 257 2438 320 2464; x_wconf 91' lang='lat' dir='ltr'>aut</span> <span class='ocrx_word' id='word_1_450' title='bbox 332 2439 527 2466; x_wconf 88' lang='lat' dir='ltr'>ventorum</span> <span class='ocrx_word' id='word_1_451' title='bbox 540 2429 641 2473; x_wconf 79' lang='lat' dir='ltr'>flatu,</span> <span class='ocrx_word' id='word_1_452' title='bbox 653 2431 786 2478; x_wconf 66' lang='lat' dir='ltr'>pinnae,</span> <span class='ocrx_word' id='word_1_453' title='bbox 802 2443 883 2479; x_wconf 83' lang='lat' dir='ltr'>quae</span> <span class='ocrx_word' id='word_1_454' title='bbox 895 2440 1001 2467; x_wconf 88' lang='lat' dir='ltr'>erunt</span> <span class='ocrx_word' id='word_1_455' title='bbox 1014 2431 1049 2466; x_wconf 92' lang='lat' dir='ltr'>in</span> <span class='ocrx_word' id='word_1_456' title='bbox 1068 2431 1169 2469; x_wconf 89' lang='lat' dir='ltr'>rotis,</span> <span class='ocrx_word' id='word_1_457' title='bbox 1184 2440 1376 2479; x_wconf 81' lang='lat' dir='ltr'>tangentes</span> <span class='ocrx_word' id='word_1_458' title='bbox 1387 2442 1522 2479; x_wconf 86' lang='lat' dir='ltr'>aquam</span> <span class='ocrx_word' id='word_1_459' title='bbox 1535 2429 1846 2474; x_wconf 78' lang='lat' dir='ltr'>adversam,vehe-</span> 
     </span>
     <span class='ocr_line' id='line_1_44' title="bbox 254 2483 1845 2534; baseline 0 -14"><span class='ocrx_word' id='word_1_460' title='bbox 254 2485 375 2521; x_wconf 88' lang='lat' dir='ltr'>menti</span> <span class='ocrx_word' id='word_1_461' title='bbox 386 2483 561 2521; x_wconf 88' lang='lat' dir='ltr'>retrorsus</span> <span class='ocrx_word' id='word_1_462' title='bbox 572 2483 726 2533; x_wconf 83' lang='lat' dir='ltr'>impulsu</span> <span class='ocrx_word' id='word_1_463' title='bbox 739 2487 877 2522; x_wconf 65' lang='lat' dir='ltr'>coacte</span> <span class='ocrx_word' id='word_1_464' title='bbox 890 2512 897 2525; x_wconf 92' lang='lat'>,</span> <span class='ocrx_word' id='word_1_465' title='bbox 910 2484 1104 2523; x_wconf 88' lang='lat' dir='ltr'>versabunt</span> <span class='ocrx_word' id='word_1_466' title='bbox 1115 2496 1225 2523; x_wconf 86' lang='lat' dir='ltr'>rotas.</span> <span class='ocrx_word' id='word_1_467' title='bbox 1239 2486 1297 2522; x_wconf 80' lang='lat' dir='ltr'>Eae</span> <span class='ocrx_word' id='word_1_468' title='bbox 1309 2496 1436 2522; x_wconf 88' lang='lat' dir='ltr'>autem</span> <span class='ocrx_word' id='word_1_469' title='bbox 1450 2485 1677 2522; x_wconf 89' lang='lat' dir='ltr'>involvendo</span> <span class='ocrx_word' id='word_1_470' title='bbox 1689 2483 1721 2521; x_wconf 92' lang='lat' dir='ltr'>se</span> <span class='ocrx_word' id='word_1_471' title='bbox 1733 2493 1845 2534; x_wconf 83' lang='lat' dir='ltr'>agent</span> 
     </span>
     <span class='ocr_line' id='line_1_45' title="bbox 254 2539 1843 2589; baseline 0.001 -15"><span class='ocrx_word' id='word_1_472' title='bbox 254 2550 364 2577; x_wconf 82' lang='lat' dir='ltr'>axem</span> <span class='ocrx_word' id='word_1_473' title='bbox 386 2565 394 2579; x_wconf 88' lang='lat'>,</span> <span class='ocrx_word' id='word_1_474' title='bbox 418 2541 493 2576; x_wconf 84' lang='lat' dir='ltr'>axis</span> <span class='ocrx_word' id='word_1_475' title='bbox 514 2551 603 2576; x_wconf 92' lang='lat' dir='ltr'>vero</span> <span class='ocrx_word' id='word_1_476' title='bbox 621 2549 863 2589; x_wconf 74' lang='lat' dir='ltr'>tympanum3</span> <span class='ocrx_word' id='word_1_477' title='bbox 888 2542 992 2584; x_wconf 82' lang='lat' dir='ltr'>cujus</span> <span class='ocrx_word' id='word_1_478' title='bbox 1013 2541 1103 2578; x_wconf 88' lang='lat' dir='ltr'>dens</span> <span class='ocrx_word' id='word_1_479' title='bbox 1123 2543 1390 2579; x_wconf 58' lang='lat' dir='ltr'>circumstans,</span> <span class='ocrx_word' id='word_1_480' title='bbox 1410 2540 1556 2589; x_wconf 75' lang='lat' dir='ltr'>singulis</span> <span class='ocrx_word' id='word_1_481' title='bbox 1575 2539 1843 2578; x_wconf 85' lang='lat' dir='ltr'>versationibus</span> 
     </span>
     <span class='ocr_line' id='line_1_46' title="bbox 255 2593 1844 2648; baseline 0 -18"><span class='ocrx_word' id='word_1_482' title='bbox 255 2594 419 2644; x_wconf 79' lang='lat' dir='ltr'>fingulos</span> <span class='ocrx_word' id='word_1_483' title='bbox 436 2593 1163 2648; x_wconf 87' lang='lat' dir='ltr'>secunditympanidentesimpcllendo,</span> <span class='ocrx_word' id='word_1_484' title='bbox 1184 2598 1355 2635; x_wconf 85' lang='lat' dir='ltr'>modicas</span> <span class='ocrx_word' id='word_1_485' title='bbox 1376 2595 1489 2634; x_wconf 86' lang='lat' dir='ltr'>efficit</span> <span class='ocrx_word' id='word_1_486' title='bbox 1507 2597 1758 2634; x_wconf 87' lang='lat' dir='ltr'>circuitiones.</span> <span class='ocrx_word' id='word_1_487' title='bbox 1790 2596 1844 2631; x_wconf 86' lang='lat' dir='ltr'>Ita</span> 
     </span>
    </p>

    <p class='ocr_par' dir='ltr' id='par_1_3' title="bbox 1752 2662 1843 2687">
     <span class='ocr_line' id='line_1_47' title="bbox 1752 2662 1843 2687; baseline 0.022 -2"><span class='ocrx_word' id='word_1_488' title='bbox 1752 2662 1843 2687; x_wconf 87' lang='lat' dir='ltr'>cum</span> 
     </span>
    </p>
   </div>
   <div class='ocr_carea' id='block_1_3' title="bbox 248 2726 1844 3043">
    <p class='ocr_par' dir='ltr' id='par_1_4' title="bbox 254 2726 1844 2850">
     <span class='ocr_line' id='line_1_48' title="bbox 254 2726 1842 2770; baseline -0.002 -16"><span class='ocrx_word' id='word_1_489' title='bbox 254 2727 285 2762; x_wconf 84' lang='lat' dir='ltr'>b]</span> <span class='ocrx_word' id='word_1_490' title='bbox 316 2728 398 2755; x_wconf 81' lang='lat' dir='ltr'>Idem.</span> <span class='ocrx_word' id='word_1_491' title='bbox 424 2728 539 2766; x_wconf 80' lang='lat' dir='ltr'>Capsum</span> <span class='ocrx_word' id='word_1_492' title='bbox 553 2727 567 2756; x_wconf 71' lang='grc' dir='ltr'>,ὶ</span> <span class='ocrx_word' id='word_1_493' title='bbox 578 2730 706 2767; x_wconf 84' lang='lat' dir='ltr'>capiendo</span> <span class='ocrx_word' id='word_1_494' title='bbox 723 2730 793 2758; x_wconf 67' lang='lat' dir='ltr'>dista</span> <span class='ocrx_word' id='word_1_495' title='bbox 808 2732 877 2758; x_wconf 82' lang='lat' dir='ltr'>estin</span> <span class='ocrx_word' id='word_1_496' title='bbox 889 2731 939 2758; x_wconf 78' lang='lat' dir='ltr'>hoc</span> <span class='ocrx_word' id='word_1_497' title='bbox 957 2731 1019 2758; x_wconf 89' lang='lat' dir='ltr'>loco</span> <span class='ocrx_word' id='word_1_498' title='bbox 1032 2731 1117 2759; x_wconf 80' lang='lat' dir='ltr'>rhedae</span> <span class='ocrx_word' id='word_1_499' title='bbox 1127 2741 1194 2770; x_wconf 75' lang='lat' dir='ltr'>pars,</span> <span class='ocrx_word' id='word_1_500' title='bbox 1210 2730 1263 2762; x_wconf 87' lang='lat' dir='ltr'>ubi.</span> <span class='ocrx_word' id='word_1_501' title='bbox 1277 2732 1320 2769; x_wconf 85' lang='lat' dir='ltr'>qui</span> <span class='ocrx_word' id='word_1_502' title='bbox 1333 2733 1470 2759; x_wconf 57' lang='lat' dir='ltr'>vec&#39;tantur</span> <span class='ocrx_word' id='word_1_503' title='bbox 1482 2750 1488 2761; x_wconf 91' lang='lat'>,</span> <span class='ocrx_word' id='word_1_504' title='bbox 1501 2728 1599 2756; x_wconf 81' lang='lat' dir='ltr'>sedent.</span> <span class='ocrx_word' id='word_1_505' title='bbox 1621 2726 1842 2754; x_wconf 76' lang='lat' dir='ltr'>1fidoruslib.xx.</span> 
     </span>
     <span class='ocr_line' id='line_1_49' title="bbox 294 2766 1844 2810; baseline -0.001 -16"><span class='ocrx_word' id='word_1_506' title='bbox 294 2768 525 2807; x_wconf 73' lang='lat' dir='ltr'>etymologiarum</span> <span class='ocrx_word' id='word_1_507' title='bbox 538 2779 593 2807; x_wconf 77' lang='lat' dir='ltr'>cap.</span> <span class='ocrx_word' id='word_1_508' title='bbox 604 2780 657 2797; x_wconf 80' lang='lat' dir='ltr'>xri.</span> <span class='ocrx_word' id='word_1_509' title='bbox 670 2770 759 2798; x_wconf 83' lang='lat' dir='ltr'>scribit</span> <span class='ocrx_word' id='word_1_510' title='bbox 771 2770 876 2809; x_wconf 81' lang='lat' dir='ltr'>capsum</span> <span class='ocrx_word' id='word_1_511' title='bbox 887 2768 939 2799; x_wconf 82' lang='lat' dir='ltr'>effe</span> <span class='ocrx_word' id='word_1_512' title='bbox 950 2781 1084 2799; x_wconf 75' lang='lat' dir='ltr'>carrucam</span> <span class='ocrx_word' id='word_1_513' title='bbox 1096 2772 1211 2810; x_wconf 81' lang='lat' dir='ltr'>undiquc</span> <span class='ocrx_word' id='word_1_514' title='bbox 1223 2780 1378 2799; x_wconf 78' lang='lat' dir='ltr'>contextam</span> <span class='ocrx_word' id='word_1_515' title='bbox 1389 2791 1395 2801; x_wconf 84' lang='lat'>‚</span> <span class='ocrx_word' id='word_1_516' title='bbox 1407 2770 1475 2808; x_wconf 70' lang='lat' dir='ltr'>quali</span> <span class='ocrx_word' id='word_1_517' title='bbox 1486 2769 1597 2805; x_wconf 80' lang='lat' dir='ltr'>capsam.</span> <span class='ocrx_word' id='word_1_518' title='bbox 1617 2766 1844 2794; x_wconf 69' lang='lat' dir='ltr'>Loculamentum</span> 
     </span>
     <span class='ocr_line' id='line_1_50' title="bbox 293 2808 1827 2850; baseline -0.003 -14"><span class='ocrx_word' id='word_1_519' title='bbox 293 2817 383 2835; x_wconf 75' lang='lat' dir='ltr'>autem</span> <span class='ocrx_word' id='word_1_520' title='bbox 393 2811 511 2846; x_wconf 77' lang='lat' dir='ltr'>tympani</span> <span class='ocrx_word' id='word_1_521' title='bbox 522 2811 745 2848; x_wconf 74' lang='lat' dir='ltr'>conceptaculum</span> <span class='ocrx_word' id='word_1_522' title='bbox 757 2813 801 2841; x_wconf 79' lang='lat' dir='ltr'>est,</span> <span class='ocrx_word' id='word_1_523' title='bbox 812 2812 883 2850; x_wconf 87' lang='lat' dir='ltr'>quod</span> <span class='ocrx_word' id='word_1_524' title='bbox 894 2816 917 2840; x_wconf 83' lang='lat'>&amp;</span> <span class='ocrx_word' id='word_1_525' title='bbox 930 2811 1036 2840; x_wconf 82' lang='lat' dir='ltr'>thecam</span> <span class='ocrx_word' id='word_1_526' title='bbox 1045 2812 1167 2850; x_wconf 75' lang='lat' dir='ltr'>appellari</span> <span class='ocrx_word' id='word_1_527' title='bbox 1180 2812 1259 2850; x_wconf 85' lang='lat' dir='ltr'>paulo</span> <span class='ocrx_word' id='word_1_528' title='bbox 1271 2821 1333 2838; x_wconf 86' lang='lat' dir='ltr'>mox</span> <span class='ocrx_word' id='word_1_529' title='bbox 1343 2812 1451 2839; x_wconf 81' lang='lat' dir='ltr'>indicat.</span> <span class='ocrx_word' id='word_1_530' title='bbox 1476 2809 1543 2836; x_wconf 83' lang='lat' dir='ltr'>Vide</span> <span class='ocrx_word' id='word_1_531' title='bbox 1553 2813 1576 2836; x_wconf 64' lang='lat' dir='ltr'>St·</span> <span class='ocrx_word' id='word_1_532' title='bbox 1589 2808 1717 2834; x_wconf 74' lang='lat' dir='ltr'>Lexicon.</span> <span class='ocrx_word' id='word_1_533' title='bbox 1823 2846 1827 2849; x_wconf 90' lang='lat'>.</span> 
     </span>
    </p>

    <p class='ocr_par' dir='ltr' id='par_1_5' title="bbox 251 2845 1843 2972">
     <span class='ocr_line' id='line_1_51' title="bbox 251 2845 1843 2890; baseline -0.003 -15"><span class='ocrx_word' id='word_1_534' title='bbox 251 2849 277 2882; x_wconf 88' lang='lat' dir='ltr'>c]</span> <span class='ocrx_word' id='word_1_535' title='bbox 313 2848 397 2875; x_wconf 74' lang='lat' dir='ltr'>Idem.</span> <span class='ocrx_word' id='word_1_536' title='bbox 419 2851 498 2886; x_wconf 76' lang='lat' dir='ltr'>Supra</span> <span class='ocrx_word' id='word_1_537' title='bbox 512 2870 518 2880; x_wconf 91' lang='lat'>,</span> <span class='ocrx_word' id='word_1_538' title='bbox 529 2853 553 2876; x_wconf 59' lang='grc' dir='ltr'>ἃ</span> <span class='ocrx_word' id='word_1_539' title='bbox 566 2850 617 2878; x_wconf 82' lang='lat' dir='ltr'>hoc</span> <span class='ocrx_word' id='word_1_540' title='bbox 629 2851 691 2878; x_wconf 87' lang='lat' dir='ltr'>loco</span> <span class='ocrx_word' id='word_1_541' title='bbox 702 2851 830 2889; x_wconf 75' lang='lat' dir='ltr'>fignificat</span> <span class='ocrx_word' id='word_1_542' title='bbox 842 2854 869 2879; x_wconf 89' lang='lat' dir='ltr'>in</span> <span class='ocrx_word' id='word_1_543' title='bbox 884 2853 971 2880; x_wconf 84' lang='lat' dir='ltr'>cultro</span> <span class='ocrx_word' id='word_1_544' title='bbox 982 2852 1110 2880; x_wconf 77' lang='lat' dir='ltr'>collocari</span> <span class='ocrx_word' id='word_1_545' title='bbox 1121 2861 1296 2890; x_wconf 73' lang='lat' dir='ltr'>tympanum,</span> <span class='ocrx_word' id='word_1_546' title='bbox 1315 2851 1420 2890; x_wconf 81' lang='lat' dir='ltr'>quando</span> <span class='ocrx_word' id='word_1_547' title='bbox 1430 2850 1502 2878; x_wconf 83' lang='lat' dir='ltr'>estin</span> <span class='ocrx_word' id='word_1_548' title='bbox 1513 2847 1689 2878; x_wconf 73' lang='lat' dir='ltr'>latus.iivead</span> <span class='ocrx_word' id='word_1_549' title='bbox 1702 2845 1843 2884; x_wconf 81' lang='lat' dir='ltr'>perpendi-</span> 
     </span>
     <span class='ocr_line' id='line_1_52' title="bbox 293 2886 1843 2930; baseline -0.001 -15"><span class='ocrx_word' id='word_1_550' title='bbox 293 2889 401 2919; x_wconf 83' lang='lat' dir='ltr'>culum.</span> <span class='ocrx_word' id='word_1_551' title='bbox 421 2898 450 2916; x_wconf 88' lang='lat' dir='ltr'>ut</span> <span class='ocrx_word' id='word_1_552' title='bbox 462 2890 581 2927; x_wconf 85' lang='lat' dir='ltr'>loquitur</span> <span class='ocrx_word' id='word_1_553' title='bbox 595 2911 601 2921; x_wconf 82' lang='grc'><em>,</em></span> <span class='ocrx_word' id='word_1_554' title='bbox 617 2894 640 2918; x_wconf 61' lang='lat' dir='ltr'>t&amp;</span> <span class='ocrx_word' id='word_1_555' title='bbox 652 2902 706 2918; x_wconf 90' lang='lat' dir='ltr'>non</span> <span class='ocrx_word' id='word_1_556' title='bbox 717 2892 822 2929; x_wconf 83' lang='lat' dir='ltr'>planum</span> <span class='ocrx_word' id='word_1_557' title='bbox 833 2914 839 2923; x_wconf 83' lang='lat'>.</span> <span class='ocrx_word' id='word_1_558' title='bbox 855 2892 906 2920; x_wconf 85' lang='lat' dir='ltr'>hoc</span> <span class='ocrx_word' id='word_1_559' title='bbox 918 2894 972 2922; x_wconf 86' lang='lat' dir='ltr'>est.</span> <span class='ocrx_word' id='word_1_560' title='bbox 989 2894 1096 2930; x_wconf 80' lang='lat' dir='ltr'>quaudo</span> <span class='ocrx_word' id='word_1_561' title='bbox 1111 2887 1166 2928; x_wconf 56' lang='lat' dir='ltr'>ejus</span> <span class='ocrx_word' id='word_1_562' title='bbox 1176 2894 1229 2920; x_wconf 80' lang='lat' dir='ltr'>axis</span> <span class='ocrx_word' id='word_1_563' title='bbox 1239 2893 1264 2919; x_wconf 87' lang='lat' dir='ltr'>in</span> <span class='ocrx_word' id='word_1_564' title='bbox 1276 2893 1429 2930; x_wconf 74' lang='lat' dir='ltr'>porrec‘tum</span> <span class='ocrx_word' id='word_1_565' title='bbox 1447 2891 1507 2917; x_wconf 81' lang='lat' dir='ltr'>litus</span> <span class='ocrx_word' id='word_1_566' title='bbox 1517 2890 1562 2922; x_wconf 85' lang='lat' dir='ltr'>est,</span> <span class='ocrx_word' id='word_1_567' title='bbox 1573 2898 1626 2916; x_wconf 86' lang='lat' dir='ltr'>non</span> <span class='ocrx_word' id='word_1_568' title='bbox 1637 2886 1843 2925; x_wconf 77' lang='lat' dir='ltr'>perpendicula-</span> 
     </span>
     <span class='ocr_line' id='line_1_53' title="bbox 293 2929 1503 2972; baseline 0.001 -17"><span class='ocrx_word' id='word_1_569' title='bbox 293 2930 366 2956; x_wconf 82' lang='lat' dir='ltr'>riter.</span> <span class='ocrx_word' id='word_1_570' title='bbox 382 2929 465 2967; x_wconf 78' lang='lat' dir='ltr'>Qod</span> <span class='ocrx_word' id='word_1_571' title='bbox 476 2930 600 2966; x_wconf 84' lang='lat' dir='ltr'>loquendi</span> <span class='ocrx_word' id='word_1_572' title='bbox 609 2941 693 2970; x_wconf 75' lang='lat' dir='ltr'>genus</span> <span class='ocrx_word' id='word_1_573' title='bbox 703 2933 800 2960; x_wconf 83' lang='lat' dir='ltr'>retiner</span> <span class='ocrx_word' id='word_1_574' title='bbox 814 2933 898 2960; x_wconf 80' lang='lat' dir='ltr'>Italia.</span> <span class='ocrx_word' id='word_1_575' title='bbox 922 2933 988 2960; x_wconf 82' lang='lat' dir='ltr'>Vide</span> <span class='ocrx_word' id='word_1_576' title='bbox 999 2943 1057 2971; x_wconf 81' lang='lat' dir='ltr'>quae</span> <span class='ocrx_word' id='word_1_577' title='bbox 1066 2932 1138 2970; x_wconf 79' lang='lat' dir='ltr'>supra</span> <span class='ocrx_word' id='word_1_578' title='bbox 1148 2941 1276 2960; x_wconf 75' lang='lat' dir='ltr'>annotata</span> <span class='ocrx_word' id='word_1_579' title='bbox 1285 2933 1314 2960; x_wconf 79' lang='lat' dir='ltr'>ad</span> <span class='ocrx_word' id='word_1_580' title='bbox 1327 2943 1383 2972; x_wconf 77' lang='lat' dir='ltr'>cap.</span> <span class='ocrx_word' id='word_1_581' title='bbox 1395 2941 1420 2959; x_wconf 87' lang='lat' dir='ltr'>x.</span> <span class='ocrx_word' id='word_1_582' title='bbox 1431 2930 1503 2958; x_wconf 83' lang='lat' dir='ltr'>lit.6.</span> 
     </span>
    </p>

    <p class='ocr_par' dir='ltr' id='par_1_6' title="bbox 248 2969 1828 3043">
     <span class='ocr_line' id='line_1_54' title="bbox 248 2969 1828 3043; baseline 0.004 -47"><span class='ocrx_word' id='word_1_583' title='bbox 248 2969 278 3003; x_wconf 71' lang='lat' dir='ltr'>cl]</span> <span class='ocrx_word' id='word_1_584' title='bbox 310 2969 393 2997; x_wconf 83' lang='lat' dir='ltr'>Idem.</span> <span class='ocrx_word' id='word_1_585' title='bbox 414 2971 486 3009; x_wconf 73' lang='lat' dir='ltr'>Lege</span> <span class='ocrx_word' id='word_1_586' title='bbox 497 2969 651 3010; x_wconf 73' lang='lat' dir='ltr'>quaescripli</span> <span class='ocrx_word' id='word_1_587' title='bbox 662 2971 707 3000; x_wconf 85' lang='lat' dir='ltr'>lib.</span> <span class='ocrx_word' id='word_1_588' title='bbox 721 2982 741 3001; x_wconf 91' lang='lat'>1.</span> <span class='ocrx_word' id='word_1_589' title='bbox 754 2982 810 3012; x_wconf 78' lang='lat' dir='ltr'>cap.</span> <span class='ocrx_word' id='word_1_590' title='bbox 823 2979 850 3001; x_wconf 92' lang='lat'>6.</span> <span class='ocrx_word' id='word_1_591' title='bbox 861 2973 893 3001; x_wconf 85' lang='lat' dir='ltr'>de</span> <span class='ocrx_word' id='word_1_592' title='bbox 903 2970 1023 3012; x_wconf 81' lang='lat' dir='ltr'>passuum</span> <span class='ocrx_word' id='word_1_593' title='bbox 1032 2973 1191 3003; x_wconf 71' lang='lat' dir='ltr'>dive-nitate.</span> <span class='ocrx_word' id='word_1_594' title='bbox 1758 3006 1828 3043; x_wconf 39' lang='lat' dir='ltr'>Nm,</span> 
     </span>
    </p>

    <p class='ocr_par' dir='ltr' id='par_1_7' title="bbox 1745 3017 1842 3036">
     <span class='ocr_line' id='line_1_55' title="bbox 1745 3017 1842 3036; baseline -0.021 0"><span class='ocrx_word' id='word_1_595' title='bbox 1745 3020 1757 3036; x_wconf 82' lang='lat' dir='ltr'>e</span> <span class='ocrx_word' id='word_1_596' title='bbox 1822 3017 1842 3034; x_wconf 77' lang='lat'>1-</span> 
     </span>
    </p>
   </div>
  </div>
 </body>
</html>
