2023 3162
292 122 368 164 256
713 108 961 147 MARcr
1022 104 1410 144 ME1130M11

287 193 442 233 quapartc
454 179 629 228 superabat.
654 179 715 213 Hae
727 179 824 224 igitur
836 188 931 209 naves
944 174 1085 217 εἰιυίσυροι,
1095 174 1305 222 τεμακένπξοι,
1319 175 1522 223 πἐντηιιᾶνἹοξοι
1537 202 1544 214 ,
1557 176 1627 214 solae
1636 182 1743 229 graecis
1754 181 1786 215 in
1798 179 1855 215 usu

289 232 429 282 primum
440 230 570 265 fuerunt
581 255 590 270 ‚
610 228 648 262 ad
659 227 735 262 illud
746 225 843 273 usque
857 236 986 273 tempus
997 250 1007 266 ,
1027 225 1118 272 quod
1129 223 1177 260 hic
1188 226 1226 260 ab
1237 224 1377 260 Eusebio
1389 226 1636 262 determinatum
1649 255 1659 270 ,
1681 243 1853 279 earumque

289 283 434 328 ἡμιόλισα.

337 336 473 367 Summo
485 328 527 363 illi
547 330 615 361 viro
627 324 773 359 insultare
785 336 854 358 non
865 324 981 371 placet.
1010 324 1208 358 Sententiam
1220 334 1328 359 tamen
1341 323 1482 359 nostram
1495 350 1504 366 ,
1523 326 1600 373 quid
1610 338 1695 361 vetat
1704 353 1714 368 ,
1725 329 1853 363 Lef'rori

289 380 510 418 excutiendam
523 379 726 423 proponere?
755 372 793 406 Tox
804 371 931 418 ἧμιέλιον
944 398 954 413 ‚
976 375 1082 421 inquit
1095 375 1230 421 Scaliger
1244 399 1254 414 ‚
1272 377 1419 409 continet
1431 373 1524 409 assem
1533 388 1607 410 cum
1617 375 1750 411 semisse.
1777 379 1852 412 Ideo

289 430 499 474 Ἷςιηρημιολίοι,
512 428 563 460 {cu
573 422 678 466 τεινῖρης
695 423 818 467 ἡμιολία
828 447 836 459 ,
848 433 914 456 erat
927 423 1150 471 magnitudine
1163 424 1190 458 ’τε
1203 422 1292 466 ὣήρες
1305 449 1313 462 ,
1328 428 1359 458 &
1372 434 1519 472 praeterea
1530 425 1695 472 aliquanto
1707 427 1853 473 amplior.

291 480 394 529 Qod
406 478 426 511 si
439 477 573 511 hemioliae
594 485 708 507 vocem
720 472 758 506 de
781 474 870 507 navis
890 474 1087 519 magnitudine
1108 486 1183 507 cum
1197 475 1353 522 Scaligero
1367 475 1613 521 interpretemur
1624 498 1634 512 ‚
1659 478 1853 519 τξιηρημιολίω

289 531 470 566 invenietur
481 537 549 558 non
561 522 649 565 din'psc
661 547 670 562 ‚
689 521 741 556 sed
752 521 877 564 πνιςῆρες
888 522 1154 571 magnitudine&
1167 524 1261 570 paulo
1272 524 1417 571 amplior.
1445 522 1567 566 Tfflrfpnc
1577 525 1662 558 enim
1673 549 1682 564 ‚
1702 535 1737 558 ur
1750 525 1792 557 ita
1802 525 1854 558 lo-

289 591 378 628 quar,
390 576 452 610 hoc
464 577 538 608 loco
549 586 581 606 as
592 571 646 606 est.
674 573 762 606 Hinc
774 573 986 616 qssmpnIu-lofflsoe,
998 571 1041 606 est
1051 585 1082 605 as
1094 585 1167 606 cum
1179 571 1307 609 semisse,
1320 586 1356 607 ex
1368 574 1631 620 interpretatione
1642 585 1773 620 quoque
1783 575 1855 607 Sca-

289 629 391 676 ljgcri‚
402 625 433 659 id
444 623 506 663 est,
520 621 626 662 τριήρης
639 622 662 670 2}
676 619 761 665 ἥμισυ
774 620 893 665 τριήρεις.
917 623 1071 656 nimirum
1084 632 1119 655 ut
1131 622 1197 655 duo
1210 622 1247 656 ad
1261 624 1318 656 tria
1330 647 1339 662 ,
1363 621 1402 656 sic
1417 635 1430 669 3
1446 624 1614 665 (triremis)
1627 622 1665 656 ad
1676 627 1711 668 4¹:
1725 647 1735 663 ‚
1747 623 1856 656 triere-

289 677 443 712 mioliam.
456 672 504 717 χρὴ
517 670 680 712 οἰνοίπαλιν,
693 682 729 705 ut
744 685 757 719 3
773 671 812 706 ad
826 684 856 706 2:
868 672 912 704 ita
922 674 963 717 4}
974 671 1013 705 ad
1027 684 1057 718 3.
1076 673 1131 718 qui
1144 670 1187 704 est
1198 669 1278 715 λόγος
1288 671 1446 716 ἦμεόλιρω.
1474 672 1533 707 Sed
1541 675 1646 718 potius,
1657 673 1763 718 inquit
1774 696 1783 711 ,
1796 670 1856 705 dici

289 726 442 763 debuerat
453 721 542 764 arim
555 722 689 767 ἡμιολία,
701 731 816 768 utpote
827 733 896 768 quae
909 720 1131 769 magnitudine
1144 718 1233 762 ὂιῆρες
1243 719 1315 756 esset
1325 746 1334 762 ,
1347 732 1401 755 aut
1415 723 1497 770 (lege
1509 725 1556 763 ὃς)
1568 722 1730 769 aliquanto
1743 724 1857 766 major.

288 779 377 822 Ergo
391 773 561 809 conficitur
571 768 736 816 νιτὲἢμιόλιον
748 771 833 804 idem
843 768 914 809 esse,
927 769 1018 817 quod
1029 767 1058 802 ‘tv‘
1068 767 1167 814 ἕμισυ.
1180 782 1215 804 ut
1229 771 1309 804 male
1321 767 1455 820 colligit,
1466 769 1570 804 forsan
1582 784 1619 804 et(
1632 770 1735 804 Suida.
1746 768 1856 816 Itaque

289 815 389 861 Error
401 823 548 870 Scaligeri
560 821 632 854 inde
645 819 700 860 est,
712 819 801 866 quod
814 817 842 851 em*
853 817 981 863 ἡμιόλιον
994 844 1003 859 ,
1020 818 1105 853 idem
1116 820 1205 866 quod
1224 818 1253 852 wx
1271 817 1357 864 ἥμισυ
1369 819 1488 868 signare
1501 830 1638 867 putaret.
1664 823 1730 852 Iam
1742 817 1818 852 vero
1831 814 1860 849 w*

290 877 377 920 ἥμισυ
388 873 512 907 nullum
523 870 657 904 includit
668 867 843 914 respeemm
856 894 865 908 ,
884 867 935 901 sed
946 867 1127 915 simpliciter
1136 868 1303 903 dimidium
1317 880 1425 903 notat.
1452 870 1539 902 Hinc
1550 867 1649 913 μινιῖρη
1663 868 1771 902 statuit
1783 869 1858 901 uni-

291 936 392 960 tatem
403 947 413 962 ,
425 925 514 967 cujus
526 919 694 954 dimidium
707 917 786 961 ὃιήρει
797 917 942 951 additum
953 942 963 957 ‚
975 916 1122 951 exhibeat
1134 921 1360 962 τςιηρημιολίαλι.
1387 918 1446 952 Sed
1459 918 1672 952 concedamus
1685 918 1855 969 Scaligero,

292 972 382 1014 qgirspn
396 972 533 1016 ἡμιολίων
546 982 639 1016 prava
650 966 878 1001 consuetudine
889 977 1036 1000 vocatam
1049 991 1058 1006 ‚
1081 979 1151 1012 quae
1162 967 1294 1001 dicenda
1305 966 1409 1002 fuisset
1429 967 1518 1013 dlrfgnr
1531 968 1659 1011 ἡμιολία.
1686 971 1752 1000 Iam
1764 966 1856 999 facile

291 1022 396 1058 rursus
406 1021 584 1068 colligetur,
594 1017 616 1050 si
626 1019 714 1051 navis
726 1017 777 1049 illa
788 1028 856 1049 non
867 1025 994 1049 tantum
1006 1013 1067 1048 fuit
1080 1014 1182 1057 ὣήρης,
1192 1014 1244 1050 sed
1255 1020 1287 1050 δέ
1302 1015 1388 1059 ὣῆρης
1399 1017 1522 1062 ἡμιολία
1534 1042 1543 1057 ,
1556 1017 1587 1051 id
1599 1016 1654 1056 est,
1665 1015 1777 1050 habuit
1788 1028 1858 1048 ma-

290 1070 496 1121 gnitudinem
509 1066 595 1109 dirspm
609 1064 630 1101 ἓ
641 1067 762 1110 ἡμίσεως
774 1063 883 1107 ὧήρεςς
904 1065 1026 1098 molem
1038 1063 1127 1107 ‹Jln'pxr
1138 1065 1273 1109 ἡμιολίας
1284 1067 1417 1101 eandem
1429 1065 1529 1107 tuisse,
1540 1079 1609 1113 quae
1622 1064 1741 1108 τεξιιέρκε.
1763 1064 1858 1097 Hanc

292 1119 375 1156 certe
384 1119 478 1164 hujus
487 1119 575 1151 vocis
586 1114 853 1163 significationem
866 1117 1016 1148 omnium
1027 1126 1178 1149 autorum
1191 1114 1263 1149 usus
1272 1115 1399 1163 probat.
1427 1116 1584 1163 Qaedam
1594 1129 1631 1149 ex
1645 1113 1776 1148 Musicis
1786 1112 1860 1147 scri—

290 1169 438 1220 ptoribus
449 1166 594 1214 exempla
604 1165 803 1212 depromam.
829 1162 933 1197 Diesis
944 1166 1131 1198 enarmonia
1142 1178 1151 1204 3
1173 1163 1226 1198 seu
1238 1164 1491 1211 π’]αφτημορλιοάοι
1501 1190 1510 1205 ,
1531 1164 1620 1212 quod
1630 1175 1774 1212 quartam
1786 1175 1860 1210 par—

291 1232 358 1254 tem
370 1219 452 1257 toni,
464 1220 496 1250 in
510 1229 521 1249 1
533 1229 547 1249 2
562 1225 665 1262 partes
676 1212 847 1252 distributi,
858 1212 984 1253 habeam
997 1213 1255 1248 dodecatemoria
1265 1217 1346 1263 capit
1361 1229 1387 1263 3.
1413 1216 1522 1260 Hujus
1533 1216 1726 1248 enarmonios
1738 1210 1859 1246 dieseos

290 1269 441 1304 hemiolia
450 1263 539 1300 diesis
549 1263 645 1298 habet
656 1262 916 1297 dodecatemoria
927 1287 936 1303 ‚
956 1276 1025 1297 non
1039 1267 1074 1310 εξ
1086 1289 1095 1304 ,
1107 1274 1143 1297 ut
1156 1265 1291 1312 Scaliger
1302 1264 1419 1298 diceret
1433 1278 1441 1303 ;
1463 1263 1514 1298 sed
1523 1269 1574 1309 41,
1586 1263 1618 1296 id
1630 1262 1673 1296 est
1683 1287 1692 1302 ‚
1705 1261 1794 1296 diesis
1805 1260 1860 1294 lie-

292 1318 403 1353 miolia
414 1316 560 1350 continet
577 1312 673 1348 diesin
685 1314 937 1346 tetartemoriam
949 1311 1077 1359 ejusque
1088 1310 1254 1347 semissem.
1276 1327 1344 1360 quae
1357 1314 1461 1348 addita
1481 1310 1659 1346 conficiunt
1670 1314 1706 1357 4}
1721 1310 1860 1344 dodeca-

291 1368 437 1401 temoria.
465 1368 511 1397 Ita
520 1365 700 1411 loquuntur
710 1361 933 1402 Aristoxenus,
945 1362 1092 1397 Euclides
1103 1388 1111 1403 ,
1125 1362 1252 1397 Aristid.
1266 1364 1407 1412 Qntil.
1419 1361 1578 1396 Baccheus
1590 1386 1600 1402 ‚
1624 1360 1763 1408 Capella.
1789 1360 1860 1393 Nec

293 1417 352 1450 alia
362 1413 406 1448 est
416 1413 570 1461 loquendi
581 1414 661 1446 ratio
674 1437 683 1452 ‚
704 1413 738 1445 in
749 1410 883 1459 pedibus
896 1413 1035 1446 metricis
1056 1411 1168 1447 usitata
1180 1438 1189 1453 ‚
1213 1425 1286 1447 cum
1298 1412 1470 1459 tribrachys
1481 1411 1597 1446 dicitur
1617 1412 1675 1444 ἰω-ἒς
1686 1407 1815 1453 ἦμιέλιος
1827 1409 1868 1440 tif

293 1464 432 1510 ιγψρᾄχίε.
455 1462 545 1511 quod
556 1460 728 1508 tribrachys
740 1474 809 1495 non
821 1471 950 1495 tantum
961 1463 1126 1496 contineat
1139 1463 1274 1508 πυῤῥίχιον
1286 1487 1296 1503 ,
1307 1461 1359 1497 sed
1371 1467 1402 1497 &
1414 1460 1507 1509 ipsius
1518 1458 1685 1494 semifl'cm.
1710 1462 1756 1493 Ita
1766 1462 1859 1492 Pato-

294 1528 351 1550 nes
361 1514 513 1548 dicuntur
522 1511 678 1551 hemiolii,
690 1513 764 1557 quia
774 1524 811 1544 ex
819 1510 932 1556 jambo
946 1514 978 1545 &
989 1511 1167 1559 pyrrhichio
1180 1516 1242 1546 &c-
1254 1511 1411 1546 constant.
1437 1512 1508 1545 Nec
1519 1510 1624 1550 aliter,
1637 1508 1726 1557 quod
1738 1505 1861 1555 oppid&

294 1563 476 1599 notandum
488 1587 498 1602 ‚
516 1562 646 1608 Epitriti
656 1559 758 1594 sortiti
769 1558 842 1593 sunt
853 1560 885 1595 id
895 1562 1038 1595 nominis
1049 1586 1060 1602 ,
1069 1560 1167 1609 quam
1179 1561 1268 1610 quod
1281 1574 1320 1596 cx
1331 1560 1443 1596 Iambo
1457 1564 1487 1594 &
1499 1558 1642 1607 spondeo
1656 1584 1665 1599 ‚
1688 1560 1778 1597 item,
1792 1568 1862 1590 tro-

293 1613 381 1648 chaeo
394 1616 423 1647 &
436 1610 578 1658 spondeo
592 1624 601 1649 3
624 1613 655 1642 &
667 1610 733 1642 vice
752 1608 837 1643 versa
849 1635 858 1650 ‚
878 1609 1125 1645 constituantur.
1152 1613 1263 1659 Qm
1274 1611 1374 1660 vulgo
1387 1611 1482 1656 hujus
1503 1609 1719 1657 adpellationis
1740 1604 1863 1641 causam

294 1663 434 1697 reddunt
446 1660 670 1698 Grammatici‚
682 1659 734 1691 illa
743 1671 875 1694 erronea
886 1659 941 1700 est,
952 1663 984 1694 &
997 1673 1035 1694 ex
1046 1660 1166 1695 Isidoro
1179 1659 1283 1695 forsan
1295 1661 1473 1709 depromta.

345 1711 415 1748 Sed,
428 1719 464 1744 ut
475 1709 513 1743 ad
523 1710 589 1743 illas
600 1721 696 1742 naves
707 1718 904 1743 revertamur
914 1734 924 1749 ‚
944 1716 1091 1756 quaenam
1103 1711 1160 1745 illoe
1174 1710 1331 1745 hemiolia:
1343 1709 1461 1744 fuerint
1475 1713 1506 1744 ἃ
1517 1708 1725 1743 trieremioliae
1737 1732 1747 1748 ,
1769 1708 1864 1740 etiam

295 1759 482 1793 doctissimis
493 1758 536 1793 est
547 1757 720 1792 obscurum
731 1783 739 1791 .
765 1758 845 1793 Illud
855 1769 963 1792 tamen
975 1757 1038 1793 fine
1049 1758 1196 1807 scrupulo
1208 1758 1334 1794 asserere
1353 1772 1421 1793 non
1433 1758 1616 1794 dubitamus
1627 1782 1636 1797 ,
1658 1770 1694 1790 ex
1707 1765 1862 1802 perpetuo

297 1810 417 1842 Graecae
429 1811 523 1854 Ling.
534 1806 603 1847 usu,
614 1807 800 1841 hemioliam
812 1812 844 1842 ὃς
855 1810 1092 1842 trieremioliam
1104 1807 1192 1843 fuiss'c
1204 1822 1300 1843 naves
1312 1811 1439 1844 aliarum
1451 1808 1592 1855 respeffisu
1602 1809 1645 1840 ita
1656 1806 1762 1839 dictas.
1775 1803 1862 1835 Hinc

296 1857 474 1895 inferimus,
485 1856 507 1889 si
518 1856 692 1890 secundum
705 1858 962 1905 magnitudinem
974 1856 1070 1892 fuerit
1082 1859 1132 1891 ille
1144 1857 1315 1906 ι’σΓρεέὶ-ιις,
1327 1859 1565 1893 trieremioliam
1577 1852 1797 1902 magnitudine
1808 1850 1864 1884 ad-

297 1906 425 1951 aequsiss'e
437 1905 700 1950 sesquitriremem
712 1905 765 1939 seu
777 1931 786 1944 ,
808 1907 1048 1941 trieremioliarn
1067 1905 1155 1941 fuisse
1175 1910 1304 1941 trireme
1315 1906 1415 1954 sesqui
1435 1910 1606 1951 majorem.
1633 1899 1735 1935 Porro
1748 1912 1864 1934 vocem

298 1956 430 1989 hemiolia:
442 1977 451 1991 ‚
465 1953 525 1986 five
537 1952 716 1998 {impliciter
727 1953 873 1999 positam,
886 1954 948 1988 sive
960 1957 1046 1989 alteri
1058 1956 1219 1990 vocabulo
1227 1957 1374 2000 junftarn
1384 1979 1394 1994 ‚
1406 1954 1528 2000 semper
1538 1952 1691 1985 denotare
1703 1952 1864 1997 remigum

298 2006 330 2037 in
340 2002 508 2037 ordinibus
526 2000 762 2035 considentium
773 2004 1033 2048 proportionem.
1059 2006 1119 2036 Per
1130 2005 1241 2037 ordines
1255 2002 1333 2036 vero
1344 2013 1470 2036 tantum
1481 2001 1626 2048 intelligo
1639 2024 1649 2040 ‚
1668 1998 1865 2046 superiorem

254 2091 256 2094 y
299 2050 527 2087 &inferiorem
540 2063 549 2089 ;
571 2050 722 2094 &Cyrituca
742 2048 856 2084 scilicet
867 2054 898 2084 &
919 2051 1106 2095 θαλάμακας
1118 2075 1127 2090 ,
1149 2064 1233 2098 quos
1243 2053 1276 2085 in
1295 2051 1445 2085 hemiolia
1457 2055 1488 2085 δι’
1499 2050 1704 2084 trieremiolia
1715 2047 1865 2087 navibus,

299 2102 518 2148 proportionis
535 2098 693 2133 hemioliae
711 2111 848 2133 numero
861 2101 954 2133 remis
964 2099 1138 2134 incubuisse
1158 2098 1255 2134 assero
1267 2126 1276 2134 .
1302 2102 1345 2134 ita
1356 2102 1435 2134 utin
1446 2099 1652 2134 trieremiolia
1663 2098 1776 2142 Zvfiwa,
1790 2109 1868 2144 pro-

298 2151 521 2197 portionaliter
531 2146 766 2182 intercesserint.
792 2151 902 2195 Atque
913 2147 970 2182 hac
981 2151 1104 2183 ratione
1116 2149 1193 2182 nihil
1204 2149 1321 2189 obstat,
1333 2152 1412 2197 quin
1423 2149 1565 2183 dicamus
1575 2173 1585 2188 ‚
1597 2146 1660 2181 'has
1672 2160 1767 2180 naves
1779 2143 1868 2179 fuisse

298 2201 433 2233 minoris
444 2196 556 2232 formae
567 2221 576 2236 ,
588 2197 695 2244 quales
706 2197 851 2231 denotari
861 2196 944 2244 apud
953 2208 1081 2231 autores
1091 2198 1253 2232 videntur.
1280 2200 1402 2233 Scilicet
1412 2198 1599 2233 hemioliam
1610 2194 1698 2230 fuisse
1710 2195 1868 2230 biremem

298 2250 469 2281 minorem.
497 2247 758 2280 Triercmioliam
770 2245 906 2292 adjustae
917 2249 1056 2281 triremis
1067 2247 1325 2295 magnitudinem
1338 2260 1406 2281 non
1423 2245 1589 2282 acccffiffe.
1615 2248 1662 2281 Vt
1674 2256 1801 2279 tantum
1813 2258 1870 2291 ap-

299 2298 428 2344 pellatio
439 2295 456 2329 a
467 2298 625 2343 remigum
638 2296 874 2343 proportionali
886 2308 1023 2330 numero
1035 2295 1072 2330 fit
1084 2295 1217 2344 quaefita.
1232 2298 1306 2331 Fuit
1318 2299 1425 2344 itaque
1437 2296 1587 2332 hemiolia
1597 2294 1713 2343 species
1726 2294 1868 2334 biremis,

300 2350 346 2385 ἃ,
359 2345 448 2391 quod
460 2344 604 2378 existimo
619 2370 629 2385 ,
647 2346 697 2379 illa
707 2344 769 2392 ipsa
781 2371 790 2386 ‚
816 2358 885 2393 quae
897 2344 913 2378 a
924 2344 1035 2392 Bayfio
1047 2344 1287 2393 repraesentatur
1298 2359 1371 2395 pag.
1391 2358 1444 2394 17.
1458 2350 1489 2381 &
1501 2346 1517 2381 a
1529 2346 1647 2380 Snellio
1660 2346 1693 2378 in
1706 2342 1792 2390 praef.
1804 2344 1871 2376 Hi-

299 2394 529 2428 stiodromices.
557 2395 652 2427 Hanc
663 2397 854 2441 opinionem
866 2393 1035 2430 confirmat
1050 2394 1228 2442 Hesychius
1240 2421 1251 2437 ,
1271 2399 1325 2443 qui
1336 2396 1521 2430 hemioliam
1543 2400 1637 2430 voc'at
1658 2394 1724 2426 ναῦν
1737 2391 1868 2438 ἆῖκςοπν.

299 2444 433 2487 κ’μιολιόι,
444 2444 550 2489 inquit
560 2466 569 2481 ,
584 2442 726 2487 rJdi'ngo7oc
738 2447 806 2478 νοαῖς
818 2469 827 2484 ,
838 2443 886 2489 ζα),
900 2445 986 2490 »ἔμω-υ
1000 2444 1167 2485 κεφαλαλε.
1195 2448 1232 2479 In
1242 2445 1324 2480 illius
1338 2447 1427 2480 navis
1437 2443 1543 2479 forma
1553 2456 1707 2478 numerus
1726 2441 1872 2488 θερινιῗῖιῖν

300 2495 457 2526 ternarius
465 2517 474 2532 ‚
486 2493 611 2526 numeri
621 2492 788 2536 ἃοιλοιμῐῖαῖν
799 2493 913 2528 binarii
923 2494 968 2529 est
978 2494 1161 2529 hemiolius.
1181 2495 1446 2543 Etymologicum
1458 2506 1615 2543 magnum
1627 2494 1719 2527 aliam
1731 2494 1870 2527 omnino

301 2541 537 2589 expositionem
549 2538 649 2575 adfert
660 2567 667 2572 .
693 2543 892 2578 Hemioliam
903 2546 989 2578 enim
1001 2544 1118 2578 ἀίᾶαῐη
1129 2546 1236 2579 innuit
1247 2544 1263 2578 Ξι
1274 2556 1411 2578 numero
1432 2554 1630 2578 armatorum
1642 2545 1802 2591 remigum
1813 2540 1871 2574 he-

302 2592 416 2625 miolio
428 2615 437 2628 ‚
451 2592 577 2625 numeri
588 2592 748 2638 remigum
760 2603 827 2625 non
841 2604 1037 2628 armatorum
1049 2619 1059 2634 ,
1071 2596 1223 2642 quierant
1233 2595 1423 2638 θαλαμῖπᾳ,
1438 2597 1554 2628 Putem
1566 2604 1686 2632 tamen,
1696 2594 1729 2626 in
1741 2592 1870 2625 navium

304 2639 416 2674 formis
427 2653 496 2674 non
513 2650 579 2674 tam
590 2652 756 2673 remorum
774 2641 1018 2677 multitudinem
1030 2668 1040 2684 ‚
1062 2643 1160 2691 quam
1177 2645 1425 2691 proportionem
1434 2644 1609 2691 locumque
1626 2638 1763 2689 expressa
1774 2641 1871 2673 cerni.

301 2689 422 2723 Eadem
434 2688 524 2737 plane
536 2691 661 2723 ratione
682 2691 920 2725 trieremioliam
932 2703 1013 2739 puto
1035 2691 1169 2739 speciem
1180 2691 1268 2730 fuisse
1278 2694 1414 2727 triremis
1425 2718 1434 2727 .
1460 2703 1496 2727 ut
1507 2690 1727 2739 Aristophanis
1738 2687 1872 2722 scholia-

304 2735 364 2770 stes
375 2737 538 2772 immerito
549 2738 565 2772 a
577 2739 734 2787 Scaligero
747 2739 1004 2787 reprehendatur.
1029 2741 1119 2775 Nihil
1130 2744 1217 2776 enim
1228 2742 1288 2777 dici
1300 2743 1413 2777 melius
1424 2741 1529 2790 potest
1540 2767 1550 2782 ‚
1572 2739 1673 2775 modo
1685 2736 1768 2773 reete*
1779 2735 1872 2784 ipsius

304 2785 402 2836 verba
413 2789 620 2834 accipiantur.
643 2801 713 2834 quae
724 2791 767 2823 ita
777 2789 896 2824 habent
910 2804 917 2824 :
936 2788 1009 2828 ›so-ow
1023 2790 1042 2834 {5
1054 2792 1125 2830 τξε-ῖς
1134 2790 1230 2832 τάξεις
1242 2795 1268 2825 ⁶72
1279 2790 1400 2836 ἐρεἹμῶν.
1423 2790 1472 2837 χρὴ
1484 2787 1650 2835 ἦμὶξέκοίτω
1660 2813 1670 2828 ,
1690 2790 1870 2830 Βαλαμῖπις,

305 2835 349 2876 ἧῖ)
362 2835 443 2878 lus-fvt>
454 2836 576 2879 ζυγῗπα-
590 2838 606 2874 ἦ
625 2836 642 2879 1)x
655 2836 730 2873 ἂνω,
741 2840 899 2884 3&vfw.
925 2841 1073 2886 Seyvt‘vss
1085 2838 1116 2874 ἔν
1129 2839 1233 2885 δεμ-(ἐς
1245 2839 1300 2875 ‘istit‘
1309 2841 1452 2885 πξξιῖμναιν.
1475 2837 1593 2884 ζυγῖτης
1603 2838 1718 2882 ἆμὲπέ-
1739 2835 1874 2880 9Ὀ4Ᾰαμί”

303 2897 354 2919 ηκς
368 2882 469 2926 o‘fflfjc
481 2885 613 2929 πώρῳ.
626 2887 725 2922 Facile
735 2886 799 2922 haec
811 2890 1046 2938 intelliguntur,
1059 2890 1081 2924 fi
1093 2891 1200 2933 τξιῆρες
1210 2890 1326 2931 forma,
1336 2902 1433 2937 quam
1444 2886 1571 2935 Bayfius
1578 2886 1675 2921 habet
1687 2899 1760 2934 pag.
1775 2898 1829 2934 30.
1842 2888 1874 2920 &

305 2946 342 2966 cx
355 2934 409 2967 illo
422 2933 557 2968 Sncllius
567 2936 600 2966 in
612 2935 753 2970 Histiod.
764 2936 851 2985 praef.
863 2938 1049 2986 diligentius
1060 2939 1251 2987 inspiciatur.
1270 2941 1448 2987 Remigum
1459 2938 1558 2976 enim,
1570 2947 1658 2970 certo
1671 2936 1784 2969 ordine
1793 2948 1875 2969 con-

305 2981 488 3022 sidentium,
500 2986 760 3019 numerationem
768 2987 785 3020 a
798 2989 898 3035 puppi
909 2989 1048 3036 incipere
1059 2988 1229 3024 debemus.
1253 2989 1379 3023 Eorum
1387 2989 1508 3034 primus
1520 2989 1552 3020 δε
1563 2984 1727 3033 supremus
1738 2984 1782 3020 est
1793 2983 1876 3018 sem-

1808 3045 1874 3080 per,
