2023 3162
352 97 820 136 VOCABVLORVM
878 96 1451 135 VITRUviANoRUM.
1671 111 1715 141 31

120 174 158 208 jn
170 178 282 218 quani
293 165 510 203 sententiani
524 163 754 214 conquiescit
768 164 944 202 Barbarus
956 190 962 203 ,
990 167 1092 210 cujus
1105 165 1200 202 dista
1218 176 1298 201 non
1309 176 1454 203 tantum
1473 178 1534 205 me
1546 180 1716 218 movent,

119 234 302 275 quantum
318 222 560 273 Hippocratis
572 221 854 269 auetoritaffiqm
871 220 980 257 inlib.
993 218 1061 258 πὲὲ
1078 223 1216 267 22901‘7175
1233 222 1309 258 ludi
1319 224 1503 261 meminit,
1514 236 1629 273 quem
1648 241 1717 263 κω-

119 273 325 334 ςυκφμαίχίιυ
338 279 508 328 appellat.
532 277 593 313 Ad
607 277 810 313 Palaestritas
822 286 949 313 autem
965 276 1122 326 spectare
1134 277 1247 315 docet
1267 277 1369 314 Coel.
1383 278 1516 316 Aurel.
1528 280 1630 318 Med.
1642 283 1665 318 l.
1683 295 1713 326 5.

120 337 264 374 Chron.
276 347 355 383 cap.
375 346 387 369 1
400 348 419 370 2
444 334 497 371 liis
507 334 643 371 verbis:
664 338 698 369 T
694 345 753 368 um
765 331 932 368 volutatio
941 332 978 368 in
990 332 1147 385 palestra
1157 336 1277 378 varia,
1287 345 1392 385 quam
1404 338 1512 371 Graeci
1528 335 1711 383 κελωδῖοιν,

119 394 189 442 leg.
203 385 386 435 κυλοιδιᾶν,
403 392 440 427 &
455 389 635 440 Hippocr.
649 382 818 437 αι’λίνδηζῖν
837 397 940 423 vocat
952 395 1070 441 (atque
1089 403 1348 442 κωρωωμαιχιοιν
1371 401 1600 430 vocaverunt.
1638 395 1712 431 Pro

119 448 242 486 nostra
252 448 347 485 lianc
359 443 582 496 opinionem
595 456 675 481 non
685 445 935 489 veriditanius,
944 444 1114 484 Turnebi
1126 446 1175 483 est
1186 447 1209 482 l.
1223 447 1359 484 advers.
1376 459 1389 483 i
1397 459 1432 483 0.
1447 458 1527 499 cap.
1539 461 1553 484 1
1562 461 1599 484 0.
1609 450 1714 499 inge-

120 506 296 541 nuienini
311 504 424 541 moris
442 499 492 537 est
510 499 626 541 fateri,
641 512 704 552 per
713 508 830 550 quern¹
849 499 1064 550 profeceris.
1095 503 1185 538 Haec
1197 503 1271 539 illc.
1310 503 1543 541 Mercurialis
1555 504 1601 541 de
1618 505 1712 543 Arte

121 561 346 608 Gymnastic.
358 559 420 595 lib.
438 570 467 592 1.
480 568 558 607 cap.
576 564 610 592 8.
640 561 675 592 T
669 559 756 594 ertia
761 567 845 607 pars
856 564 931 591 erat
941 567 1129 597 coriceum,
1153 557 1311 610 qitiloczis
1329 560 1386 606 (at
1395 571 1469 594 mea
1476 558 1557 610 fert
1567 558 1714 612 senten-

72 609 75 611 *
118 618 256 667 tialpro
267 610 475 651 denudanda
487 608 676 648 hominibus
687 639 695 652 ‚
714 612 773 664 qui
782 610 845 646 vel
851 614 1004 648 exerceri
1014 612 1078 648 vel
1085 611 1203 650 lavari
1213 640 1221 653 ‚
1243 613 1497 667 velatramque
1507 629 1605 669 agere
1616 615 1714 653 vole-

116 668 198 707 bmt
210 701 219 716 ‚
237 665 446 722 inserviebat
457 693 466 707 ,
487 666 571 703 aliu
590 664 614 702 ἰι
626 672 745 704 Grecis
754 660 988 713 ὶὲπυδυτήθον,
1003 661 1047 704 62²·
1060 666 1084 703 ὰ
1096 667 1220 705 Gale-ao
1230 668 1464 720 yvpcvocqn'gsov
1474 681 1628 708 vocatae.
1639 673 1712 709 Ni-

119 727 144 764 fi
155 729 254 764 enini
267 727 477 764 Coriceum
487 723 583 774 apud
609 723 824 761 Vitruvium
835 725 946 759 talem
957 723 1090 760 locum
1100 723 1296 774 significat¹
1319 728 1493 776 palaestras
1502 727 1547 765 ab
1556 728 1636 778 ipso
1647 729 1712 765 de-

119 783 268 834 scriptas
281 782 414 831 absque
424 780 494 817 hac
513 789 616 829 parte
636 782 816 816 omnium
827 781 989 814 maxime
1009 780 1205 817 necessaria
1227 782 1377 818 extitiss'e
1398 784 1601 821 dicendum
1613 783 1711 826 effer,

120 851 234 888 quam
248 850 325 875 non
336 838 453 874 solum
473 837 511 872 in
522 835 681 885 publicis
699 833 899 884 gymnasiis
911 863 921 878 ,
942 846 1073 871 verum
1086 837 1198 873 etiam
1218 837 1256 872 in
1266 839 1417 885 privatis
1437 837 1570 876 affuiss'e
1583 841 1710 881 credo,

119 895 299 944 siquidem
320 891 485 930 Plin.lib.
500 905 531 928 2.
546 890 654 940 Epist.
671 901 701 933 5.
726 892 765 927 in
783 890 1090 939 descriptionibus
1110 892 1204 930 villae
1225 891 1318 937 suae,
1340 894 1598 943 apodyterium
1619 898 1713 934 inter

119 952 188 987 alia
201 951 434 987 adnumerat:
457 947 718 983 undeillotum
737 945 932 982 sententias
950 946 1156 997 approbare
1166 959 1318 997 nequeo
1330 977 1340 992 ‚
1362 950 1427 998 qui
1448 950 1713 998 Coryc'eumin

121 1007 270 1043 Vitruv.
282 1004 596 1052 textulegendum
608 1013 782 1052 putarunt
796 1001 815 1038 a
827 1013 969 1050 coryco
980 1004 1062 1052 pilae
1070 1001 1188 1053 specie
1202 1030 1210 1042 ‚
1235 1004 1395 1053 quasiibi
1409 1006 1515 1043 ludus
1537 1008 1616 1043 talis
1629 1019 1714 1056 age-

118 1072 233 1109 retur3
256 1072 319 1098 aut
329 1062 549 1097 couriceuzn
560 1071 630 1109 pro
641 1058 818 1096 tonstrina
829 1087 839 1100 ‚
849 1068 911 1095 aut
929 1060 1135 1104 coriceum,
1161 1069 1341 1109 tanquam
1352 1062 1392 1098 in
1401 1074 1450 1099 co
1460 1062 1591 1112 puellae
1601 1062 1637 1099 δὲ
1647 1065 1714 1100 vir-

119 1121 219 1167 gines
229 1117 366 1154 Graecis
378 1131 468 1168 κςξαᾳ
480 1116 670 1165 appellatae
683 1124 954 1151 exercerentur.

175 1173 262 1210 Coi<
272 1185 364 1211 IVM.
395 1173 466 1208 Lib
488 1182 531 1207 vi
545 1183 617 1207 1.c.
635 1185 649 1214 3
663 1200 670 1207 .
682 1170 764 1208 Ubi
777 1171 822 1207 de
832 1171 990 1208 tectorio
1007 1182 1135 1222 opere,
1148 1175 1263 1207 Grano
1272 1172 1412 1208 inducto
1423 1169 1468 1210 ό*
1486 1171 1714 1224 inarescente,

118 1227 268 1266 alterum
275 1241 415 1266 corium.
433 1225 609 1264 mediocris
619 1228 807 1278 dirigatur.
840 1226 1015 1266 Subinde,
1028 1234 1085 1262 lta
1093 1240 1169 1263 cum
1179 1224 1289 1264 tribas
1298 1230 1394 1265 coriis
1405 1242 1524 1275 arene,
1536 1225 1607 1266 &a
1632 1230 1714 1268 Bal-

118 1285 206 1322 dus:
230 1283 505 1322 Transs.1titium
524 1283 752 1320 vocabulum
775 1282 795 1318 a
815 1283 924 1319 coriis
943 1284 1160 1321 animalium
1170 1283 1216 1321 ad
1227 1295 1427 1322 murorum
1447 1284 1507 1323 seu
1524 1287 1715 1335 parietum

119 1342 233 1378 coria.
264 1340 393 1377 Nostri
412 1337 641 1390 *lazaltaturaa
653 1365 661 1378 ,
692 1339 943 1375 mtonicaturas
962 1338 1102 1376 dicunt.
1134 1339 1228 1376 Alio
1245 1339 1343 1377 sensu
1362 1340 1496 1379 eadem
1515 1353 1593 1379 vox
1612 1343 1713 1392 apud

118 1397 282 1434 eundem
301 1395 509 1433 Austorem
528 1396 590 1432 lib.
609 1409 622 1432 1
638 1407 710 1432 1.c.
727 1402 760 1431 8.
781 1394 953 1432 videlicet
975 1407 1044 1445 pro
1064 1396 1224 1433 laterum
1243 1397 1435 1434 ordinibus
1454 1399 1490 1434 in
1509 1397 1710 1446 parietibus

117 1452 312 1491 struendis,
334 1452 515 1489 nostrates
525 1451 649 1489 cursus
660 1451 846 1502 appellant
859 1481 869 1496 ‚
893 1452 955 1489 seu
964 1451 1045 1489 filas
1055 1454 1093 1489 ὃς
1105 1452 1266 1490 ordines.
1296 1455 1385 1497 Eius
1397 1453 1508 1491 verba
1520 1453 1653 1503 quibus
1666 1453 1714 1490 de.

118 1508 248 1545 Graeca
261 1508 433 1546 strustura
443 1509 518 1558 agit
528 1510 576 1545 ita
588 1509 746 1546 habent:
781 1507 966 1560 alligant
976 1520 1091 1544 eorum
1102 1506 1246 1544 alternis
1259 1510 1358 1545 coriis
1370 1519 1567 1562 coagmenta
1580 1538 1589 1554 ‚
1609 1507 1653 1553 (jv
1660 1508 1713 1560 stc

116 1566 271 1601 maxime
281 1562 327 1600 ad
334 1564 685 1615 aternitatemfirmac
691 1563 876 1617 perficiunt
884 1564 1051 1601 virtutes.
1086 1563 1173 1601 Post
1184 1563 1261 1602 haec
1273 1564 1325 1601 ibi
1336 1566 1413 1601 loci
1426 1592 1434 1605 ,
1456 1564 1646 1616 lsc'ialomum
1655 1563 1709 1601 di-

114 1622 225 1660 citur,
246 1633 324 1657 cum
341 1621 452 1656 omnia
470 1621 556 1656 coria
573 1634 667 1674 aeqica
687 1618 906 1672 cr.tss‘tudine
914 1617 1208 1671 fuerintsssruft'a.
1241 1620 1429 1669 Perspicua
1440 1620 1517 1659 haec
1529 1620 1623 1659 sunt,
1639 1633 1711 1658 nec

117 1676 405 1714 aliundelucem
417 1677 611 1727 postulant.
634 1678 727 1714 Haec
745 1678 819 1714 ille.
850 1677 949 1716 Vide
963 1676 1024 1713 Ci.
1037 1674 1185 1713 Salmas.
1196 1677 1233 1712 in
1243 1676 1362 1712 Solin.
1377 1691 1439 1721 123
1453 1692 1485 1721 3.
1505 1678 1572 1727 qui
1589 1676 1712 1728 poste-

121 1734 218 1769 tiore
229 1733 410 1770 hocloco
424 1734 512 1783 legit
524 1748 531 1770 ε
566 1731 636 1769 sed
644 1732 749 1782 nostri
758 1731 924 1769 celeritati
934 1730 1117 1781 studentes
1129 1762 1139 1777 ‚
1148 1733 1275 1769 erectos
1283 1729 1398 1769 choros
1407 1731 1551 1769 locantes
1563 1759 1572 1773 ‚
1581 1731 1714 1782 fronti-

117 1783 367 1836 bmfi’rviung
378 1789 485 1833 idest,
499 1789 648 1826 ordines
660 1789 838 1839 lapidum.
869 1789 981 1825 Item:
1015 1785 1206 1838 (sodomum
1216 1785 1363 1833 dicitur,
1383 1801 1461 1825 cum
1471 1789 1584 1826 omnia
1592 1785 1713 1825 charia
1761 1836 1764 1838 q

117 1841 299 1895 aequa,&c.
315 1845 478 1881 ibidem:
501 1846 650 1882 corium
661 1844 894 1894 superficiem
907 1846 944 1881 ὃς
957 1844 1111 1882 crustam
1122 1843 1314 1893 significat,
1326 1854 1366 1881 ut
1376 1844 1439 1881 lib.
1455 1858 1469 1882 1
1482 1859 1506 1882 1.
1519 1856 1599 1896 cap.
1615 1857 1629 1881 1
1643 1856 1656 1880 1
1672 1857 1707 1881 1·.

117 1901 276 1936 laterum
289 1902 435 1936 corium
448 1901 539 1937 dixit
551 1913 619 1951 pro
632 1899 832 1949 superficie.
862 1901 966 1937 Idem
984 1902 1076 1936 coria
1093 1912 1245 1949 quoque
1266 1911 1333 1951 pro
1345 1901 1470 1938 crustis
1482 1900 1520 1937 δε
1530 1900 1713 1938 inductio-

119 1954 229 1992 nibus
240 1955 444 1993 te&orioru
450 1969 487 1993 m
501 1959 621 2006 poluit
630 1956 692 1991 lib.
706 1967 766 1993 vn.
779 1968 810 1992 c.
832 1970 845 2000 3
857 1985 863 1991 .
883 1968 991 2007 quum
1000 1953 1041 1991 ab
1050 1969 1154 1992 arena
1168 1965 1291 2006 prater
1301 1953 1564 2006 trullisationem
1574 1969 1642 1991 non
1651 1957 1717 1993 mi-

121 2023 183 2045 nus
194 2008 301 2047 tribus
310 2014 406 2048 coriis
412 2009 533 2062 faerit
541 2009 779 2058 deformatum.
810 2012 898 2048 Nos
917 2011 1032 2059 vulgo
1045 2009 1194 2048 [adacta
1204 2011 1364 2048 dicimus
1384 2013 1423 2048 ὃς
1445 2010 1576 2049 Culcas.
1610 2012 1711 2048 Cato

122 2066 251 2102 corium
261 2065 310 2103 sic
323 2067 502 2116 usurpavit
511 2067 555 2104 de
567 2069 616 2104 R.
632 2068 682 2104 R.
694 2079 764 2117 pro
774 2068 979 2117 pavimenti
990 2064 1124 2104 crusta:
1156 2072 1208 2104 De
1228 2066 1314 2103 calce
1333 2076 1474 2104 arenato
1487 2068 1645 2120 primum
1664 2080 1714 2102 co-

122 2122 215 2157 rium
225 2118 356 2170 finito,
378 2121 448 2165 (ῤ’-ε.

181 2176 216 2212 C
229 2188 254 2213 0
267 2186 291 2214 R
302 2187 329 2213 o
342 2188 367 2213 N
382 2188 419 2214 A.
449 2177 534 2213 Lib.
553 2191 586 2214 2.
599 2189 675 2228 cap.
693 2186 726 2214 s.
758 2180 912 2213 Summis
925 2174 1116 2228 parietibus
1133 2177 1195 2223 (de
1206 2177 1378 2214 latei-ibus
1388 2177 1518 2223 verba)
1525 2175 1714 2225 structura

123 2230 263 2281 testacea
271 2227 339 2283 fitb
349 2230 464 2284 tegula
476 2229 682 2280 fiiinciatur
695 2261 705 2276 ,
726 2230 910 2267 altitudine
919 2233 1058 2268 circiter
1068 2229 1317 2284 sesquipedali,
1337 2229 1528 2284 habeatque
1532 2234 1713 2283 projec‘Ju-

124 2300 181 2325 ras
193 2299 402 2324 coronarum.
436 2288 600 2324 Coronae
613 2289 674 2324 liic
687 2287 753 2333 (ait
763 2285 975 2331 Philander)
987 2287 1161 2324 dicuntur
1170 2288 1339 2338 protecta
1347 2289 1407 2326 vel
1416 2288 1577 2338 projefi'ffl
1588 2313 1596 2327 ‚
1617 2292 1711 2328 meis

52 2347 54 2349 ’
67 2368 71 2374 =
125 2344 241 2381 Gallis
252 2344 428 2380 Larmerii
438 2353 632 2381 vocantur,
647 2341 944 2378 Bononiensibus
956 2342 1134 2386 Gmndae,
1145 2343 1182 2379 id
1192 2342 1536 2393 est,prorninentiae‚
1547 2345 1583 2382 ὅ(
1594 2347 1710 2384 veluti

124 2400 314 2450 supercilia
326 2400 519 2449 parietum,
534 2398 700 2436 arcendis
713 2397 897 2434 stillicidiis
908 2399 1068 2436 inventa.
1091 2397 1196 2436 Idem
1208 2398 1342 2436 senfiffe
1352 2399 1510 2438 affirmat
1520 2400 1709 2438 Budaeum.

125 2467 209 2493 tuni
221 2455 320 2493 addit
332 2483 342 2498 ‚
360 2468 441 2492 eam
455 2455 700 2505 proiecturam
718 2453 830 2504 paulo
849 2453 931 2505 post
943 2453 964 2490 a
986 2456 1162 2493 Vitruvio
1180 2456 1339 2494 loricam
1359 2456 1558 2494 testaceam
1569 2459 1706 2494 vocari.

126 2511 279 2548 Baldus:
300 2511 336 2547 Si
354 2512 520 2548 nominis
529 2513 608 2548 vim
619 2509 877 2560 perpendimus
890 2539 899 2553 ‚
909 2523 988 2547 non
998 2511 1044 2548 de
1055 2511 1140 2548 teffi
1152 2522 1254 2561 parte
1266 2513 1304 2548 in
1315 2513 1408 2549 alam
1419 2514 1659 2562 prominente
1669 2512 1708 2550 δε

127 2567 304 2605 stillicidia
315 2568 461 2616 longius
473 2578 620 2604 arcente
631 2562 841 2604 intellexisse
862 2567 1078 2604 Vitruvium
1089 2568 1271 2604 credimus
1283 2596 1293 2612 ‚
1315 2568 1374 2605 secl
1384 2568 1429 2604 de
1448 2579 1591 2604 corona
1603 2579 1711 2607 coro-

127 2626 259 2661 niceve
273 2650 280 2663 ,
301 2624 427 2672 quales
439 2623 522 2661 sunt
531 2635 619 2673 quas
631 2625 669 2659 in
681 2621 886 2671 magnificis
896 2623 1035 2661 aedibus
1046 2626 1083 2661 ὃ(
1094 2625 1240 2674 templis
1252 2624 1454 2674 speetamus
1468 2652 1478 2668 ‚
1500 2633 1540 2660 ut
1553 2625 1706 2665 Romae,

128 2681 323 2717 Florentiae
336 2706 344 2719 ,
366 2682 402 2717 ὃ(
413 2680 498 2717 alibi
506 2677 649 2729 passim.
680 2677 808 2714 Nostri
818 2678 1002 2729 simplices
1024 2681 1102 2717 illas
1121 2681 1388 2730 prominentias
1407 2679 1467 2715 seu
1485 2678 1708 2730 subgrundia

128 2733 306 2773 Ventaleaa
313 2747 362 2773 vo
368 2747 469 2783 cant3
491 2747 651 2772 coronas
662 2746 751 2771 vero
761 2736 954 2772 cornictoni.
988 2737 1187 2773 Vrbinates
1199 2736 1274 2772 mei
1290 2733 1516 2784 subgrundiis
1527 2755 1537 2783 3
1555 2748 1636 2774 non
1646 2748 1711 2774 au·

128 2802 207 2828 tem
219 2794 372 2829 coronis
382 2793 543 2829 lateritiis
552 2790 717 2828 summos
728 2792 883 2840 parietes
893 2790 1115 2829 defendunt:
1139 2792 1244 2840 quod
1257 2790 1397 2827 faciunt
1413 2792 1561 2829 utilitati
1579 2792 1710 2830 consu-

128 2848 245 2884 lentes
254 2849 370 2897 magis
381 2861 495 2897 quam
517 2857 742 2884 ornamento
758 2860 765 2882 :
784 2857 964 2884 montana
985 2849 1085 2884 enim
1094 2848 1223 2884 civitas
1242 2847 1292 2883 est
1303 2847 1340 2883 &
1360 2845 1708 2897 septentrionalibus

132 2903 246 2939 ventis
258 2903 443 2952 obnoxia;
469 2905 557 2942 liinc
570 2903 734 2940 horridas
743 2903 849 2940 sentit
870 2902 1020 2951 hyemes
1031 2905 1067 2941 &
1080 2903 1183 2940 saevas
1194 2905 1280 2940 anni
1299 2903 1533 2954 tempestates
1545 2933 1555 2948 ,
1573 2905 1708 2953 quibus

133 2969 211 2995 non
221 2959 341 2997 niodo
350 2962 504 2998 lateritia
515 2989 525 3005 ‚
535 2959 593 2997 sed
605 2959 746 3010 lapidea
757 2970 908 3010 quoque
920 2971 1034 3011 opera
1043 2961 1102 2998 vix
1113 2958 1284 2999 resistunt.
1315 2960 1414 2998 Item
1425 2960 1471 2998 de
1482 2962 1633 2999 coronis
1646 2959 1709 2996 Vi-

1572 3024 1712 3053 truvius
