2023 3162
459 97 1086 137 DEARcrttrrzcrvRA
1142 96 1267 136 L1n.
1308 98 1409 137 VII.
1658 79 1777 148 ¹39.

135 170 280 208 dicitur.
314 167 407 206 Haec
424 178 516 206 vero
539 168 664 205 multis
674 169 769 205 locis
793 168 859 214 (ut
877 169 991 204 etiam
1008 167 1185 217 initalia)
1206 169 1413 208 invenitur,
1438 167 1497 205 scd
1518 179 1597 217 quae
1615 169 1732 209 fuerat

134 228 301 278 optima,
318 224 448 261 Attica
462 253 471 268 ‚
493 224 579 261 ideo
600 235 699 260 nunc
717 235 796 260 non
816 223 992 267 habetur,
1013 223 1120 272 quod
1139 223 1300 261 Athenis
1323 226 1465 274 argenti
1485 224 1622 261 fodinae
1642 237 1732 264 cum

134 281 345 319 habuerunt
365 278 546 324 familias,
566 290 657 317 tunc
675 280 732 325 [c]
750 278 878 329 specus
900 278 961 316 sub
983 288 1077 317 terra
1097 278 1334 318 fodiebantur
1351 280 1396 318 ad
1417 290 1609 330 argentum
1629 281 1732 317 inve-

133 337 326 374 niendum.
353 337 454 373 Cum
466 336 519 373 ibi
529 346 618 371 vena
630 333 1242 380 foi-reinveniretur,nihilominus,
1255 337 1309 373 uti
1320 346 1527 385 argentum,
1543 335 1732 386 pei-leque-

136 394 282 431 bantur.
318 393 442 440 Itaque
460 392 602 439 antiqui
614 391 758 439 egregia
773 391 883 440 copia
901 388 979 436 [d]
998 389 1069 426 silis
1089 390 1133 428 ad
1144 392 1371 442 politionem
1385 404 1544 442 operum
1560 391 1643 428 sunt
1665 389 1728 428 usi.

134 449 232 486 Item
256 448 303 496 [e]
331 447 482 485 rubricae
493 444 644 498 copiose
655 446 780 482 multis
792 447 886 483 locis
899 447 1110 483 eximuntur
1121 472 1130 488 ,
1144 445 1202 483 sed
1213 449 1363 498 optimae
1376 450 1501 498 paucis
1512 475 1520 487 ,
1533 449 1587 485 uti
1598 447 1728 484 Ponto

136 506 296 554 Sinope,
320 503 358 540 &
375 499 568 552 AEgypto‚
585 503 624 537 in
646 501 818 551 Hispania
838 501 1068 546 Balearibus,
1089 513 1172 538 non
1192 505 1315 540 minus
1336 505 1447 541 etiam
1466 501 1538 556 [f]
1559 503 1726 543 Lemno,

138 563 242 606 cuius
264 558 385 597 insulae
405 557 592 606 vectigalia
613 555 899 594 Atheniensibus
919 557 1073 594 Senatus
1084 558 1320 607 populusque
1331 560 1537 596 Romanus
1548 558 1732 596 concessit

137 615 305 653 fruenda.
342 610 408 667 [g]
429 613 677 650 Paraetonium
687 624 778 650 vero
796 611 1061 662 exipfislocis‚
1081 613 1180 650 unde
1190 613 1345 663 foditur,
1365 615 1638 652 habetnomen.
1659 616 1732 652 Ea-

137 671 225 708 dem
243 672 383 709 ratione
405 666 458 719 [h]
481 668 669 705 Melinum
682 694 690 708 ‚
712 668 819 716 quod
830 670 908 715 ejus
926 669 981 705 vis
999 669 1140 705 metalli
1153 668 1274 706 insulae
1294 671 1451 718 Cycladi
1469 670 1729 717 Melodicitut

138 726 218 764 effe.
251 729 306 772 [t]
329 727 441 764 Creta
452 723 575 762 viridis
594 727 683 761 item
693 723 856 777 pluribus
866 723 960 760 locis
982 723 1163 768 nascitur,
1181 722 1240 760 scd
1253 727 1400 775 optima
1410 727 1585 774 Smyrnae.
1618 725 1732 763 Hanc

137 794 261 821 autem
281 782 401 820 Gtaeci
421 776 481 833 [k]
502 773 649 824 §zomon
673 789 831 818 vocant,
855 779 959 828 quod
980 778 1211 816 Theodotus
1230 782 1388 817 nomine
1406 781 1523 819 fuerat
1536 811 1545 827 ,
1565 783 1670 829 cujus
1688 782 1727 817 in

139 838 258 876 fundo
268 839 306 876 id
315 849 430 887 genus
449 846 554 873 cretae
575 838 741 886 primum
757 834 806 871 est
819 835 1030 873 inventum.
1064 833 1109 879 [l
1116 838 1135 881 ]
1152 834 1483 886 Auripigmentum
1496 866 1504 880 ‚
1519 838 1625 885 quod
1636 838 1733 887 Σςσε.

140 896 220 932 νικὸν
240 895 369 932 Graece
385 893 537 937 dicitur,
559 891 702 930 foditur
721 891 862 929 Ponto.
895 891 1098 929 Sandaraca
1115 893 1205 928 item
1217 892 1503 943 pluribuslocis,
1518 892 1577 929 sed
1588 895 1731 943 optima

1081 947 1105 983 S
1138 958 1158 983 2.
1583 948 1726 988 Ponto.

179 1040 251 1069 enim
260 1037 357 1075 fabrilis
368 1040 471 1069 rubrica
482 1051 513 1069 ex
526 1041 607 1069 ochra
617 1063 624 1074 ,
637 1052 691 1070 uon
703 1042 785 1070 ochra
793 1052 825 1070 ex
837 1041 940 1069 rubrica
954 1042 1008 1071 ‚uti
1019 1042 1053 1069 est
1063 1040 1131 1080 apud
1143 1040 1357 1079 Theophrastum
1377 1037 1432 1069 ω’ὲῖ
1443 1039 1513 1066 λίθων
1523 1060 1530 1070 ,
1541 1043 1565 1067 &
1578 1038 1731 1067 Dioscorid-

179 1081 225 1109 lib.
238 1091 262 1108 v.
274 1090 330 1119 cap.
343 1086 387 1108 62.
403 1090 482 1120 quem
494 1082 525 1109 de
538 1082 630 1111 chra
639 1093 695 1121 cap.
709 1087 749 1118 58.
762 1083 856 1122 legito.
869 1083 947 1109 Forte
957 1081 1092 1120 scripserat
1101 1103 1107 1113 ‚
1120 1086 1161 1109 Ex
1171 1091 1201 1109 ea
1212 1081 1336 1117 exustafit
1348 1080 1450 1107 rubrica
1460 1093 1468 1108 :
1486 1090 1518 1108 ne
1529 1081 1567 1107 vir
1579 1080 1622 1108 ille
1632 1079 1731 1108 dostis-

180 1121 257 1150 fimus
270 1118 330 1149 falsa
340 1123 480 1160 praecipere
492 1123 620 1151 videatur.
638 1124 695 1152 Nifi
705 1124 892 1154 existimamus,
904 1123 990 1150 virum
1001 1124 1143 1150 Senatoriae
1162 1122 1300 1162 dignitatis
1311 1142 1318 1153 ,
1336 1121 1416 1158 inque
1436 1121 1561 1159 Reipubl.
1580 1120 1735 1148 muneribus

180 1171 340 1201 occupatum
352 1183 359 1194 ‚
376 1159 524 1191 succeffivis
535 1163 606 1191 horis
619 1164 662 1191 vix
674 1161 797 1202 potuisse,
810 1164 882 1201 quod
892 1163 1020 1201 excerpsit
1031 1184 1038 1195 ‚
1050 1163 1203 1191 describere.
1225 1163 1291 1190 Vide
1301 1163 1432 1190 Lexicon.
1457 1161 1522 1189 Hoc
1540 1169 1645 1190 taurum
1656 1161 1733 1193 addo,

178 1202 205 1230 in
216 1202 262 1230 illo
274 1203 340 1230 Plin.
348 1203 410 1230 loco
418 1224 425 1235 ‚
437 1204 581 1243 legendum
591 1225 597 1236 ,
614 1204 649 1240 fit
659 1215 690 1232 ex
700 1205 777 1232 ochra
786 1203 873 1240 exusta'
883 1203 983 1231 rubrica
992 1223 999 1231 .
1022 1214 1052 1231 ex
1066 1202 1203 1241 Tlieophr.

139 1244 171 1278 c]
200 1243 282 1271 Idem.
305 1243 436 1271 Metallici
446 1254 538 1283 puteos
547 1255 609 1273 cum
620 1245 687 1272 Plin-
696 1245 742 1272 lib.
751 1254 858 1273 xxxrrt.
870 1255 926 1282 cap.
939 1251 964 1272 6.
982 1244 1111 1283 appellant
1126 1265 1132 1275 ,
1151 1253 1217 1281 quos
1233 1244 1258 1270 in
1272 1243 1415 1271 Germania
1426 1243 1506 1271 audio
1518 1243 1549 1271 acl
1560 1243 1733 1282 quingento-

180 1293 238 1312 rum
248 1280 365 1322 passuum
375 1283 542 1313 altitudinem
553 1282 605 1314 esse
616 1283 723 1314 effossos
733 1308 739 1317 ,
757 1286 781 1313 id
793 1286 843 1318 est,
863 1286 932 1314 altos
942 1286 1020 1323 pedes
1030 1294 1070 1312 ter
1081 1285 1151 1313 mille
1161 1283 1343 1323 septingentos
1354 1287 1378 1312 ὃς
1390 1284 1593 1324 quinquaginta.

140 1324 177 1360 d]
200 1324 284 1352 Idem.
298 1324 355 1352 Silis
366 1327 494 1364 praecipue
507 1326 556 1354 tria
566 1336 663 1366 genera
673 1327 740 1365 apud
751 1326 1083 1365 Plinseperiolibxxxiri.
1092 1336 1159 1354 οη.
1172 1323 1540 1356 Αιῑίειιῐῐι,ω;ιτῐηοιοί“υῐῃ,8ε
1552 1321 1666 1362 pressum
1677 1323 1730 1351 sive

181 1365 321 1403 Scyricum
331 1385 338 1397 ,
355 1367 511 1405 proprieque
524 1367 617 1395 limum
627 1364 687 1395 effe.
711 1365 816 1395 Adferri
831 1367 930 1395 ibidem
941 1366 1020 1394 tradit
1031 1377 1063 1395 ex
1081 1366 1181 1394 Achaia
1192 1387 1198 1398 ‚
1215 1374 1293 1404 atque
1313 1365 1378 1393 item
1394 1363 1407 1392 ὲ
1430 1365 1515 1393 Gallia
1529 1363 1729 1404 quodlucidum

182 1414 295 1434 vocetur
305 1426 312 1438 ‚
332 1406 405 1441 cujus
417 1407 539 1436 meminit
548 1408 594 1436 lib.
604 1418 683 1436 xxxv.
694 1418 750 1447 cap.
765 1415 791 1435 6.
802 1408 883 1436 Paulo
891 1417 951 1436 ante
962 1407 1138 1435 indicavimus
1148 1417 1179 1435 ex
1191 1406 1242 1434 hoc
1255 1406 1327 1438 loco,
1341 1406 1486 1434 existimare
1498 1416 1545 1433 nos
1556 1406 1590 1433 Sil
1602 1402 1652 1432 effe
1663 1403 1731 1431 lutei

180 1446 286 1474 coloris.
309 1448 380 1475 Cum
391 1447 462 1475 enim
473 1449 564 1478 Ochra
575 1450 664 1477 Attica
673 1458 791 1477 carerent
803 1470 808 1481 ,
821 1449 857 1477 uli
869 1448 925 1477 sunt
935 1448 985 1476 Sile
997 1469 1004 1481 ,
1018 1458 1073 1476 non
1084 1449 1131 1476 illo
1142 1447 1249 1486 quidem
1266 1447 1369 1478 Attico,
1382 1446 1424 1474 sed
1437 1447 1508 1485 quod
1525 1447 1646 1485 proxime
1656 1453 1733 1472 acce-

179 1486 254 1515 deret
266 1486 297 1514 ad
309 1487 409 1515 Ochrae
420 1488 546 1518 colorem.
577 1491 646 1522 Nam
656 1491 692 1518 Sil
703 1491 825 1518 Atticum
835 1488 995 1517 arbitramur
1005 1489 1103 1517 coloris
1114 1486 1164 1517 esse
1176 1488 1299 1526 purpurei
1311 1487 1423 1515 violacei
1435 1508 1442 1520 ,
1462 1488 1505 1526 qui
1514 1491 1538 1514 δε
1550 1485 1682 1513 ianthinus
1693 1484 1736 1511 di-

180 1528 257 1556 citur.
278 1527 375 1556 Scribit
386 1529 457 1557 enim
467 1531 602 1559 Vitruvius
621 1541 676 1570 cap.
687 1531 734 1560 ult.
749 1531 824 1567 hujus
840 1530 909 1563 libri,
923 1530 1008 1558 Attici
1017 1530 1069 1558 filis
1080 1530 1200 1557 colorem
1209 1525 1281 1556 effici
1298 1528 1361 1556 trita
1372 1537 1444 1556 creta
1453 1525 1553 1566 perfilsa
1564 1530 1588 1554 8.-
1600 1534 1734 1553 macerata.

178 1569 205 1595 in
216 1578 282 1606 aqua
292 1589 298 1598 .
316 1570 341 1596 in
351 1579 402 1607 qua
412 1568 611 1599 conferbuerint
630 1572 705 1600 violae
715 1594 721 1604 ,
734 1577 759 1601 Sc
771 1568 894 1610 expressa:
906 1571 965 1599 fint.
985 1572 1028 1600 Ne
1040 1580 1103 1599 vero
1113 1570 1144 1598 de
1156 1569 1233 1597 luteis
1251 1568 1327 1596 violis
1338 1569 1394 1607 quis
1403 1569 1550 1608 intelligere
1565 1563 1653 1606 possit,
1666 1563 1732 1593 facit

178 1610 252 1646 quod
259 1610 338 1636 docet
349 1610 450 1648 aliquot
461 1611 556 1640 modos
565 1610 675 1641 faciendi
685 1614 807 1652 purpurei
819 1612 992 1641 colorisSane
1003 1609 1240 1651 Georg.Agricola
1250 1609 1276 1637 in
1290 1612 1440 1637 Bermanno
1450 1609 1560 1647 dialogo
1569 1617 1601 1635 ex
1612 1607 1736 1634 Hermo-

180 1649 224 1677 lao
235 1649 350 1678 Barbare
360 1652 490 1679 existimat
510 1653 534 1681 id
548 1647 654 1681 'Latinis
669 1652 721 1682 effe
740 1654 792 1684 Sil,
805 1653 877 1692 quod
896 1654 996 1680 Graecis
1008 1650 1093 1689 αἷχρμ.
1116 1653 1149 1679 Et
1167 1649 1328 1679 Hermolaus
1348 1647 1447 1677 fatetur
1458 1669 1465 1681 ‚
1484 1648 1508 1676 se
1530 1646 1672 1686 aliquando
1685 1646 1734 1673 de-

180 1699 289 1728 ceptum
298 1711 305 1720 ‚
319 1692 364 1730 qui
375 1693 472 1731 putarit
482 1693 552 1721 Sil&
564 1694 705 1722 czeruleum
716 1694 787 1722 idern
798 1691 859 1721 effe.
882 1695 1007 1730 Qorum
1025 1692 1154 1720 sententia
1171 1691 1187 1718 si
1204 1700 1264 1718 vera
1274 1692 1325 1722 est,
1345 1698 1373 1717 ut
1385 1699 1444 1717 vera
1455 1688 1560 1717 videtur
1572 1708 1579 1721 ,
1592 1688 1645 1715 Ioci
1655 1687 1733 1722 liujus

179 1729 263 1758 sensus
274 1730 316 1758 liic
328 1733 378 1760 erit
388 1753 395 1764 ,
415 1734 577 1771 Praecipuam
588 1738 612 1762 δ(
624 1734 820 1772 praeeellentcm
833 1731 907 1762 fuisse
918 1734 1033 1771 antiquis
1054 1733 1158 1771 copiam
1170 1731 1228 1759 Silis
1239 1751 1245 1762 ,
1263 1730 1288 1758 id
1299 1729 1335 1758 cst
1351 1730 1450 1759 Ochrae
1462 1750 1468 1762 ,
1488 1738 1547 1757 tum
1558 1728 1656 1756 scilicet
1668 1735 1734 1754 cum

179 1772 280 1798 Attica:
292 1771 417 1800 habendae
427 1793 433 1803 ,
450 1783 508 1812 quae
519 1784 572 1802 erat
581 1776 682 1813 optima
691 1796 697 1806 ,
716 1773 825 1803 facultas
836 1772 917 1802 effer:
937 1773 982 1801 suo
993 1782 1115 1811 tempore
1124 1772 1201 1800 aliam
1210 1767 1285 1799 fuisse
1297 1772 1440 1798 rationem:
1453 1778 1516 1797 cum
1526 1765 1621 1796 adferri
1630 1766 1673 1794 illa
1683 1766 1734 1811 de-

179 1808 257 1838 fiiss‘et
270 1832 276 1843 ,
294 1812 333 1838 uti
344 1823 459 1851 caeptum
469 1815 600 1842 deteriore
609 1836 615 1846 ,
631 1816 721 1843 Italica
730 1815 843 1843 scilicet:
865 1816 1001 1842 inventam
1013 1815 1084 1841 enim
1096 1822 1160 1841 tunc
1171 1812 1255 1840 aetatis
1265 1811 1292 1838 in
1305 1811 1395 1838 multis
1404 1810 1469 1838 locis
1480 1830 1487 1842 ,
1505 1809 1586 1836 etiam
1599 1809 1626 1834 in
1642 1807 1730 1834 Italia.

180 1853 216 1878 Vt
229 1852 326 1879 Latino
341 1854 450 1881 nomine
461 1855 518 1882 Silis
530 1853 682 1893 expresserit
693 1856 765 1894 quod
774 1864 834 1883 ante
846 1858 942 1883 Graeco
953 1853 1062 1883 Ochrae.
1086 1853 1153 1881 Illud
1163 1861 1252 1880 autem
1263 1860 1334 1879 certe
1347 1861 1388 1878 me
1399 1858 1517 1888 torquet,
1531 1848 1602 1887 quod
1615 1847 1733 1876 Diosco-

179 1892 247 1920 rides
260 1891 380 1920 Ochram
391 1896 562 1923 commendat
574 1896 688 1934 undique
701 1896 829 1923 Melinam
839 1916 846 1927 ,
858 1899 882 1923 8<
890 1905 988 1935 genere
999 1895 1128 1927 Atticam,
1138 1892 1275 1921 Vitruvius
1286 1901 1349 1920 vero
1359 1891 1416 1918 Silis
1428 1890 1514 1919 Attici
1525 1889 1646 1918 colorem
1654 1884 1731 1917 fuiss‘e

180 1942 342 1970 purpureum
351 1934 447 1962 innuit.
470 1935 535 1963 Vide
545 1935 617 1973 plura
628 1937 654 1963 in
667 1937 784 1966 Lexico,
796 1937 821 1963 in
833 1946 900 1963 voce
911 1935 957 1963 Sil.

141 1972 175 2005 e]
206 1973 288 2001 Idem.
311 1976 381 2011 Qae
391 1975 432 2003 hic
442 1975 474 2003 de
482 1975 586 2004 rubrica
597 1975 745 2005 scribuntur
755 1998 763 2010 ,
780 1986 809 2004 ea
818 1976 850 2004 de
859 1975 983 2014 Sinopide
991 1974 1071 2003 tradit
1080 1974 1147 2003 Plin.
1159 1974 1205 2003 lib.
1214 1984 1294 2004 xxxv.
1306 1976 1365 2014 cap}
1373 1980 1399 2002 6.

136 2015 172 2053 f]
201 2015 284 2060 Idem.
310 2016 394 2054 Qod
404 2016 436 2045 de
446 2017 580 2047 coloribus
588 2019 722 2058 loquatur,
732 2020 884 2059 apparet,de
895 2031 924 2048 ea
934 2028 1039 2049 tantum
1048 2021 1206 2061 intelligere.
1216 2031 1274 2060 quae
1283 2021 1382 2057 pam&
1394 2017 1493 2054 Λεμνία,
1505 2016 1557 2046 hoc
1569 2014 1726 2047 est‚rubric³

185 2058 295 2083 Lemnia
304 2065 424 2084 vocatur.
446 2060 475 2085 In
489 2061 590 2087 Lemno
601 2062 672 2088 enim
683 2062 764 2100 AEgei
776 2062 854 2088 maris
867 2060 960 2094 Insula,
974 2061 1006 2089 ad
1019 2062 1201 2099 Haephestiada
1210 2061 1313 2094 urbem,
1324 2061 1493 2089 occidentem
1504 2058 1663 2096 spectantem
1674 2075 1681 2086 ,
1698 2056 1726 2082 in

185 2096 254 2140 colle
265 2097 388 2134 quodam,
405 2098 502 2136 triplici
518 2101 696 2139 reperiebatur
706 2111 774 2129 terra
789 2100 940 2130 differentia
951 2123 957 2133 .
968 2111 997 2130 ut
1011 2103 1078 2140 apud
1092 2101 1385 2138 Galeu.lib.1x.fimpl.
1404 2100 1503 2127 Medic.
1515 2099 1640 2136 legimus.
1664 2097 1730 2125 Erat

184 2146 256 2164 enim
266 2138 308 2164 cui
319 2138 411 2165 Diana:
418 2138 534 2178 sigillum
545 2141 753 2179 imprimebatur,
763 2152 821 2180 quae
833 2144 944 2170 Lemnia
951 2142 1068 2182 sphragis
1078 2143 1222 2170 dicebatur.
1247 2143 1309 2170 Erat
1322 2142 1412 2168 miltos
1428 2139 1536 2166 Lemnia
1545 2134 1675 2168 πκῖςνικῆ,
1685 2145 1729 2163 ru-

186 2176 259 2204 bflc³
268 2174 378 2210 fabrilis,
389 2187 439 2216 qua
449 2177 612 2216 potissimum
622 2182 765 2210 utebantur
775 2181 839 2210 fabri
852 2203 857 2214 .
876 2182 917 2210 sed
927 2186 952 2210 δε
964 2183 1088 2219 pistores.
1114 2184 1176 2210 Erat
1187 2186 1212 2210 ὅ(
1221 2182 1295 2210 tertii
1304 2182 1407 2221 generis
1420 2177 1561 2206 extersoria
1570 2186 1641 2204 terra
1653 2196 1660 2207 ,
1677 2185 1730 2214 qua

186 2216 329 2245 utebantur
340 2217 426 2246 linteis
436 2222 460 2247 ὃς
473 2221 584 2249 vestibus
592 2222 736 2250 abluendis.
758 2223 924 2250 Existimavit
941 2222 1007 2249 Plin.
1017 2222 1090 2250 dicto
1101 2232 1158 2260 cap.
1172 2232 1210 2249 vr.
1231 2222 1365 2249 rubricam
1378 2220 1515 2247 Lemniam
1528 2217 1630 2245 nonnisi
1641 2216 1730 2255 signa-

187 2267 243 2286 tam
254 2258 404 2289 venundari,
415 2260 528 2288 undas&
543 2260 660 2301 sphragis
670 2262 853 2300 appellaretur.
875 2265 1010 2299 Deceptus
1022 2281 1030 2291 ,
1048 2264 1093 2300 qui
1102 2263 1200 2300 putarit
1211 2262 1321 2289 eandem
1331 2258 1382 2288 effe
1400 2259 1532 2288 rubricam
1554 2257 1692 2285 Lemniam
1702 2259 1728 2284 δε

189 2299 329 2328 Lemniam
348 2298 487 2338 sigillatam
502 2321 508 2332 ‚
525 2311 586 2329 curn
597 2302 653 2329 haec
664 2302 693 2329 sit
704 2311 773 2330 terra
785 2301 883 2330 diversa
894 2301 908 2329 ἐι
918 2303 1022 2330 rubrica
1031 2322 1037 2334 ,
1058 2302 1100 2330 vel
1110 2310 1202 2329 autore
1213 2301 1315 2329 Galeno
1333 2301 1378 2329 lib.
1390 2299 1473 2328 antid.
1484 2309 1506 2326 1.
1525 2301 1548 2327 &
1557 2297 1671 2336 apertius
1681 2297 1729 2324 illo

187 2339 353 2376 Simplicium
365 2349 404 2366 ιε.
430 2341 496 2368 Vide
508 2343 599 2370 Lexic.
609 2341 736 2371 Rubrica.
1262 2356 1265 2359 ·

142 2382 175 2418 g]
208 2380 293 2408 Idem.
314 2383 483 2408 Paratonium
493 2380 507 2409 a
518 2382 579 2410 Ioco
590 2383 700 2422 AEgvoti
711 2405 718 2415 ,
735 2382 803 2411 unde
813 2380 913 2410 foditur
923 2403 929 2412 .
948 2392 1047 2410 nomen
1057 2381 1152 2410 habet:
1177 2380 1234 2410 fieri
1243 2381 1334 2410 scribit
1353 2381 1420 2409 Plin.
1431 2380 1476 2409 lib.
1488 2390 1570 2408 xxxv.
1580 2388 1637 2417 cap.
1650 2387 1687 2405 vr.
1699 2387 1732 2405 ex

185 2420 275 2459 spuma
295 2421 371 2448 maris
381 2419 491 2449 solidata
500 2432 562 2450 cum
579 2418 650 2451 limo'
661 2412 675 2451 ὲ
687 2424 803 2451 candidis
822 2422 957 2451 coloribus
979 2419 1178 2462 pinguissimum
1188 2443 1195 2454 ‚
1219 2426 1245 2451 Sc
1264 2423 1383 2451 tectoriis
1401 2417 1597 2450 tenacissimum
1617 2427 1726 2457 propter

187 2462 323 2489 Iaevorem.
340 2461 424 2500 Qod
434 2463 514 2490 etiam
522 2464 621 2491 dixerat
634 2464 679 2491 lib.
692 2474 796 2492 xxxrrr.
805 2473 861 2502 cap.
873 2474 896 2491 v.
920 2463 1005 2502 Qod
1015 2464 1032 2491 fi
1043 2473 1134 2491 verum
1146 2463 1190 2494 est.
1200 2472 1229 2491 ut
1241 2472 1313 2491 certe
1323 2464 1366 2495 est,
1379 2473 1433 2490 non
1444 2462 1532 2500 potuit
1544 2459 1557 2488 ὲ
1568 2460 1657 2498 spuma
1670 2468 1727 2485 ma-

187 2502 222 2529 ris
233 2500 289 2529 fieri
300 2523 306 2533 .
322 2501 441 2540 alioquin
451 2503 576 2543 salsugine
592 2503 634 2533 sua
644 2505 762 2533 tectoriis
779 2502 868 2532 futura
884 2513 938 2532 erat
958 2500 1124 2542 ineptissima.
1146 2505 1238 2532 Potius
1255 2504 1337 2544 igitur
1350 2503 1511 2532 credendum
1521 2523 1527 2534 ,
1537 2511 1569 2529 ex
1582 2498 1726 2539 pinguibus

188 2542 253 2570 saxis
266 2541 358 2570 solutis
367 2543 440 2569 oriri.

146 2583 178 2618 h]
199 2583 283 2610 Idem.
306 2583 438 2612 Melinum
450 2584 576 2619 (Meliam
587 2595 665 2614 vocat
685 2584 901 2624 Theophrastus)
922 2585 1038 2624 &ipsum
1047 2584 1188 2614 candidum
1199 2585 1235 2613 est
1246 2606 1252 2618 ,
1265 2584 1434 2623 optimumin
1446 2582 1528 2610 Insula
1539 2580 1625 2610 Melo,
1636 2588 1728 2608 autore

186 2622 308 2651 Plin.lib.
319 2634 398 2652 xxxv.
409 2634 466 2663 cap.
478 2636 517 2653 vr.
529 2630 553 2654 ἃ
565 2637 591 2654 vr
600 2638 617 2654 1.
640 2627 772 2654 Melinum
783 2627 903 2655 colorem
914 2628 1022 2654 Latinos
1033 2627 1138 2666 gilvum
1149 2625 1277 2664 appellare
1288 2625 1442 2653 testimonio
1451 2624 1485 2651 est
1496 2623 1601 2651 Servius
1622 2623 1728 2665 Geo'rg.

189 2674 239 2692 ιιι.
253 2668 277 2692 ὅ(
288 2664 388 2692 Gellius
399 2664 444 2693 lib.
455 2676 520 2693 xrrt.
533 2677 589 2705 cap.
603 2668 651 2695 ult.
674 2670 703 2694 In
721 2666 830 2695 floribus
849 2667 978 2706 proluteo
987 2667 1039 2695 dici
1049 2666 1232 2695 Dioscoridi&
1243 2667 1345 2694 caeteris
1355 2663 1537 2692 animadverti.
1558 2662 1607 2690 Sed
1617 2659 1732 2689 &Dios-

189 2705 274 2733 corid.
284 2704 330 2733 lib.
342 2715 366 2733 v.
379 2705 490 2733 ochram
500 2708 595 2746 probat
603 2706 712 2744 μηλίιίω
721 2707 807 2738 mas,
827 2708 940 2746 undique
950 2708 1048 2736 luteam
1060 2707 1207 2746 designans.
1229 2706 1358 2734 Meminit
1369 2704 1461 2732 Paulus
1473 2705 1494 2732 1.
1506 2706 1541 2732 C.
1552 2702 1675 2730 Pande&
1687 2700 1734 2746 lib.

191 2755 285 2773 xxxii.
294 2745 327 2774 de
337 2748 431 2785 Legat.
444 2757 491 2774 ιιι.
503 2749 592 2776 melini
603 2749 710 2777 coloris.
722 2750 755 2776 Et
767 2748 859 2776 Galen.
870 2748 917 2775 lib.
927 2758 961 2776 ιι.
970 2748 1002 2776 de
1014 2748 1153 2785 compotit.
1167 2747 1354 2774 medicament.
1366 2747 1446 2773 docet
1454 2754 1512 2782 quae
1524 2744 1646 2772 dicantur
1657 2741 1735 2768 melr-

189 2786 379 2825 naemplastra‚
400 2787 426 2814 in
436 2797 550 2826 quorum
561 2791 687 2818 coffione
695 2798 788 2828 aerugo
797 2787 964 2816 admiscetur.
985 2788 1173 2816 Existimantur
1183 2787 1313 2826 appellata
1323 2808 1330 2820 ,
1348 2785 1421 2826 quod
1431 2785 1541 2813 cotonei
1549 2784 1610 2812 mali
1618 2780 1732 2811 referant

192 2826 320 2854 colorem.
887 2838 889 2840 ’

151 2866 183 2899 ἰ]
222 2866 302 2894 Idem.
325 2871 362 2897 Ea
372 2870 417 2899 est,
428 2878 557 2908 quantum
568 2870 700 2904 conjicere
710 2868 822 2908 possum,
835 2879 914 2908 quam
925 2869 1021 2896 Veneri
1031 2877 1128 2896 terram
1140 2867 1249 2895 viridem
1259 2867 1398 2905 appellant.

153 2906 189 2939 k]
226 2905 306 2935 Idem.
327 2911 439 2938 Videtur
452 2911 517 2938 Plin.
529 2910 616 2939 nescio
627 2921 705 2948 quam
716 2913 786 2940 reste
797 2911 842 2938 Irb.
852 2920 932 2938 xxxv.
946 2919 1002 2948 cap.
1016 2916 1042 2936 6.
1053 2909 1078 2936 id
1086 2906 1192 2936 cerussx
1204 2906 1330 2937 tribuisse.

152 2945 185 2980 l]
223 2946 304 2975 Idem.
326 2952 562 2990 Auripigmentum
572 2951 662 2979 scribit
672 2952 737 2979 Plin.
749 2951 796 2980 lib.
808 2960 912 2979 xxxiii.
926 2959 1014 2988 cap.4.
1023 2950 1050 2977 in
1059 2949 1132 2988 Syria
1142 2947 1196 2976 fodi
1206 2949 1350 2985 pii’mribus
1360 2949 1385 2976 in
1395 2948 1494 2977 summa
1505 2948 1608 2978 tellure,
1619 2945 1674 2974 auri
1684 2951 1733 2971 co-

196 2985 253 3015 lore
263 3006 271 3021 ‚
289 2986 331 3018 sed
339 2988 436 3031 fragili,
445 2992 561 3033 lapidum
570 2991 743 3033 specularium
752 2992 842 3022 modo.
864 2993 928 3021 Non
938 2999 992 3019 tam
1002 2987 1107 3020 differre
1117 2988 1132 3018 a
1143 2990 1305 3021 Sandaracha
1314 2989 1412 3032 reipsa,
1422 3000 1500 3031 quam
1511 2990 1612 3020 colore,
1622 2985 1732 3054 11ίὰζᾶῐὲιὲ

1723 3040 1732 3054 ⁴
