2023 3162
284 66 332 97 30
615 33 813 88 LE0N1⁸s
858 47 1138 85 Bmmsw
1186 58 1244 84 ni:
1283 46 1539 85 ALBERTls

280 120 427 170 losque
419 131 456 157 in
466 118 598 156 chartis
611 119 866 162 conjicientes,
882 126 961 153 tum
974 126 1095 153 totam
1105 114 1316 154 historiam,
1329 126 1409 153 tum
1422 114 1573 164 singulas
1584 115 1747 164 ejusdem
1758 116 1870 156 histo

278 179 464 227 rixpartes
476 173 840 216 commentabimur,
869 171 1083 221 amicosque
1105 182 1259 210 omnes,
1283 173 1319 208 in
1338 184 1379 208 ea
1391 183 1447 209 re,
1473 171 1721 210 consulemus.
1752 175 1869 212 Deni

277 244 350 283 que
373 231 501 269 onmia
513 230 609 280 apud
621 241 690 266 nos
709 230 758 265 ita
769 228 1020 278 praemeditata
1037 227 1105 264 css'e
1116 226 1416 271 elaborabimus,
1435 236 1475 263 ut
1485 226 1600 263 nihil'
1592 240 1629 264 in
1641 240 1753 278 opere
1771 229 1867 267 futu-

277 301 358 326 rum
371 287 433 332 sit,
453 286 558 336 quod
570 297 651 321 non
663 286 827 335 optime,
838 283 956 332 quaid
968 283 1009 321 fit
1020 295 1120 334 parte
1138 282 1363 327 locandum⁷
1372 283 1632 332 intelligamus,
1655 286 1820 337 Qoque
1832 285 1870 321 id

276 346 411 381 certius
424 353 634 380 teneamus,
658 340 862 377 modulos
855 352 892 376 in
902 340 1096 390 parallelos
1114 338 1293 376 dividere
1287 350 1345 383 juv
1349 338 1446 384 abit,
1470 349 1510 375 nt
1530 340 1566 374 in
1579 339 1735 388 publico
1755 352 1869 389 opere

276 401 420 442 cunsta,
432 399 544 435 veluti
554 409 598 434 ex
610 397 758 446 privatis
769 397 1052 433 commentariis
1064 395 1186 440 duaa,
1199 394 1269 432 suis
1281 394 1424 432 sedibus
1438 395 1688 432 collocentur.
1701 397 1745 432 In
1756 407 1870 444 opere

277 468 368 494 vero
396 452 625 504 perficiendo
656 464 738 489 eam
760 451 990 501 diligentiam
1008 451 1287 490 adhibebimus,
1313 463 1395 499 quae
1416 450 1458 488 fit
1480 451 1680 492 coniumsta
1696 450 1874 488 celeritati

277 511 426 561 agendi,
449 521 560 558 quam
574 520 695 557 neque
707 507 855 545 taedium
877 505 898 543 ἐι
917 506 1180 558 prosequendo
1201 506 1401 546 deterreat,
1424 519 1546 556 neque
1570 506 1750 556 cupiditas
1762 505 1872 556 perfi-

277 566 397 605 ciendi
411 567 626 615 praecipitet.
657 563 929 601 lnterlaxandus
944 563 1131 600 interdum
1144 564 1287 612 negotii
1299 562 1408 600 labor
1420 562 1481 605 est,
1493 562 1785 612 recreandusque
1797 563 1874 599 ani-

275 634 360 660 mus
374 648 382 661 ‚
406 620 576 670 nequeid
597 621 779 669 agendum
792 619 896 668 quod
908 619 1073 669 plerique
1084 618 1246 663 faciunt,
1268 629 1310 656 ut
1330 619 1432 669 plura
1443 629 1556 669 opera
1575 616 1773 656 assumant,
1794 617 1872 655 hoc

275 679 468 716 ordiantur
492 707 501 721 ‚
529 676 605 713 hoc
625 676 845 713 inchoatum
868 686 982 723 atque
1002 674 1265 726 imperfeihim
1294 674 1477 720 abjiciant.
1515 674 1586 710 Sed
1605 687 1688 723 qua:
1711 676 1874 724 coeperis

275 746 389 784 opera
409 762 417 777 ‚
449 745 492 770 ea
511 733 619 769 omni
645 744 689 768 ex
711 743 812 783 parte
840 730 998 782 perfecta
1019 730 1202 767 reddenda
1228 730 1320 767 sunt.
1355 730 1541 774 Cuidam,
1561 742 1646 766 cum
1667 731 1873 778 imaginem

275 789 497 833 ostenderet,
516 789 669 832 dicenti,
683 788 792 824 Hanc
806 787 928 824 modo
938 787 1057 836 pinxi:
1079 786 1266 838 respondit
1279 786 1447 836 Apelles:
1467 797 1502 823 te
1513 786 1665 834 quidem
1676 786 1874 823 tacenteid

272 845 355 883 sane
368 843 602 896 perspicuum
612 844 682 888 est,
703 843 841 892 quin&
855 844 993 886 miror,
1015 843 1093 878 no'n
1112 844 1235 891 plures
1255 841 1514 888 hujuscemodi
1535 843 1645 879 abste
1669 840 1736 878 effe
1748 842 1872 892 pictas.

274 902 364 940 Vidi
377 913 451 950 ego
463 901 607 950 aliquos
618 910 698 937 tuin
711 900 869 950 pistores
881 909 990 945 atque
1002 896 1203 946 sculptores
1217 925 1226 941 ,
1246 908 1328 933 tum
1340 897 1528 935 Rhetores
1541 900 1577 935 ὃς
1591 898 1738 937 Poetas,
1753 896 1779 933 fi
1792 899 1872 947 qui,

273 957 395 994 nostra
409 967 513 993 :etate
526 986 535 1000 ‚
555 966 616 993 aut
636 954 826 990 Rhetores
836 963 897 990 aut
918 953 1044 989 Poetae
1057 951 1362 1014 appellandisunt
1374 981 1384 996 ‚
1404 953 1572 1003 flagranti
1584 953 1703 991 studio
1715 953 1872 1002 aliquod

274 1024 451 1063 opusagf
433 1013 554 1055 gredi,
575 1009 776 1061 quipostea
793 1008 884 1045 dum
899 1008 1008 1045 ardor
1029 1009 1108 1044 ille
1102 1019 1239 1057 inoenii
1250 1007 1460 1053 deferbuit
1454 985 1703 1046 Dinchoatum
1716 1020 1760 1046 ac
1780 1009 1872 1048 rude

274 1080 369 1119 opus
390 1067 577 1109 deserunt,
597 1077 672 1103 nov
677 1076 773 1114 aque
797 1063 998 1127 cupiditate
1017 1063 1115 1100 aliud
1134 1062 1266 1112 agendi
1287 1064 1332 1100 ad
1351 1062 1549 1101 novissima
1569 1063 1636 1102 sese
1657 1064 1872 1104 conferunt:

273 1134 368 1173 quos
380 1135 452 1171 ego
465 1122 639 1159 homines
654 1121 825 1172 profee'io
845 1122 1025 1171 vitupero
1059 1120 1163 1156 Nam
1184 1120 1306 1156 omnis
1327 1120 1389 1169 qui
1404 1119 1463 1157 sua
1484 1119 1670 1170 posteris„
1648 1130 1748 1158 orata
1762 1122 1798 1158 ὅ(
1811 1133 1874 1158 ac-

273 1188 382 1229 cepta
399 1178 479 1215 fore
498 1189 610 1228 opera
622 1177 776 1226 cupiunt
789 1202 797 1216 ,
820 1178 945 1214 multo
957 1186 1042 1212 ante
1056 1174 1224 1212 meditari
1245 1186 1340 1226 opus
1353 1186 1507 1227 oportet
1519 1205 1528 1219 ‚
1550 1176 1656 1224 quod
1669 1176 1782 1213 multa
1793 1176 1874 1214 dili-

270 1236 392 1284 gentia
413 1233 619 1284 perfeetum
639 1231 804 1269 reddant.
835 1232 1031 1281 Siquidem
1050 1243 1130 1269 non
1149 1232 1277 1282 paucis
1295 1232 1334 1267 in
1351 1232 1460 1270 rebus
1480 1231 1554 1283 ipsa
1573 1231 1761 1281 diligentia
1774 1243 1874 1282 grata

271 1302 352 1328 non
365 1292 489 1327 minus
503 1288 564 1328 cst,
577 1300 691 1338 quam
703 1300 820 1325 omne
831 1289 1036 1338 ingenium.

327 1346 400 1383 Sed
411 1345 559 1382 vitanda
569 1345 618 1382 est
630 1343 807 1394 superflua
819 1345 880 1382 illa
893 1369 901 1383 ,
923 1355 963 1381 ut
974 1345 1024 1380 ita
1037 1344 1183 1392 loquar,
1196 1342 1401 1393 superstitio
1423 1355 1573 1388 eorum,
1586 1344 1651 1392 qui
1662 1343 1754 1381 dum
1765 1346 1874 1382 omni

273 1403 367 1439 vitio
378 1400 438 1439 sua
449 1403 597 1451 penitus
609 1412 732 1438 carere
745 1429 755 1444 ‚
769 1402 806 1437 ὅ(
819 1401 928 1437 nimis
939 1400 1057 1450 polita
1068 1396 1134 1436 effe
1147 1400 1297 1438 volunt,
1319 1401 1420 1448 prius
1433 1401 1640 1437 contritum
1659 1411 1755 1451 opus
1767 1410 1873 1437 vetu-

272 1457 360 1495 state
370 1456 559 1502 efficiunt,
580 1468 694 1505 quam
717 1454 931 1493 absolutum
952 1454 1004 1492 fit.
1035 1456 1294 1504 Protogenem
1314 1453 1409 1493 soliti
1429 1466 1532 1493 erant
1555 1456 1762 1505 vituperare
1780 1457 1873 1493 anti-

271 1515 337 1563 qui
350 1514 522 1564 pictores,
537 1512 641 1562 quod
655 1511 810 1548 nesciret
822 1523 975 1549 manum
986 1511 1007 1547 a
1018 1512 1142 1549 tabula
1154 1523 1340 1549 amovere.
1373 1512 1513 1549 Merito
1523 1512 1558 1548 id
1569 1511 1741 1561 quidem:
1767 1512 1873 1550 Nam

271 1571 401 1606 conari
412 1568 492 1606 sane
504 1577 658 1620 oportet
672 1594 680 1607 ‚
703 1577 743 1604 ut
753 1579 822 1617 pro
833 1568 972 1618 ingenii
982 1568 1118 1605 viribus
1131 1594 1138 1607 ‚
1152 1579 1338 1617 quantum
1352 1566 1400 1606 sat
1409 1566 1450 1604 sit
1465 1593 1474 1608 ,
1498 1567 1687 1618 diligentia
1696 1567 1802 1604 rebus
1813 1566 1874 1604 ad-

271 1624 454 1663 hibeatur.
488 1625 558 1661 Sed
570 1625 608 1660 in
620 1624 728 1660 omni
748 1636 786 1660 re
799 1624 879 1674 plus
897 1624 990 1661 velle
1003 1634 1117 1674 quarn
1139 1625 1198 1662 vel
1210 1622 1342 1674 possis,
1366 1625 1425 1662 vel
1438 1623 1588 1668 deceat,
1612 1625 1810 1673 pertinacis
1822 1622 1873 1659 est

271 1682 423 1731 ingenii,
435 1692 512 1718 non
524 1681 721 1729 diligentis.
746 1681 848 1729 Ergo
862 1679 1054 1718 moderata
1064 1679 1253 1729 diligentia
1265 1680 1375 1717 rebus
1387 1680 1594 1717 adhibenda
1603 1679 1652 1717 est
1662 1707 1670 1719 ,
1684 1680 1872 1728 amicique

273 1736 489 1774 consulendi
502 1735 598 1773 sunt:
619 1736 711 1784 quin
723 1735 899 1786 &inipso
911 1748 1026 1786 opere
1044 1736 1268 1786 exequendo
1287 1747 1422 1773 omnes
1435 1735 1565 1787 paffim
1582 1736 1803 1786 spestatores
1813 1746 1870 1770 re-

273 1792 435 1842 cipiendi
455 1792 674 1830 &audiendi
696 1790 787 1829 sunt.
822 1792 883 1829 Sic
901 1794 1002 1830 enim
1024 1793 1174 1842 pistoris
1192 1804 1287 1844 opus
1299 1792 1531 1830 multitudini
1542 1801 1686 1841 gratum
1702 1790 1870 1828 futurum

272 1847 332 1884 est.
363 1848 463 1896 Ergo
477 1847 725 1884 multitudinis
745 1846 935 1885 censuram
956 1850 994 1886 ὅ(
1013 1849 1191 1893 judicium
1203 1860 1285 1886 tum
1298 1861 1379 1885 non
1392 1847 1599 1898 aspernetur
1612 1874 1621 1889 ‚
1644 1858 1733 1884 cum
1746 1844 1869 1883 adhuc

272 1900 473 1939 satisfacere
485 1904 729 1951 opinionibus
742 1904 860 1941 liceat.
890 1903 1066 1954 Apellem
1079 1906 1182 1951 ajunt
1192 1905 1276 1955 post
1286 1904 1450 1942 tabulam
1464 1903 1613 1940 solitum
1624 1903 1775 1946 latitare,
1789 1913 1869 1950 quo

271 1957 635 1995 &visentesliberius
648 1956 790 1997 dicere,
820 1961 856 1995 ὅ(
871 1960 943 2008 ipse
955 1959 1146 1997 honestius
1164 1961 1253 1998 vitia
1264 1959 1313 1995 sui
1325 1960 1448 2008 operis
1468 1959 1685 1997 recitantes,
1711 1957 1868 1994 audiret.

269 2013 429 2050 Nostros
450 2023 541 2061 ergo
562 2012 721 2062 pistores
739 2012 862 2062 palam
883 2016 920 2050 ὅ(
937 2014 1063 2050 audire
1081 2013 1209 2063 saepius
1239 2016 1277 2050 &
1297 2025 1430 2063 rogare
1450 2025 1584 2050 omnes
1604 2013 1694 2062 quid
1711 2013 1869 2050 sentiant

270 2069 366 2107 volo
379 2098 389 2113 ‚
414 2066 725 2118 quandoquidem
743 2067 779 2104 id
790 2079 878 2105 cum
895 2068 940 2106 ad
953 2078 1070 2105 certas
1091 2081 1168 2113 res,
1189 2079 1271 2106 tum
1291 2069 1335 2106 ad
1357 2071 1510 2118 gratiam
1531 2069 1664 2118 pictori
1684 2079 1870 2119 aucupan-

270 2124 355 2162 dam
366 2125 474 2162 valet.
507 2124 635 2160 Nemo
649 2124 749 2159 enirn
761 2123 810 2160 est
821 2124 977 2172 quinon
995 2123 1060 2160 fibi
1071 2124 1254 2162 decorum
1272 2134 1380 2174 putet
1391 2149 1400 2162 ‚
1421 2123 1522 2162 suam
1534 2126 1571 2161 in
1582 2126 1710 2162 alienis
1727 2124 1868 2162 labori-

269 2181 340 2218 bus
350 2180 566 2217 sententiam
578 2177 754 2229 proferre.
787 2180 892 2216 Tum
905 2180 1061 2216 minime
1073 2180 1278 2218 verendum
1291 2180 1360 2220 est,
1384 2192 1431 2217 ne
1443 2180 1739 2231 vituperatorurn
1760 2180 1796 2217 δε
1813 2182 1869 2218 in-

268 2236 446 2273 vidorum
466 2235 646 2281 judicium
666 2233 835 2272 laudibus
844 2236 995 2286 pistoris
1006 2238 1211 2286 quicquam
1222 2235 1333 2286 possit
1344 2236 1501 2288 decerpe
1508 2237 1750 2287 re.Perspicua
1761 2237 1867 2274 enim

269 2303 313 2328 ac
327 2290 565 2329 celeberrima
582 2291 631 2327 est
649 2291 889 2340 pistorislaus
903 2320 913 2335 ‚
934 2291 1178 2342 dicacemque
1199 2292 1326 2329 testem
1346 2292 1466 2343 ipsum
1486 2292 1748 2343 bene-pictum
1768 2304 1867 2342 opus

270 2346 394 2384 habet.
425 2348 526 2395 Ergo
544 2358 678 2383 omnes
691 2346 831 2387 audiat,
855 2346 1057 2397 secumque
1079 2348 1152 2399 ipse
1164 2360 1243 2385 tem
1261 2349 1362 2399 prius
1375 2348 1528 2399 pensitet
1547 2359 1658 2398 atque
1679 2349 1864 2385 emender.

268 2403 417 2440 Deinde
439 2413 526 2438 cum
548 2414 681 2439 omnes
701 2403 880 2448 audierit,
900 2404 1134 2454 peritioribus
1153 2414 1288 2455 pareat.
1321 2404 1414 2442 Haec
1435 2405 1545 2442 habui
1567 2417 1647 2454 quae
1659 2404 1705 2442 de
1724 2404 1864 2454 piCiura

266 2458 321 2495 his
335 2458 618 2495 commentariis
630 2457 815 2496 referrem.
839 2459 891 2497 Ea
904 2458 928 2495 fi
939 2458 1121 2507 ejusmodi
1132 2460 1211 2498 sunt
1222 2470 1261 2497 ut
1272 2460 1477 2510 pictoribus
1490 2460 1743 2498 commodum
1754 2470 1864 2509 atque

267 2511 467 2552 utilitatem
480 2514 643 2563 aliquam
658 2512 830 2559 afferant,
842 2514 917 2552 hoc
930 2514 1164 2579 potissimum
1175 2515 1349 2554 laborum
1359 2528 1533 2554 meorum
1545 2512 1739 2566 praemium
1751 2526 1861 2564 expe

266 2571 350 2614 Oto,
365 2580 404 2608 ut
416 2569 548 2607 faciem
570 2581 695 2608 meam
714 2572 751 2606 in
770 2570 838 2607 suis
858 2570 1014 2608 historiis
1031 2573 1194 2622 pingant
1215 2584 1315 2621 quo,
1335 2573 1422 2609 illos
1432 2584 1622 2610 memores
1641 2571 1861 2609 beneficii&

265 2637 389 2674 gratos
401 2626 494 2671 effe,
507 2638 550 2663 ac
564 2638 624 2662 me
647 2627 730 2662 artis
743 2625 946 2663 studiosum
958 2627 1058 2664 fuiffe
1061 2628 1233 2678 ‚posteris
1246 2627 1455 2678 praedicent.
1486 2629 1524 2666 Si
1533 2640 1624 2666 vero
1625 2625 1861 2678 expectatio-

267 2681 375 2717 nibus
397 2694 532 2718 eorum
556 2682 713 2719 minime
733 2681 906 2727 satisfeci,
928 2695 1008 2720 non
1020 2693 1160 2727 tamen,
1174 2684 1278 2733 quod
1291 2694 1432 2722 tantam
1445 2685 1595 2733 acroredi
1607 2696 1684 2721 rem
1697 2680 1769 2719 aufi
1779 2680 1859 2717 fue-

263 2739 393 2779 rimus„
411 2739 634 2788 vituperent.
647 2739 770 2783 Nam,
783 2738 828 2778 fi,
845 2739 951 2788 quod
968 2740 1083 2776 laudis
1096 2740 1146 2777 est
1167 2741 1317 2784 conari,
1336 2740 1372 2776 id
1383 2738 1736 2791 perficerenostrum
1756 2737 1860 2785 inge-

264 2794 369 2830 nium
381 2795 558 2840 nequivit,
574 2795 811 2832 meminerint
827 2805 965 2839 tamen,
975 2794 1090 2833 solere
1102 2797 1139 2833 in
1150 2797 1320 2833 maximis
1332 2797 1439 2833 rebus
1452 2795 1548 2833 laudi
1564 2794 1645 2838 effe,
1659 2793 1694 2829 id
1706 2791 1859 2829 voluiss'e

268 2847 374 2898 quod
385 2846 648 2886 difficillimum
661 2849 757 2887 esset.
788 2850 962 2888 Aderunt
977 2850 1122 2889 fortasse
1134 2854 1198 2901 qui
1209 2851 1329 2889 nostra
1349 2853 1437 2890 viria
1449 2850 1646 2888 emendent
1656 2876 1666 2892 ,
1687 2850 1723 2885 ὃ(
1736 2850 1773 2884 in
1786 2847 1858 2885 hac

267 2901 548 2956 proestantissima
558 2906 593 2942 ὅ(
605 2904 812 2954 dignissima
820 2918 858 2944 re
871 2935 881 2953 ‚
902 2907 1018 2958 longe
1029 2909 1148 2958 magis
1158 2919 1271 2959 quam
1281 2919 1352 2946 nos
1361 2905 1499 2958 possint
1507 2903 1575 2942 effe
1587 2903 1788 2955 pictoribus
1798 2904 1856 2941 ad-

1671 2969 1853 3000 iumento,
