2023 3162
296 91 314 121 s
661 56 1490 112 M.V1·r1<'uv111’02210N1s

294 150 405 187 catio.
437 145 738 199 Opportunitatis
749 169 757 182 ,
789 141 962 179 omnium
981 139 1161 176 locorum
1181 138 1227 175 ad
1245 137 1443 188 publicum
1463 137 1567 176 usum
1587 139 1775 190 dispositio
1786 169 1797 185 ,
1826 141 1882 179 uti

295 215 442 257 portuS,
454 203 534 240 sora
548 231 557 245 ‚
576 197 909 253 porticus,balnea‚
921 195 1078 239 theatra,
1089 194 1405 232 inambulationes
1416 220 1424 234 ‚
1439 204 1644 245 caeteraque
1654 209 1734 245 quae
1752 197 1882 235 iisdem

295 261 544 299 rationibusiii
557 257 712 309 publicis
721 252 952 301 designantur
960 251 1068 287 locis.
1101 250 1193 287 Haec
1203 260 1331 287 autem
1348 252 1399 287 ita
1416 249 1496 286 fieri
1514 251 1650 289 debent
1661 278 1669 292 ,
1695 262 1735 289 ut
1747 253 1880 290 habeaa

295 328 355 354 tur
365 318 458 353 ratio
468 314 650 351 firmitatis
662 340 671 354 ‚
689 309 854 346 utilitatis
866 333 874 346 ,
897 305 1106 344 venustatis.
1137 306 1335 343 Firmitatis
1346 307 1416 343 etit
1426 305 1549 342 habita
1567 308 1662 344 ratio
1674 320 1761 345 cum
1772 308 1882 347 fuerit

293 372 629 409 fundamentorum
641 366 686 402 ad
696 363 853 401 solidum
863 359 1042 412 depteffio
1053 391 1063 407 ,
1074 364 1112 399 ὃς
1123 373 1168 398 ex
1179 373 1330 411 quaque
1342 363 1495 398 materia
1505 363 1702 412 copiarum
1712 363 1788 401 fine
1796 376 1882 404 ava-

295 429 376 464 ritia
387 428 542 476 diligens
556 423 702 461 electio.
714 418 900 457 Utilitatis
912 417 1252 461 autem‚emendata
1263 419 1300 455 &
1309 417 1654 467 fiueimpeditione‚
1672 420 1735 464 [i]
1749 420 1812 456 usu
1822 421 1884 457 Io-

299 494 433 520 corum
446 511 455 526 ‚
476 478 662 531 dispofitio
675 505 684 520 ‚
703 478 741 512 δ(
753 474 798 511 ad
809 476 981 523 regiones
992 473 1042 510 sui
1054 472 1229 522 cujusque
1252 475 1394 522 generis
1405 483 1490 522 apta
1502 472 1539 509 &
1551 473 1762 512 commoda
1770 475 1882 513 distri-

297 539 416 576 butio.
437 535 647 574 Venustatis
657 544 761 576 vero,
773 543 862 567 cum
872 530 980 567 fuerit
990 532 1112 580 operis
1120 528 1258 579 species
1269 540 1369 579 grata
1381 531 1419 567 ὃ(
1429 528 1589 579 elegans,
1601 529 1882 570 membrorum-

158 587 287 614 ΛΜΨ·
300 606 375 645 que
387 589 627 630 commensus
640 588 747 636 justas
757 586 890 625 habeat
898 586 1195 635 symmetriarum
1209 587 1386 624 rationes.

158 630 262 654 cmatio-

158 677 208 694 nes.

946 698 981 735 C
1010 711 1034 735 Λ
1061 709 1094 735 1’.
1151 698 1237 737 IV.

336 794 420 845 De
433 789 650 843 electione
660 787 871 840 locormn
881 783 1158 860 salubrium
1175 783 1260 847 ,Εἴ
1270 804 1368 858 quae
1385 782 1534 856 obsint
1541 782 1850 860 ſsclubritati‚

814 865 860 913 ὅ
874 862 976 909 unde
992 863 1140 930 lungina
1152 866 1366 929 capiantur.

342 978 476 1030 Nipfis
486 989 577 1016 vero
596 976 791 1014 moenibus
812 986 854 1011 ea
865 983 972 1012 erunt
992 974 1184 1024 principia.
1214 974 1380 1011 Primum
1404 974 1539 1012 electio
1561 974 1637 1011 loci
1647 974 1886 1012 saluberrimi.

343 1039 373 1074 Is
395 1046 520 1073 autem
538 1034 605 1070 erit
626 1031 791 1070 excelsus
813 1033 850 1068 &
870 1042 949 1067 non
967 1029 1186 1074 nebulosus,
1206 1041 1287 1066 non
1305 1029 1517 1079 pruinosus,
1539 1030 1784 1080 regionesque
1796 1030 1888 1068 coeli

301 1091 466 1143 spectans
485 1101 606 1138 neque
623 1084 791 1126 aestuosas¹
811 1099 933 1136 neque
950 1085 1099 1136 frigidas
1111 1114 1121 1129 ,
1140 1085 1200 1122 sed
1220 1095 1454 1136 temperatas.
1485 1085 1632 1123 Deinde
1644 1086 1670 1123 st
1691 1085 1888 1125 evitabitur

301 1147 465 1199 palustris
479 1146 658 1183 vicinitas.
682 1143 786 1180 Cum
803 1145 906 1180 enim
925 1144 1020 1180 autae
1039 1142 1232 1180 matutina:
1251 1154 1339 1179 cum
1356 1142 1445 1178 Sole
1465 1144 1610 1179 oriente
1629 1142 1675 1180 ad
1695 1142 1891 1193 oppidum

299 1204 534 1254 pervenient,
553 1200 589 1237 δε
607 1201 650 1236 iis
662 1208 753 1236 ortae
773 1198 917 1236 nebulae
938 1198 1202 1247 adjungentur,
1224 1197 1436 1248 spiritusque
1456 1198 1652 1235 bestiarum
1672 1197 1891 1249 palustrium

299 1269 503 1298 venenatos
513 1268 602 1293 cum
613 1254 747 1292 nebula
758 1256 899 1292 mixtos
910 1255 950 1291 in
966 1253 1221 1292 habitatorum
1232 1254 1511 1304 corporaflatus
1521 1253 1685 1304 spargent
1695 1283 1706 1299 ‚
1726 1252 1892 1291 efficient

298 1316 431 1353 locum
448 1312 688 1364 pestilentem.
720 1312 829 1350 Item,
850 1309 876 1348 fi
893 1309 1097 1348 secundum
1117 1321 1219 1347 mare
1236 1320 1343 1347 erunt
1363 1309 1828 1360 moenia,spe6tabuntque
1844 1308 1892 1346 acl

299 1371 518 1409 Meridiem,
535 1378 597 1405 aut
610 1367 655 1404 ad
665 1366 916 1404 Occidentem
928 1395 938 1411 ‚
959 1378 1040 1403 non
1059 1376 1167 1404 erunt
1186 1365 1339 1404 salubria
1352 1395 1362 1411 ‚
1383 1368 1470 1415 quia
1491 1379 1558 1416 per
1574 1366 1728 1404 aestatem
1741 1366 1888 1403 coelum

134 1392 219 1493 ρ
301 1425 552 1464 Meridianum
564 1425 653 1470 Sole
670 1424 862 1459 exoriente
872 1421 1030 1462 calescit,
1043 1421 1196 1460 meridie
1206 1422 1319 1460 ardet.
1336 1423 1442 1467 Item,
1453 1422 1558 1471 quod
1567 1421 1701 1472 spefitat
1711 1420 1757 1457 ad
1775 1420 1894 1457 Occi.

300 1481 466 1525 dentem,
479 1482 566 1518 Sole
577 1489 713 1517 exorto
724 1478 874 1529 tepescit
885 1507 895 1523 ‚
914 1478 1066 1515 meridie
1077 1479 1173 1516 calet
1185 1508 1195 1523 ‚
1214 1477 1364 1529 vespere
1375 1478 1502 1516 fervet.
1532 1479 1653 1528 Igitur
1670 1477 1892 1514 mutationi-

301 1537 370 1574 bus
382 1538 515 1573 caloris
527 1536 563 1572 δ(
575 1536 863 1584 refrigerationis
875 1564 885 1579 ‚
905 1546 1069 1585 corpora
1080 1560 1088 1574 ‚
1108 1547 1189 1584 quae
1202 1535 1294 1572 iniis
1312 1535 1408 1572 locis
1427 1533 1523 1578 sunt,
1532 1527 1714 1571 vitiantur.
1732 1530 1821 1568 Hoc
1831 1542 1893 1571 au-

301 1602 380 1628 tem
391 1592 480 1628 licet
489 1592 785 1637 animadvertere
795 1592 910 1628 etiam
921 1603 966 1628 ex
978 1592 1020 1627 iis
1032 1620 1042 1635 ‚
1051 1603 1133 1640 quae
1143 1603 1223 1629 non
1234 1591 1255 1628 s
1249 1600 1314 1629 unt
1327 1592 1512 1628 animalia.
1544 1592 1606 1636 [a]
1625 1591 1664 1626 In
1675 1588 1776 1625 cellis
1787 1589 1892 1625 enim

301 1649 448 1685 vinatiis
465 1647 570 1684 teffls
584 1675 593 1690 ‚
612 1648 752 1683 lumina
771 1659 887 1684 nemo
909 1649 1009 1699 capit
1021 1649 1041 1685 a
1055 1647 1216 1685 Meridie
1227 1674 1235 1687 ‚
1249 1659 1318 1684 nec
1337 1648 1382 1685 ab
1401 1646 1629 1690 Occidente,
1641 1644 1699 1681 sed
1711 1643 1731 1680 a
1741 1643 1892 1696 Septen-

301 1705 423 1739 trione
437 1731 447 1747 ,
458 1703 566 1750 quod
577 1714 618 1739 ea
628 1704 732 1751 regio
743 1702 849 1739 nullo
859 1713 1032 1753 tempore
1045 1705 1278 1742 mutationes
1288 1705 1432 1754 recipit,
1442 1703 1501 1739 sed
1513 1701 1563 1739 est
1575 1700 1681 1738 firma
1690 1708 1890 1751 perpetuO,

160 1780 216 1808 Lib.
236 1783 261 1807 6,
304 1760 339 1795 ὅ(
354 1757 610 1794 immutabilis.
641 1759 730 1795 ldeo
741 1759 850 1795 etiam
862 1758 898 1795 ὃ(
910 1760 1075 1808 granaria
1087 1785 1097 1801 ,
1118 1771 1201 1808 quae
1211 1759 1256 1796 ad
1268 1759 1365 1796 Solis
1385 1758 1529 1796 cursum
1548 1757 1723 1807 specstanss
1745 1755 1893 1793 bonita-

159 1830 179 1848 ι.
190 1832 218 1853 9.
304 1824 381 1851 tem
392 1815 470 1850 cito
480 1822 635 1850 mutant,
649 1810 880 1861 obsoniaque
891 1816 928 1851 ὃ(
940 1812 1002 1860 [h]
1012 1827 1130 1864 poma
1140 1844 1150 1858 ,
1170 1828 1250 1863 quae
1261 1827 1342 1851 non
1352 1817 1389 1851 in
1409 1826 1453 1851 ea
1462 1814 1552 1850 coeli
1567 1821 1670 1863 parte
1680 1820 1892 1862 ponuntur,

223 1879 227 1883 ·
303 1882 386 1919 quae
399 1868 449 1906 est
459 1867 717 1906 aversaaSolis
728 1868 936 1912 cursu‚n0n
955 1869 1017 1905 diu
1037 1869 1232 1907 servantur.
1263 1870 1364 1906 Nam
1385 1867 1530 1919 semper
1539 1869 1643 1905 calor
1665 1879 1755 1905 curn
1775 1879 1891 1906 exco-

300 1926 394 1974 quit,
409 1927 468 1971 [c]
480 1923 625 1961 aeribus
634 1923 852 1961 firmitatem
863 1925 986 1973 eripit:
1006 1925 1042 1962 ὃ(
1054 1925 1256 1975 vaporibus
1266 1924 1412 1962 fervidis
1424 1924 1623 1974 exugendo
1632 1926 1812 1962 naturales
1824 1925 1892 1960 vir-

297 1989 397 2018 tutes
409 2009 419 2024 ,
440 1979 598 2017 diss‘olvit
608 1991 668 2016 eas
678 2009 689 2024 ,
706 1981 743 2016 ὅ(
756 1979 900 2016 fervore
911 1979 1174 2018 mollescentes
1186 1979 1517 2018 efficitimbecillas
1534 2010 1544 2025 ‚
1564 1990 1605 2017 ut
1617 1981 1729 2018 etiam
1740 1982 1778 2017 in
1789 1978 1891 2017 ferro

297 2036 650 2074 animadvertimus,
664 2034 770 2084 quod
779 2036 949 2083 quamvis
960 2045 1091 2073 natura
1101 2035 1142 2073 fit
1152 2036 1299 2076 durum,
1311 2038 1348 2072 in
1360 2035 1576 2073 fornacibus
1586 2036 1632 2072 ab
1643 2038 1737 2085 ignis
1750 2045 1889 2085 vapore

296 2090 587 2141 percalefastum
606 2092 657 2127 ita
678 2088 883 2134 mollescit,
904 2093 1005 2129 utiin
1025 2103 1139 2129 omne
1158 2104 1272 2142 genus
1290 2091 1419 2129 formae
1438 2092 1593 2129 faciliter
1612 2090 1830 2129 fabricetur:
1850 2091 1889 2127 ὃ(

242 2171 248 2178 -
300 2146 400 2183 idem
411 2159 498 2184 cum
510 2147 625 2183 molle
637 2145 673 2181 δέ
685 2145 845 2184 candens
857 2146 907 2183 est
919 2175 929 2191 ‚
948 2146 973 2183 fi
983 2147 1215 2196 refrigeretur
1232 2148 1391 2185 tinstum
1401 2146 1533 2196 frigida
1544 2176 1555 2191 ‚
1576 2146 1774 2184 redurescit
1786 2148 1824 2184 <Sc
1835 2158 1892 2182 re-

301 2201 456 2238 stituitur
467 2203 504 2238 in
520 2203 709 2251 antiquam
721 2203 1001 2252 proprietatem,
1032 2203 1140 2239 Licet
1151 2205 1263 2240 etiam
1274 2202 1503 2240 considerare
1523 2203 1660 2239 baecita
1671 2203 1740 2241 effe
1752 2232 1763 2248 ‚
1782 2214 1828 2239 ex
1839 2212 1889 2237 eo

303 2256 408 2307 quod
418 2255 535 2294 aestate
548 2286 559 2302 ‚
579 2269 657 2294 non
666 2256 788 2295 solum
805 2259 842 2295 in
853 2257 1105 2308 pestilentibus
1123 2259 1237 2299 locis,
1258 2259 1319 2295 scd
1337 2261 1450 2296 etiam
1469 2258 1736 2298 insalubribus,
1756 2257 1888 2294 omnia

1803 2324 1888 2349 cor-

298 2391 328 2425 i]
360 2392 453 2418 Codex
467 2391 593 2419 Arundel.
604 2391 661 2418 usus
672 2391 805 2424 locorum,
817 2396 868 2420 &c.
891 2403 949 2431 quae
957 2403 1011 2420 non
1022 2393 1058 2421 est
1069 2393 1268 2423 contemnenda
1277 2392 1374 2421 lectio:
1397 2394 1535 2422 emendata
1549 2391 1643 2430 &sine
1656 2391 1816 2429 impeditione
1826 2390 1887 2428 usm-

340 2431 451 2459 locorum
463 2431 580 2469 dispositio
590 2453 596 2462 ‚
611 2431 667 2466 &C-

298 2473 329 2507 a]
351 2471 508 2500 Philander:
534 2474 568 2500 Et
580 2472 648 2500 Plin.
661 2471 708 2500 lib.
722 2483 785 2501 xiv.
797 2482 820 2501 c.
833 2483 876 2509 25.
895 2473 986 2502 scribit
999 2473 1067 2503 Litus
1078 2475 1151 2503 cellae
1161 2474 1268 2503 vinariae
1278 2482 1322 2502 aut
1332 2471 1405 2502 certe
1425 2472 1546 2502 fenestras
1556 2471 1662 2501 obverti
1683 2474 1710 2502 in
1721 2471 1886 2513 Aquilonem

338 2521 474 2551 oportere,
487 2513 527 2540 vel
538 2514 615 2551 usquc
626 2513 651 2540 in
660 2522 786 2541 exortum
798 2515 1021 2552 aequinOGialem.
1043 2516 1092 2543 Sed
1102 2516 1137 2543 est
1149 2536 1156 2547 ‚
1176 2515 1247 2554 quod
1256 2514 1381 2543 hocloco
1394 2514 1563 2542 indicandum
1574 2514 1696 2543 duximus
1707 2536 1714 2546 ,
1727 2525 1780 2542 non
1791 2513 1836 2540 abs
1857 2521 1886 2539 re

339 2554 416 2581 cellas
427 2554 536 2581 vinarias
546 2554 629 2582 testas
638 2555 792 2582 Vitruvium
803 2551 904 2582 dixisse.
915 2555 1011 2583 Tradit
1021 2557 1093 2584 enim
1103 2564 1255 2583 memorato
1266 2556 1351 2594 capite
1361 2555 1469 2587 Plinius,
1478 2556 1576 2593 aliquas
1586 2565 1682 2593 gentes
1699 2556 1767 2583 vinis
1783 2553 1886 2582 coelum

339 2594 455 2631 praebere
465 2616 471 2625 ,
486 2594 549 2622 alibi
560 2604 624 2622 vero
639 2595 769 2632 impolitis
781 2596 858 2624 testis
875 2605 972 2623 arcere.
989 2596 1066 2634 Qin
1079 2600 1103 2625 &
1115 2597 1390 2634 Constantin.1mper.
1400 2617 1406 2627 ,
1418 2597 1504 2634 quiex
1514 2596 1648 2634 utriusque
1659 2597 1757 2635 linguae
1766 2594 1886 2622 auetori-

342 2635 389 2661 bus
402 2637 551 2670 μωπυνικῶ
562 2656 570 2665 ,
585 2635 611 2663 id
622 2635 657 2663 est
667 2656 674 2667 ‚
695 2636 727 2663 de
740 2634 911 2664 Auricultura
923 2635 1004 2665 libros
1015 2638 1113 2665 viointi
1123 2636 1221 2676 scripsst
1232 2659 1238 2670 ,
1251 2637 1302 2666 sive
1313 2636 1429 2676 quisquis
1440 2637 1474 2664 est
1487 2657 1493 2669 ‚
1507 2637 1552 2675 qui
1562 2637 1638 2674 iplius
1649 2638 1757 2664 nomine
1769 2634 1885 2662 concin-

338 2676 411 2702 navit
427 2676 500 2714 quod
519 2673 708 2705 circumfertur
720 2660 846 2705 voli-lmen
856 2697 863 2710 ,
879 2675 925 2704 lib.
935 2662 1097 2717 vu.c.1p³.'2.
1119 2676 1215 2707 fortius
1226 2678 1318 2706 vinum
1328 2677 1374 2706 sub
1391 2677 1436 2705 dio
1447 2698 1455 2708 ,
1473 2677 1558 2706 levius
1570 2687 1633 2706 vero
1643 2677 1690 2705 sub
1707 2676 1783 2704 te<sto
1795 2672 1884 2702 adser-

339 2724 393 2742 vari
424 2726 483 2743 raeci
506 2726 534 2744 lt.
1062 2741 1066 2745 .

294 2754 329 2790 b]
347 2726 503 2784 Philgnderp:
528 2760 569 2785 De
582 2757 668 2795 pomis
680 2757 808 2786 servandis
818 2757 886 2786 Plin.
897 2757 942 2786 lib.
953 2769 977 2787 v.
991 2769 1014 2788 c.
1025 2765 1065 2787 16.
1085 2757 1154 2787 hunc
1172 2759 1198 2786 in
1210 2759 1322 2787 modurn
1332 2758 1463 2797 praecipit.
1487 2758 1606 2786 Pomaria
1616 2757 1641 2784 in
1652 2756 1714 2784 loco
1730 2753 1830 2794 frigido
1850 2764 1881 2782 ac

336 2795 407 2823 ficco
426 2797 607 2830 comminuisti,
621 2799 851 2837 Septentrionibus
870 2797 992 2828 fenestras
1011 2799 1103 2828 sereno
1119 2800 1161 2828 die
1178 2808 1267 2839 patere
1279 2821 1285 2831 ,
1301 2799 1594 2837 Austrosspecularibus
1613 2808 1718 2830 arcere,
1738 2796 1882 2834 Aquilonis

336 2845 443 2875 quoque
454 2835 542 2866 afflatu
553 2849 633 2876 poma
644 2840 803 2878 deturpante
812 2840 895 2881 rugis.
915 2840 981 2869 Vide
994 2844 1104 2870 Varron.
1116 2840 1163 2868 lib.
1177 2852 1197 2869 1.
1207 2851 1312 2880 cap.59.
1330 2841 1376 2879 qui
1395 2840 1470 2868 locos
1488 2839 1534 2867 ubi
1549 2838 1713 2867 autumnales
1723 2835 1825 2865 ftustus
1835 2837 1882 2864 ad-

333 2876 468 2905 servantur
477 2879 655 2916 oporotliecas
666 2881 788 2918 appellat.

296 2917 327 2950 c]
350 2916 488 2945 Philandcr
501 2929 507 2943 :
531 2916 645 2946 Fortasse
655 2920 729 2947 locus
738 2921 781 2950 hic
791 2921 828 2950 ita
838 2930 891 2951 erat
906 2921 1034 2962 scriptus,
1053 2920 1169 2954 arabus.
1187 2930 1231 2952 aut
1241 2920 1259 2950 αὶ
1268 2920 1407 2958 corporibus
1416 2940 1423 2948 .
1440 2918 1519 2958 paulo
1530 2920 1602 2950 enim
1614 2918 1670 2958 post
1681 2918 1768 2957 inquit
1778 2939 1785 2951 ‚
1794 2919 1881 2945 omnia

337 2965 434 2995 corpora
442 2958 594 2996 calcrefiant
602 2959 732 2989 imbecilla.

1771 2999 1801 3033 a]
1813 2997 1878 3026 Edi·-
