<?xml version="1.0" encoding="UTF-8"?>
<!DOCTYPE html PUBLIC "-//W3C//DTD XHTML 1.0 Transitional//EN"
    "http://www.w3.org/TR/xhtml1/DTD/xhtml1-transitional.dtd">
<html xmlns="http://www.w3.org/1999/xhtml" xml:lang="en" lang="en">
 <head>
  <title>
</title>
<meta http-equiv="Content-Type" content="text/html;charset=utf-8" />
  <meta name='ocr-system' content='tesseract 3.04.00' />
  <meta name='ocr-capabilities' content='ocr_page ocr_carea ocr_par ocr_line ocrx_word'/>
</head>
<body>
  <div class='ocr_page' id='page_1' title='image "./vitruviipollioni00vitr_0312.png"; bbox 0 0 2023 3162; ppageno 0'>
   <div class='ocr_carea' id='block_1_1' title="bbox 273 90 1856 1921">
    <p class='ocr_par' dir='ltr' id='par_1_1' title="bbox 285 90 1410 142">
     <span class='ocr_line' id='line_1_1' title="bbox 285 90 1410 142; baseline 0 -10"><span class='ocrx_word' id='word_1_1' title='bbox 285 113 361 142; x_wconf 67' lang='lat'>252</span> <span class='ocrx_word' id='word_1_2' title='bbox 629 107 631 113; x_wconf 94' lang='lat'>·</span> <span class='ocrx_word' id='word_1_3' title='bbox 732 90 1410 132; x_wconf 73' lang='lat' dir='ltr'>MARC1ME1130M11</span> 
     </span>
    </p>

    <p class='ocr_par' dir='ltr' id='par_1_2' title="bbox 273 148 1856 446">
     <span class='ocr_line' id='line_1_2' title="bbox 273 148 1856 196; baseline -0.004 -3"><span class='ocrx_word' id='word_1_4' title='bbox 273 157 481 193; x_wconf 85' lang='lat' dir='ltr'>tervallorum</span> <span class='ocrx_word' id='word_1_5' title='bbox 500 154 661 187; x_wconf 83' lang='lat' dir='ltr'>rationem</span> <span class='ocrx_word' id='word_1_6' title='bbox 685 152 815 187; x_wconf 84' lang='lat' dir='ltr'>inituri,</span> <span class='ocrx_word' id='word_1_7' title='bbox 836 148 970 182; x_wconf 80' lang='lat' dir='ltr'>diesium</span> <span class='ocrx_word' id='word_1_8' title='bbox 991 159 1130 182; x_wconf 88' lang='lat' dir='ltr'>nurnero</span> <span class='ocrx_word' id='word_1_9' title='bbox 1152 149 1283 183; x_wconf 86' lang='lat' dir='ltr'>illorum</span> <span class='ocrx_word' id='word_1_10' title='bbox 1303 152 1517 196; x_wconf 71' lang='lat' dir='ltr'>quantitatem</span> <span class='ocrx_word' id='word_1_11' title='bbox 1530 154 1717 188; x_wconf 85' lang='lat' dir='ltr'>metiuntur.</span> <span class='ocrx_word' id='word_1_12' title='bbox 1746 153 1856 187; x_wconf 47' lang='lat' dir='ltr'>Nimia</span> 
     </span>
     <span class='ocr_line' id='line_1_3' title="bbox 273 198 1856 247; baseline -0.001 -6"><span class='ocrx_word' id='word_1_13' title='bbox 273 221 345 242; x_wconf 87' lang='lat' dir='ltr'>rum</span> <span class='ocrx_word' id='word_1_14' title='bbox 357 233 366 247; x_wconf 88' lang='lat'><em>,</em></span> <span class='ocrx_word' id='word_1_15' title='bbox 377 206 462 240; x_wconf 82' lang='lat' dir='ltr'>binis</span> <span class='ocrx_word' id='word_1_16' title='bbox 473 202 612 237; x_wconf 85' lang='lat' dir='ltr'>diesibus</span> <span class='ocrx_word' id='word_1_17' title='bbox 626 199 748 234; x_wconf 86' lang='lat' dir='ltr'>constat</span> <span class='ocrx_word' id='word_1_18' title='bbox 760 198 989 232; x_wconf 76' lang='lat' dir='ltr'>hemitonium.</span> <span class='ocrx_word' id='word_1_19' title='bbox 1012 207 1152 243; x_wconf 87' lang='lat' dir='ltr'>quatuor</span> <span class='ocrx_word' id='word_1_20' title='bbox 1164 222 1174 237; x_wconf 93' lang='lat'>‚</span> <span class='ocrx_word' id='word_1_21' title='bbox 1186 209 1296 232; x_wconf 88' lang='lat' dir='ltr'>tonus.</span> <span class='ocrx_word' id='word_1_22' title='bbox 1315 198 1439 238; x_wconf 88' lang='lat' dir='ltr'>decem,</span> <span class='ocrx_word' id='word_1_23' title='bbox 1453 199 1639 236; x_wconf 77' lang='lat' dir='ltr'>diatessaron</span> <span class='ocrx_word' id='word_1_24' title='bbox 1652 228 1662 243; x_wconf 85' lang='lat'>‚</span> <span class='ocrx_word' id='word_1_25' title='bbox 1675 207 1736 237; x_wconf 80' lang='lat' dir='ltr'>&amp;c-</span> <span class='ocrx_word' id='word_1_26' title='bbox 1767 206 1856 239; x_wconf 89' lang='lat' dir='ltr'>Hinc</span> 
     </span>
     <span class='ocr_line' id='line_1_4' title="bbox 273 245 1856 298; baseline -0.002 -7"><span class='ocrx_word' id='word_1_27' title='bbox 273 255 409 295; x_wconf 61' lang='lat' dir='ltr'>suetum,</span> <span class='ocrx_word' id='word_1_28' title='bbox 421 266 469 293; x_wconf 88' lang='lat' dir='ltr'>ut,</span> <span class='ocrx_word' id='word_1_29' title='bbox 481 251 502 285; x_wconf 86' lang='lat' dir='ltr'>si</span> <span class='ocrx_word' id='word_1_30' title='bbox 515 263 635 297; x_wconf 63' lang='lat' dir='ltr'>organa</span> <span class='ocrx_word' id='word_1_31' title='bbox 648 247 765 283; x_wconf 78' lang='lat' dir='ltr'>musica</span> <span class='ocrx_word' id='word_1_32' title='bbox 775 246 968 294; x_wconf 82' lang='lat' dir='ltr'>perficienda</span> <span class='ocrx_word' id='word_1_33' title='bbox 980 245 1078 281; x_wconf 79' lang='lat' dir='ltr'>essent</span> <span class='ocrx_word' id='word_1_34' title='bbox 1089 271 1099 287; x_wconf 88' lang='lat'>‚</span> <span class='ocrx_word' id='word_1_35' title='bbox 1119 247 1248 281; x_wconf 88' lang='lat' dir='ltr'>illorum</span> <span class='ocrx_word' id='word_1_36' title='bbox 1258 250 1290 281; x_wconf 90' lang='lat' dir='ltr'>in</span> <span class='ocrx_word' id='word_1_37' title='bbox 1303 247 1400 281; x_wconf 87' lang='lat' dir='ltr'>dieses</span> <span class='ocrx_word' id='word_1_38' title='bbox 1412 247 1600 284; x_wconf 81' lang='lat' dir='ltr'>divisionem</span> <span class='ocrx_word' id='word_1_39' title='bbox 1612 252 1748 298; x_wconf 75' lang='lat' dir='ltr'>primum</span> <span class='ocrx_word' id='word_1_40' title='bbox 1761 253 1856 289; x_wconf 87' lang='lat' dir='ltr'>susci—</span> 
     </span>
     <span class='ocr_line' id='line_1_5' title="bbox 275 291 1853 353; baseline -0.003 -13"><span class='ocrx_word' id='word_1_41' title='bbox 275 316 398 353; x_wconf 89' lang='lat' dir='ltr'>perent.</span> <span class='ocrx_word' id='word_1_42' title='bbox 430 305 512 350; x_wconf 66' lang='lat' dir='ltr'>Qr</span> <span class='ocrx_word' id='word_1_43' title='bbox 532 291 673 333; x_wconf 70' lang='lat' dir='ltr'>accurate</span> <span class='ocrx_word' id='word_1_44' title='bbox 695 295 763 330; x_wconf 84' lang='lat' dir='ltr'>fieri</span> <span class='ocrx_word' id='word_1_45' title='bbox 774 300 824 330; x_wconf 84' lang='lat' dir='ltr'>vix</span> <span class='ocrx_word' id='word_1_46' title='bbox 838 305 965 343; x_wconf 84' lang='lat' dir='ltr'>poterat</span> <span class='ocrx_word' id='word_1_47' title='bbox 977 319 986 335; x_wconf 86' lang='lat'>‚</span> <span class='ocrx_word' id='word_1_48' title='bbox 1006 294 1063 329; x_wconf 81' lang='lat' dir='ltr'>nisi</span> <span class='ocrx_word' id='word_1_49' title='bbox 1083 297 1213 330; x_wconf 84' lang='lat' dir='ltr'>materia</span> <span class='ocrx_word' id='word_1_50' title='bbox 1225 321 1234 336; x_wconf 81' lang='lat'>‚</span> <span class='ocrx_word' id='word_1_51' title='bbox 1254 299 1287 330; x_wconf 86' lang='lat' dir='ltr'>in</span> <span class='ocrx_word' id='word_1_52' title='bbox 1297 309 1360 343; x_wconf 83' lang='lat' dir='ltr'>qua</span> <span class='ocrx_word' id='word_1_53' title='bbox 1371 295 1482 330; x_wconf 83' lang='lat' dir='ltr'>divisio</span> <span class='ocrx_word' id='word_1_54' title='bbox 1502 296 1592 332; x_wconf 89' lang='lat' dir='ltr'>fieret</span> <span class='ocrx_word' id='word_1_55' title='bbox 1604 323 1613 338; x_wconf 96' lang='lat'>,</span> <span class='ocrx_word' id='word_1_56' title='bbox 1633 299 1705 334; x_wconf 81' lang='lat' dir='ltr'>esset</span> <span class='ocrx_word' id='word_1_57' title='bbox 1716 301 1853 337; x_wconf 88' lang='lat' dir='ltr'><strong>solidior.</strong></span> 
     </span>
     <span class='ocr_line' id='line_1_6' title="bbox 274 342 1853 401; baseline -0.004 -13"><span class='ocrx_word' id='word_1_58' title='bbox 274 358 385 401; x_wconf 86' lang='lat' dir='ltr'>Itaque</span> <span class='ocrx_word' id='word_1_59' title='bbox 397 355 430 386; x_wconf 86' lang='lat' dir='ltr'>in</span> <span class='ocrx_word' id='word_1_60' title='bbox 442 351 534 385; x_wconf 75' lang='lat' dir='ltr'>:eneis</span> <span class='ocrx_word' id='word_1_61' title='bbox 554 348 679 380; x_wconf 82' lang='lat' dir='ltr'>laminis</span> <span class='ocrx_word' id='word_1_62' title='bbox 691 356 745 379; x_wconf 89' lang='lat' dir='ltr'>aut</span> <span class='ocrx_word' id='word_1_63' title='bbox 758 348 881 379; x_wconf 77' lang='lat' dir='ltr'>corneis</span> <span class='ocrx_word' id='word_1_64' title='bbox 893 344 955 378; x_wconf 90' lang='lat' dir='ltr'>hoc</span> <span class='ocrx_word' id='word_1_65' title='bbox 968 342 1090 379; x_wconf 59' lang='lat' dir='ltr'>faRum</span> <span class='ocrx_word' id='word_1_66' title='bbox 1109 343 1200 379; x_wconf 75' lang='lat' dir='ltr'>fuisse</span> <span class='ocrx_word' id='word_1_67' title='bbox 1212 344 1262 379; x_wconf 80' lang='lat' dir='ltr'>hic</span> <span class='ocrx_word' id='word_1_68' title='bbox 1274 346 1351 380; x_wconf 88' lang='lat' dir='ltr'>dicit</span> <span class='ocrx_word' id='word_1_69' title='bbox 1370 347 1540 381; x_wconf 88' lang='lat' dir='ltr'>Vitruvius</span> <span class='ocrx_word' id='word_1_70' title='bbox 1552 371 1561 380; x_wconf 88' lang='lat'>.</span> <span class='ocrx_word' id='word_1_71' title='bbox 1589 349 1670 395; x_wconf 67' lang='lat' dir='ltr'>Quae</span> <span class='ocrx_word' id='word_1_72' title='bbox 1689 347 1739 384; x_wconf 74' lang='lat' dir='ltr'>hic</span> <span class='ocrx_word' id='word_1_73' title='bbox 1759 364 1853 387; x_wconf 73' lang='lat' dir='ltr'>notat</span> 
     </span>
     <span class='ocr_line' id='line_1_7' title="bbox 276 393 1246 446; baseline -0.01 -9"><span class='ocrx_word' id='word_1_74' title='bbox 276 402 444 438; x_wconf 84' lang='lat' dir='ltr'>Philander</span> <span class='ocrx_word' id='word_1_75' title='bbox 455 425 464 439; x_wconf 84' lang='lat'>‚</span> <span class='ocrx_word' id='word_1_76' title='bbox 477 399 590 446; x_wconf 85' lang='lat' dir='ltr'>partim</span> <span class='ocrx_word' id='word_1_77' title='bbox 603 394 674 428; x_wconf 88' lang='lat' dir='ltr'>falsa</span> <span class='ocrx_word' id='word_1_78' title='bbox 686 393 758 428; x_wconf 88' lang='lat' dir='ltr'>sunt</span> <span class='ocrx_word' id='word_1_79' title='bbox 769 408 778 433; x_wconf 84' lang='lat'>3</span> <span class='ocrx_word' id='word_1_80' title='bbox 794 396 909 441; x_wconf 85' lang='lat' dir='ltr'>partim</span> <span class='ocrx_word' id='word_1_81' title='bbox 919 393 981 428; x_wconf 90' lang='lat' dir='ltr'>huc</span> <span class='ocrx_word' id='word_1_82' title='bbox 993 407 1062 428; x_wconf 90' lang='lat' dir='ltr'>non</span> <span class='ocrx_word' id='word_1_83' title='bbox 1074 396 1246 441; x_wconf 89' lang='lat' dir='ltr'>pertinent.</span> 
     </span>
    </p>

    <p class='ocr_par' dir='ltr' id='par_1_3' title="bbox 276 443 1855 1085">
     <span class='ocr_line' id='line_1_8' title="bbox 324 443 1852 493; baseline 0.001 -10"><span class='ocrx_word' id='word_1_84' title='bbox 324 456 348 486; x_wconf 91' lang='lat' dir='ltr'>P</span> <span class='ocrx_word' id='word_1_85' title='bbox 360 465 381 486; x_wconf 70' lang='grc' dir='ltr'>Α</span> <span class='ocrx_word' id='word_1_86' title='bbox 392 464 424 483; x_wconf 76' lang='lat' dir='ltr'>c..</span> <span class='ocrx_word' id='word_1_87' title='bbox 446 461 465 481; x_wconf 87' lang='lat' dir='ltr'>L</span> <span class='ocrx_word' id='word_1_88' title='bbox 474 461 491 480; x_wconf 86' lang='lat' dir='ltr'>x</span> <span class='ocrx_word' id='word_1_89' title='bbox 501 460 519 479; x_wconf 83' lang='lat' dir='ltr'>x</span> <span class='ocrx_word' id='word_1_90' title='bbox 530 459 548 479; x_wconf 80' lang='lat' dir='ltr'>x</span> <span class='ocrx_word' id='word_1_91' title='bbox 558 458 569 478; x_wconf 94' lang='lat'><em>1</em></span> <span class='ocrx_word' id='word_1_92' title='bbox 578 458 589 478; x_wconf 93' lang='lat'>1</span> <span class='ocrx_word' id='word_1_93' title='bbox 599 457 619 477; x_wconf 90' lang='lat'>1.</span> <span class='ocrx_word' id='word_1_94' title='bbox 634 454 712 478; x_wconf 82' lang='lat' dir='ltr'>nota</span> <span class='ocrx_word' id='word_1_95' title='bbox 722 445 770 477; x_wconf 91' lang='lat' dir='ltr'>lit.</span> <span class='ocrx_word' id='word_1_96' title='bbox 781 443 813 477; x_wconf 92' lang='lat' dir='ltr'>d.</span> <span class='ocrx_word' id='word_1_97' title='bbox 825 444 972 477; x_wconf 89' lang='lat' dir='ltr'>Mixtum</span> <span class='ocrx_word' id='word_1_98' title='bbox 984 443 1185 482; x_wconf 84' lang='lat' dir='ltr'>addiderunt,</span> <span class='ocrx_word' id='word_1_99' title='bbox 1198 444 1248 478; x_wconf 87' lang='lat' dir='ltr'>vel</span> <span class='ocrx_word' id='word_1_100' title='bbox 1260 445 1338 492; x_wconf 82' lang='lat' dir='ltr'>(leg.</span> <span class='ocrx_word' id='word_1_101' title='bbox 1351 448 1398 486; x_wconf 66' lang='grc' dir='ltr'>δε)</span> <span class='ocrx_word' id='word_1_102' title='bbox 1412 444 1609 490; x_wconf 89' lang='lat' dir='ltr'>commune]</span> <span class='ocrx_word' id='word_1_103' title='bbox 1623 444 1693 479; x_wconf 76' lang='grc' dir='ltr'>Ιῐῐιὸ</span> <span class='ocrx_word' id='word_1_104' title='bbox 1704 446 1764 493; x_wconf 90' lang='lat' dir='ltr'>ipse</span> <span class='ocrx_word' id='word_1_105' title='bbox 1775 450 1852 484; x_wconf 69' lang='lat' dir='ltr'>Ari-</span> 
     </span>
     <span class='ocr_line' id='line_1_9' title="bbox 276 492 1850 541; baseline -0.006 -6"><span class='ocrx_word' id='word_1_106' title='bbox 276 500 427 535; x_wconf 77' lang='lat' dir='ltr'>stoxenus</span> <span class='ocrx_word' id='word_1_107' title='bbox 445 496 648 529; x_wconf 80' lang='lat' dir='ltr'>mentionem</span> <span class='ocrx_word' id='word_1_108' title='bbox 667 492 742 527; x_wconf 85' lang='lat' dir='ltr'>facit</span> <span class='ocrx_word' id='word_1_109' title='bbox 762 495 853 526; x_wconf 86' lang='lat' dir='ltr'>mixti</span> <span class='ocrx_word' id='word_1_110' title='bbox 866 497 898 526; x_wconf 87' lang='lat'>&amp;</span> <span class='ocrx_word' id='word_1_111' title='bbox 911 494 1116 532; x_wconf 78' lang='lat' dir='ltr'>communis5</span> <span class='ocrx_word' id='word_1_112' title='bbox 1136 506 1205 526; x_wconf 92' lang='lat' dir='ltr'>non</span> <span class='ocrx_word' id='word_1_113' title='bbox 1216 504 1325 527; x_wconf 88' lang='lat' dir='ltr'>tamen</span> <span class='ocrx_word' id='word_1_114' title='bbox 1337 517 1348 533; x_wconf 85' lang='lat'>‚</span> <span class='ocrx_word' id='word_1_115' title='bbox 1369 505 1405 527; x_wconf 91' lang='lat' dir='ltr'>ut</span> <span class='ocrx_word' id='word_1_116' title='bbox 1417 495 1585 541; x_wconf 79' lang='lat' dir='ltr'>peculiaria</span> <span class='ocrx_word' id='word_1_117' title='bbox 1595 492 1655 528; x_wconf 77' lang='lat' dir='ltr'>esse</span> <span class='ocrx_word' id='word_1_118' title='bbox 1665 507 1779 541; x_wconf 83' lang='lat' dir='ltr'>genera</span> <span class='ocrx_word' id='word_1_119' title='bbox 1789 497 1850 533; x_wconf 68' lang='lat' dir='ltr'>sta-</span> 
     </span>
     <span class='ocr_line' id='line_1_10' title="bbox 277 541 1851 591; baseline 0.001 -10"><span class='ocrx_word' id='word_1_120' title='bbox 277 560 359 584; x_wconf 79' lang='lat' dir='ltr'>tuat.</span> <span class='ocrx_word' id='word_1_121' title='bbox 385 545 475 581; x_wconf 88' lang='lat' dir='ltr'>Nihil</span> <span class='ocrx_word' id='word_1_122' title='bbox 485 547 573 578; x_wconf 84' lang='lat' dir='ltr'>enim</span> <span class='ocrx_word' id='word_1_123' title='bbox 592 544 748 590; x_wconf 79' lang='lat' dir='ltr'>peculiare</span> <span class='ocrx_word' id='word_1_124' title='bbox 758 567 768 582; x_wconf 89' lang='lat'>‚</span> <span class='ocrx_word' id='word_1_125' title='bbox 793 546 824 576; x_wconf 71' lang='grc' dir='ltr'>δε</span> <span class='ocrx_word' id='word_1_126' title='bbox 837 555 892 589; x_wconf 89' lang='lat' dir='ltr'>per</span> <span class='ocrx_word' id='word_1_127' title='bbox 909 541 939 576; x_wconf 90' lang='lat' dir='ltr'>se</span> <span class='ocrx_word' id='word_1_128' title='bbox 950 541 1109 576; x_wconf 89' lang='lat' dir='ltr'>diversum</span> <span class='ocrx_word' id='word_1_129' title='bbox 1121 541 1138 576; x_wconf 72' lang='lat' dir='ltr'>a</span> <span class='ocrx_word' id='word_1_130' title='bbox 1158 543 1287 590; x_wconf 89' lang='lat' dir='ltr'>reliquis</span> <span class='ocrx_word' id='word_1_131' title='bbox 1298 542 1471 591; x_wconf 82' lang='lat' dir='ltr'>generibus</span> <span class='ocrx_word' id='word_1_132' title='bbox 1482 542 1602 577; x_wconf 86' lang='lat' dir='ltr'>habent</span> <span class='ocrx_word' id='word_1_133' title='bbox 1613 569 1620 576; x_wconf 91' lang='lat'>.</span> <span class='ocrx_word' id='word_1_134' title='bbox 1648 543 1751 590; x_wconf 82' lang='lat' dir='ltr'>Qod</span> <span class='ocrx_word' id='word_1_135' title='bbox 1762 544 1851 582; x_wconf 86' lang='lat' dir='ltr'>facile</span> 
     </span>
     <span class='ocr_line' id='line_1_11' title="bbox 277 590 1851 641; baseline -0.003 -9"><span class='ocrx_word' id='word_1_136' title='bbox 277 610 386 632; x_wconf 89' lang='lat' dir='ltr'>verum</span> <span class='ocrx_word' id='word_1_137' title='bbox 398 593 456 629; x_wconf 82' lang='lat' dir='ltr'>effe</span> <span class='ocrx_word' id='word_1_138' title='bbox 469 591 633 641; x_wconf 73' lang='lat' dir='ltr'>apparebit</span> <span class='ocrx_word' id='word_1_139' title='bbox 644 616 653 632; x_wconf 90' lang='lat'>,</span> <span class='ocrx_word' id='word_1_140' title='bbox 665 591 688 625; x_wconf 82' lang='lat' dir='ltr'>si</span> <span class='ocrx_word' id='word_1_141' title='bbox 697 590 915 625; x_wconf 75' lang='lat' dir='ltr'>consideretur</span> <span class='ocrx_word' id='word_1_142' title='bbox 925 616 934 631; x_wconf 94' lang='lat'>‚</span> <span class='ocrx_word' id='word_1_143' title='bbox 947 604 1123 625; x_wconf 88' lang='lat' dir='ltr'>commune</span> <span class='ocrx_word' id='word_1_144' title='bbox 1135 594 1241 625; x_wconf 90' lang='lat' dir='ltr'>vocari</span> <span class='ocrx_word' id='word_1_145' title='bbox 1253 592 1331 630; x_wconf 86' lang='lat' dir='ltr'>illud</span> <span class='ocrx_word' id='word_1_146' title='bbox 1343 593 1482 638; x_wconf 60' lang='grc' dir='ltr'>ἁρμονίας</span> <span class='ocrx_word' id='word_1_147' title='bbox 1493 605 1595 640; x_wconf 80' lang='lat' dir='ltr'>genus</span> <span class='ocrx_word' id='word_1_148' title='bbox 1608 617 1618 632; x_wconf 94' lang='lat'>,</span> <span class='ocrx_word' id='word_1_149' title='bbox 1630 592 1720 639; x_wconf 90' lang='lat' dir='ltr'>quod</span> <span class='ocrx_word' id='word_1_150' title='bbox 1731 606 1767 627; x_wconf 88' lang='lat' dir='ltr'>ex</span> <span class='ocrx_word' id='word_1_151' title='bbox 1780 594 1851 631; x_wconf 85' lang='lat' dir='ltr'>solis</span> 
     </span>
     <span class='ocr_line' id='line_1_12' title="bbox 276 640 1855 690; baseline -0.001 -10"><span class='ocrx_word' id='word_1_152' title='bbox 276 644 432 680; x_wconf 83' lang='lat' dir='ltr'>stantibus</span> <span class='ocrx_word' id='word_1_153' title='bbox 443 642 527 677; x_wconf 87' lang='lat' dir='ltr'>sonis</span> <span class='ocrx_word' id='word_1_154' title='bbox 539 640 743 676; x_wconf 82' lang='lat' dir='ltr'>constituitur</span> <span class='ocrx_word' id='word_1_155' title='bbox 752 665 762 679; x_wconf 94' lang='lat'>‚</span> <span class='ocrx_word' id='word_1_156' title='bbox 773 643 828 688; x_wconf 91' lang='lat' dir='ltr'>qui</span> <span class='ocrx_word' id='word_1_157' title='bbox 840 640 994 675; x_wconf 89' lang='lat' dir='ltr'>omnibus</span> <span class='ocrx_word' id='word_1_158' title='bbox 1003 640 1174 690; x_wconf 87' lang='lat' dir='ltr'>generibus</span> <span class='ocrx_word' id='word_1_159' title='bbox 1185 640 1258 675; x_wconf 90' lang='lat' dir='ltr'>sunt</span> <span class='ocrx_word' id='word_1_160' title='bbox 1269 654 1472 676; x_wconf 86' lang='lat' dir='ltr'>communes.</span> <span class='ocrx_word' id='word_1_161' title='bbox 1498 644 1610 689; x_wconf 83' lang='lat' dir='ltr'>Atque</span> <span class='ocrx_word' id='word_1_162' title='bbox 1621 642 1663 675; x_wconf 91' lang='lat' dir='ltr'>illi</span> <span class='ocrx_word' id='word_1_163' title='bbox 1676 641 1855 687; x_wconf 79' lang='lat' dir='ltr'>majusculis</span> 
     </span>
     <span class='ocr_line' id='line_1_13' title="bbox 277 689 1852 740; baseline -0.001 -11"><span class='ocrx_word' id='word_1_164' title='bbox 277 697 375 729; x_wconf 86' lang='lat' dir='ltr'>literis</span> <span class='ocrx_word' id='word_1_165' title='bbox 393 696 426 727; x_wconf 90' lang='lat' dir='ltr'>in</span> <span class='ocrx_word' id='word_1_166' title='bbox 437 691 589 740; x_wconf 82' lang='lat' dir='ltr'>superiori</span> <span class='ocrx_word' id='word_1_167' title='bbox 607 690 834 738; x_wconf 78' lang='lat' dir='ltr'>diagrammate</span> <span class='ocrx_word' id='word_1_168' title='bbox 848 701 1015 724; x_wconf 87' lang='lat' dir='ltr'>notantur.</span> <span class='ocrx_word' id='word_1_169' title='bbox 1042 691 1188 724; x_wconf 85' lang='lat' dir='ltr'>Mixtum</span> <span class='ocrx_word' id='word_1_170' title='bbox 1201 689 1278 725; x_wconf 75' lang='lat' dir='ltr'>vero</span> <span class='ocrx_word' id='word_1_171' title='bbox 1289 690 1352 731; x_wconf 83' lang='lat' dir='ltr'>est,</span> <span class='ocrx_word' id='word_1_172' title='bbox 1374 704 1449 725; x_wconf 90' lang='lat' dir='ltr'>cum</span> <span class='ocrx_word' id='word_1_173' title='bbox 1462 693 1520 724; x_wconf 89' lang='lat' dir='ltr'>tria</span> <span class='ocrx_word' id='word_1_174' title='bbox 1533 692 1583 724; x_wconf 88' lang='lat' dir='ltr'>illa</span> <span class='ocrx_word' id='word_1_175' title='bbox 1594 704 1711 738; x_wconf 78' lang='lat' dir='ltr'>genera</span> <span class='ocrx_word' id='word_1_176' title='bbox 1730 693 1812 726; x_wconf 89' lang='lat' dir='ltr'>inter</span> <span class='ocrx_word' id='word_1_177' title='bbox 1823 692 1852 728; x_wconf 86' lang='lat' dir='ltr'>se</span> 
     </span>
     <span class='ocr_line' id='line_1_14' title="bbox 277 737 1854 792; baseline -0.002 -14"><span class='ocrx_word' id='word_1_178' title='bbox 277 741 509 792; x_wconf 84' lang='lat' dir='ltr'>permiscentur</span> <span class='ocrx_word' id='word_1_179' title='bbox 522 754 530 774; x_wconf 74' lang='grc' dir='ltr'>ι</span> <span class='ocrx_word' id='word_1_180' title='bbox 550 750 596 779; x_wconf 91' lang='lat' dir='ltr'>ut,</span> <span class='ocrx_word' id='word_1_181' title='bbox 611 737 632 773; x_wconf 81' lang='lat' dir='ltr'>sl</span> <span class='ocrx_word' id='word_1_182' title='bbox 643 753 744 773; x_wconf 88' lang='lat' dir='ltr'>unum</span> <span class='ocrx_word' id='word_1_183' title='bbox 756 738 996 773; x_wconf 86' lang='lat' dir='ltr'>tetrachordum</span> <span class='ocrx_word' id='word_1_184' title='bbox 1006 738 1042 772; x_wconf 82' lang='lat' dir='ltr'>sit</span> <span class='ocrx_word' id='word_1_185' title='bbox 1053 739 1233 779; x_wconf 84' lang='lat' dir='ltr'>diatonum,</span> <span class='ocrx_word' id='word_1_186' title='bbox 1247 740 1382 773; x_wconf 88' lang='lat' dir='ltr'>alterum</span> <span class='ocrx_word' id='word_1_187' title='bbox 1395 739 1628 773; x_wconf 87' lang='lat' dir='ltr'>chromaticum</span> <span class='ocrx_word' id='word_1_188' title='bbox 1642 741 1691 773; x_wconf 90' lang='lat' dir='ltr'>vel</span> <span class='ocrx_word' id='word_1_189' title='bbox 1702 753 1854 775; x_wconf 83' lang='lat' dir='ltr'>enarmo-</span> 
     </span>
     <span class='ocr_line' id='line_1_15' title="bbox 279 787 1853 836; baseline -0.001 -9"><span class='ocrx_word' id='word_1_190' title='bbox 279 796 450 832; x_wconf 81' lang='lat' dir='ltr'>nium‚&amp;c.</span> <span class='ocrx_word' id='word_1_191' title='bbox 463 793 571 824; x_wconf 84' lang='lat' dir='ltr'>Locus</span> <span class='ocrx_word' id='word_1_192' title='bbox 582 787 625 822; x_wconf 89' lang='lat' dir='ltr'>est</span> <span class='ocrx_word' id='word_1_193' title='bbox 638 787 829 836; x_wconf 74' lang='lat' dir='ltr'>perspicu11S‚</span> <span class='ocrx_word' id='word_1_194' title='bbox 839 789 953 822; x_wconf 78' lang='lat' dir='ltr'>Harm.</span> <span class='ocrx_word' id='word_1_195' title='bbox 964 789 1065 822; x_wconf 87' lang='lat' dir='ltr'>Elem.</span> <span class='ocrx_word' id='word_1_196' title='bbox 1075 788 1169 823; x_wconf 48' lang='lat' dir='ltr'>liba.</span> <span class='ocrx_word' id='word_1_197' title='bbox 1183 787 1263 828; x_wconf 63' lang='lat' dir='ltr'>Tef‘oe</span> <span class='ocrx_word' id='word_1_198' title='bbox 1275 788 1333 832; x_wconf 57' lang='lat' dir='ltr'>‘yQp&#39;n</span> <span class='ocrx_word' id='word_1_199' title='bbox 1344 792 1369 821; x_wconf 60' lang='lat'>‘³0²&#39;</span> <span class='ocrx_word' id='word_1_200' title='bbox 1380 787 1598 833; x_wconf 53' lang='grc' dir='ltr'>μελῳδεμῌέων</span> <span class='ocrx_word' id='word_1_201' title='bbox 1611 787 1657 823; x_wconf 70' lang='grc' dir='ltr'>ἐςὶ.</span> <span class='ocrx_word' id='word_1_202' title='bbox 1685 790 1745 823; x_wconf 89' lang='lat' dir='ltr'>Sed</span> <span class='ocrx_word' id='word_1_203' title='bbox 1756 794 1788 824; x_wconf 51' lang='grc' dir='ltr'>δι’</span> <span class='ocrx_word' id='word_1_204' title='bbox 1798 804 1853 825; x_wconf 80' lang='lat' dir='ltr'>ea-</span> 
     </span>
     <span class='ocr_line' id='line_1_16' title="bbox 279 836 1853 884; baseline -0.002 -7"><span class='ocrx_word' id='word_1_205' title='bbox 279 844 353 877; x_wconf 84' lang='lat' dir='ltr'>dem</span> <span class='ocrx_word' id='word_1_206' title='bbox 365 840 428 876; x_wconf 73' lang='lat' dir='ltr'>fere</span> <span class='ocrx_word' id='word_1_207' title='bbox 439 839 535 874; x_wconf 82' lang='lat' dir='ltr'>habet</span> <span class='ocrx_word' id='word_1_208' title='bbox 545 837 705 877; x_wconf 84' lang='lat' dir='ltr'>Euclides,</span> <span class='ocrx_word' id='word_1_209' title='bbox 716 851 814 884; x_wconf 89' lang='lat' dir='ltr'>quem</span> <span class='ocrx_word' id='word_1_210' title='bbox 824 836 874 871; x_wconf 79' lang='lat' dir='ltr'>h‘ic</span> <span class='ocrx_word' id='word_1_211' title='bbox 886 836 1052 871; x_wconf 87' lang='lat' dir='ltr'>Philander</span> <span class='ocrx_word' id='word_1_212' title='bbox 1062 841 1168 872; x_wconf 86' lang='lat' dir='ltr'>minus</span> <span class='ocrx_word' id='word_1_213' title='bbox 1178 836 1262 872; x_wconf 58' lang='lat' dir='ltr'>retii&amp;</span> <span class='ocrx_word' id='word_1_214' title='bbox 1274 841 1421 872; x_wconf 86' lang='lat' dir='ltr'>nominat</span> <span class='ocrx_word' id='word_1_215' title='bbox 1434 839 1628 872; x_wconf 89' lang='lat' dir='ltr'>Cleonidem</span> <span class='ocrx_word' id='word_1_216' title='bbox 1641 863 1650 877; x_wconf 85' lang='lat'><em>‚</em></span> <span class='ocrx_word' id='word_1_217' title='bbox 1662 840 1695 871; x_wconf 91' lang='lat' dir='ltr'>in</span> <span class='ocrx_word' id='word_1_218' title='bbox 1706 839 1853 874; x_wconf 82' lang='lat' dir='ltr'>Harmo-</span> 
     </span>
     <span class='ocr_line' id='line_1_17' title="bbox 279 884 1850 934; baseline -0.004 -7"><span class='ocrx_word' id='word_1_219' title='bbox 279 894 349 927; x_wconf 85' lang='lat' dir='ltr'>nica</span> <span class='ocrx_word' id='word_1_220' title='bbox 360 889 482 924; x_wconf 89' lang='lat' dir='ltr'>Introd.</span> <span class='ocrx_word' id='word_1_221' title='bbox 496 889 559 924; x_wconf 74' lang='grc' dir='ltr'>Γένη</span> <span class='ocrx_word' id='word_1_222' title='bbox 574 884 694 926; x_wconf 52' lang='lat' dir='ltr'>{sitella</span> <span class='ocrx_word' id='word_1_223' title='bbox 705 884 743 918; x_wconf 69' lang='grc' dir='ltr'>τοὶ</span> <span class='ocrx_word' id='word_1_224' title='bbox 755 885 959 930; x_wconf 52' lang='lat' dir='ltr'>wffionffloe.</span> <span class='ocrx_word' id='word_1_225' title='bbox 983 889 1151 929; x_wconf 86' lang='lat' dir='ltr'>(nimirum</span> <span class='ocrx_word' id='word_1_226' title='bbox 1163 887 1246 921; x_wconf 78' lang='lat' dir='ltr'>haud</span> <span class='ocrx_word' id='word_1_227' title='bbox 1260 889 1372 934; x_wconf 87' lang='lat' dir='ltr'>procul</span> <span class='ocrx_word' id='word_1_228' title='bbox 1385 887 1424 920; x_wconf 86' lang='lat' dir='ltr'>ab</span> <span class='ocrx_word' id='word_1_229' title='bbox 1435 889 1542 927; x_wconf 88' lang='lat' dir='ltr'>initio,</span> <span class='ocrx_word' id='word_1_230' title='bbox 1556 887 1631 921; x_wconf 89' lang='lat' dir='ltr'>ubi:</span> <span class='ocrx_word' id='word_1_231' title='bbox 1645 889 1709 925; x_wconf 75' lang='grc' dir='ltr'>Γένη</span> <span class='ocrx_word' id='word_1_232' title='bbox 1724 887 1760 923; x_wconf 58' lang='grc' dir='ltr'>ἐςί</span> <span class='ocrx_word' id='word_1_233' title='bbox 1769 891 1850 927; x_wconf 60' lang='grc' dir='ltr'><strong><em>φξιόι.</em></strong></span> 
     </span>
     <span class='ocr_line' id='line_1_18' title="bbox 279 932 1851 995; baseline -0.002 -22"><span class='ocrx_word' id='word_1_234' title='bbox 279 940 430 987; x_wconf 53' lang='grc' dir='ltr'>ᾎζθῖπνον,</span> <span class='ocrx_word' id='word_1_235' title='bbox 442 940 558 995; x_wconf 37' lang='grc' dir='ltr'>χρῶμαι</span> <span class='ocrx_word' id='word_1_236' title='bbox 571 961 578 972; x_wconf 92' lang='grc'>,</span> <span class='ocrx_word' id='word_1_237' title='bbox 591 936 742 981; x_wconf 56' lang='grc' dir='ltr'>ἁρμονία.)</span> <span class='ocrx_word' id='word_1_238' title='bbox 756 938 809 968; x_wconf 53' lang='lat' dir='ltr'>§niv</span> <span class='ocrx_word' id='word_1_239' title='bbox 822 932 852 968; x_wconf 56' lang='lat' dir='ltr'>§y</span> <span class='ocrx_word' id='word_1_240' title='bbox 867 936 927 977; x_wconf 64' lang='grc' dir='ltr'>ἕςοᾳ</span> <span class='ocrx_word' id='word_1_241' title='bbox 936 938 1029 979; x_wconf 70' lang='grc' dir='ltr'><em>μέλος</em></span> <span class='ocrx_word' id='word_1_242' title='bbox 1041 934 1096 973; x_wconf 54' lang='grc' dir='ltr'>ἦτοι</span> <span class='ocrx_word' id='word_1_243' title='bbox 1111 934 1286 981; x_wconf 55' lang='grc' dir='ltr'>Ἀζθῧονικέν,</span> <span class='ocrx_word' id='word_1_244' title='bbox 1296 934 1505 986; x_wconf 47' lang='grc' dir='ltr'>ἢχξωμοιῖικςῖν</span> <span class='ocrx_word' id='word_1_245' title='bbox 1516 960 1524 972; x_wconf 83' lang='grc'>,</span> <span class='ocrx_word' id='word_1_246' title='bbox 1538 936 1554 973; x_wconf 68' lang='grc' dir='ltr'><strong><em>ἧ</em></strong></span> <span class='ocrx_word' id='word_1_247' title='bbox 1566 934 1734 981; x_wconf 59' lang='grc' dir='ltr'><em>ὀναφμᾶνιον</em></span> <span class='ocrx_word' id='word_1_248' title='bbox 1746 963 1755 978; x_wconf 86' lang='lat'>‚</span> <span class='ocrx_word' id='word_1_249' title='bbox 1769 939 1851 975; x_wconf 63' lang='grc' dir='ltr'><strong><em>ἧκθι-</em></strong></span> 
     </span>
     <span class='ocr_line' id='line_1_19' title="bbox 279 981 1849 1034; baseline -0.002 -10"><span class='ocrx_word' id='word_1_250' title='bbox 279 989 333 1027; x_wconf 65' lang='grc' dir='ltr'>νέν,</span> <span class='ocrx_word' id='word_1_251' title='bbox 346 990 362 1027; x_wconf 73' lang='grc' dir='ltr'><em>ἢ</em></span> <span class='ocrx_word' id='word_1_252' title='bbox 370 982 464 1034; x_wconf 54' lang='lat' dir='ltr'>wisora</span> <span class='ocrx_word' id='word_1_253' title='bbox 475 981 513 1020; x_wconf 54' lang='grc' dir='ltr'>’ὡς</span> <span class='ocrx_word' id='word_1_254' title='bbox 524 985 628 1019; x_wconf 59' lang='grc' dir='ltr'><strong><em>τέτων.</em></strong></span> <span class='ocrx_word' id='word_1_255' title='bbox 646 987 726 1019; x_wconf 86' lang='lat' dir='ltr'>Non</span> <span class='ocrx_word' id='word_1_256' title='bbox 738 984 808 1019; x_wconf 83' lang='lat' dir='ltr'>satis</span> <span class='ocrx_word' id='word_1_257' title='bbox 819 984 883 1020; x_wconf 80' lang='lat' dir='ltr'>haec</span> <span class='ocrx_word' id='word_1_258' title='bbox 895 983 1052 1032; x_wconf 87' lang='lat' dir='ltr'>perspexit</span> <span class='ocrx_word' id='word_1_259' title='bbox 1060 985 1237 1019; x_wconf 80' lang='lat' dir='ltr'>Philander.</span> <span class='ocrx_word' id='word_1_260' title='bbox 1248 985 1370 1020; x_wconf 78' lang='lat' dir='ltr'>Ibidem</span> <span class='ocrx_word' id='word_1_261' title='bbox 1381 999 1438 1033; x_wconf 86' lang='lat' dir='ltr'>pro</span> <span class='ocrx_word' id='word_1_262' title='bbox 1449 985 1646 1031; x_wconf 76' lang='lat' dir='ltr'>infistentibm‚</span> <span class='ocrx_word' id='word_1_263' title='bbox 1656 986 1754 1021; x_wconf 87' lang='lat' dir='ltr'>scribe</span> <span class='ocrx_word' id='word_1_264' title='bbox 1763 987 1849 1022; x_wconf 84' lang='lat' dir='ltr'>stan-</span> 
     </span>
     <span class='ocr_line' id='line_1_20' title="bbox 277 1034 708 1085; baseline -0.016 -11"><span class='ocrx_word' id='word_1_265' title='bbox 277 1039 365 1074; x_wconf 86' lang='lat' dir='ltr'>tibus</span> <span class='ocrx_word' id='word_1_266' title='bbox 376 1038 425 1072; x_wconf 91' lang='lat' dir='ltr'>vel</span> <span class='ocrx_word' id='word_1_267' title='bbox 436 1034 708 1085; x_wconf 77' lang='lat' dir='ltr'>permanentibus.</span> 
     </span>
    </p>

    <p class='ocr_par' dir='ltr' id='par_1_4' title="bbox 277 1081 1851 1377">
     <span class='ocr_line' id='line_1_21' title="bbox 325 1081 1850 1132; baseline -0.002 -10"><span class='ocrx_word' id='word_1_268' title='bbox 325 1092 406 1122; x_wconf 69' lang='lat' dir='ltr'>PAG-</span> <span class='ocrx_word' id='word_1_269' title='bbox 428 1099 474 1120; x_wconf 76' lang='lat' dir='ltr'>Lx</span> <span class='ocrx_word' id='word_1_270' title='bbox 484 1100 502 1119; x_wconf 81' lang='lat' dir='ltr'>x</span> <span class='ocrx_word' id='word_1_271' title='bbox 512 1098 532 1119; x_wconf 80' lang='lat' dir='ltr'><strong>x</strong></span> <span class='ocrx_word' id='word_1_272' title='bbox 543 1097 554 1117; x_wconf 92' lang='lat'>1</span> <span class='ocrx_word' id='word_1_273' title='bbox 565 1097 595 1117; x_wconf 89' lang='lat' dir='ltr'>v.</span> <span class='ocrx_word' id='word_1_274' title='bbox 616 1095 693 1117; x_wconf 86' lang='lat' dir='ltr'>nota</span> <span class='ocrx_word' id='word_1_275' title='bbox 704 1084 750 1116; x_wconf 86' lang='lat' dir='ltr'>lit.</span> <span class='ocrx_word' id='word_1_276' title='bbox 761 1081 781 1116; x_wconf 70' lang='lat' dir='ltr'>s]</span> <span class='ocrx_word' id='word_1_277' title='bbox 810 1085 840 1118; x_wconf 86' lang='lat' dir='ltr'>Si</span> <span class='ocrx_word' id='word_1_278' title='bbox 853 1083 892 1117; x_wconf 86' lang='lat' dir='ltr'>ab</span> <span class='ocrx_word' id='word_1_279' title='bbox 904 1082 1091 1117; x_wconf 89' lang='lat' dir='ltr'>hemitonio</span> <span class='ocrx_word' id='word_1_280' title='bbox 1112 1085 1266 1132; x_wconf 87' lang='lat' dir='ltr'>incipiens</span> <span class='ocrx_word' id='word_1_281' title='bbox 1279 1084 1361 1119; x_wconf 85' lang='lat' dir='ltr'>duos</span> <span class='ocrx_word' id='word_1_282' title='bbox 1372 1095 1472 1118; x_wconf 85' lang='lat' dir='ltr'>tonos</span> <span class='ocrx_word' id='word_1_283' title='bbox 1482 1083 1680 1131; x_wconf 60' lang='lat' dir='ltr'>substituas]</span> <span class='ocrx_word' id='word_1_284' title='bbox 1700 1087 1776 1119; x_wconf 84' lang='lat' dir='ltr'>Hoc</span> <span class='ocrx_word' id='word_1_285' title='bbox 1789 1084 1850 1120; x_wconf 84' lang='lat' dir='ltr'>fal-</span> 
     </span>
     <span class='ocr_line' id='line_1_22' title="bbox 278 1132 1851 1180; baseline -0.003 -8"><span class='ocrx_word' id='word_1_286' title='bbox 278 1137 358 1172; x_wconf 91' lang='lat' dir='ltr'>sum.</span> <span class='ocrx_word' id='word_1_287' title='bbox 384 1137 481 1169; x_wconf 82' lang='lat' dir='ltr'>Error</span> <span class='ocrx_word' id='word_1_288' title='bbox 501 1132 660 1168; x_wconf 85' lang='lat' dir='ltr'>Philandri</span> <span class='ocrx_word' id='word_1_289' title='bbox 674 1133 748 1166; x_wconf 89' lang='lat' dir='ltr'>inde</span> <span class='ocrx_word' id='word_1_290' title='bbox 758 1132 803 1166; x_wconf 89' lang='lat' dir='ltr'>est</span> <span class='ocrx_word' id='word_1_291' title='bbox 814 1157 824 1172; x_wconf 87' lang='lat'>‚</span> <span class='ocrx_word' id='word_1_292' title='bbox 844 1132 933 1180; x_wconf 89' lang='lat' dir='ltr'>quod</span> <span class='ocrx_word' id='word_1_293' title='bbox 945 1135 978 1166; x_wconf 87' lang='lat' dir='ltr'>in</span> <span class='ocrx_word' id='word_1_294' title='bbox 989 1134 1137 1168; x_wconf 91' lang='lat' dir='ltr'>Diatono</span> <span class='ocrx_word' id='word_1_295' title='bbox 1151 1134 1291 1169; x_wconf 89' lang='lat' dir='ltr'>eundem</span> <span class='ocrx_word' id='word_1_296' title='bbox 1304 1133 1320 1167; x_wconf 76' lang='grc' dir='ltr'>Ξι</span> <span class='ocrx_word' id='word_1_297' title='bbox 1337 1136 1490 1168; x_wconf 91' lang='lat' dir='ltr'>Vitruvio</span> <span class='ocrx_word' id='word_1_298' title='bbox 1503 1134 1651 1169; x_wconf 88' lang='lat' dir='ltr'>ordinem</span> <span class='ocrx_word' id='word_1_299' title='bbox 1663 1137 1851 1169; x_wconf 84' lang='lat' dir='ltr'>intervallo-</span> 
     </span>
     <span class='ocr_line' id='line_1_23' title="bbox 277 1177 1849 1231; baseline -0.001 -11"><span class='ocrx_word' id='word_1_300' title='bbox 277 1199 350 1220; x_wconf 85' lang='lat' dir='ltr'>rum</span> <span class='ocrx_word' id='word_1_301' title='bbox 362 1182 550 1218; x_wconf 86' lang='lat' dir='ltr'>tetrachordi</span> <span class='ocrx_word' id='word_1_302' title='bbox 562 1177 769 1215; x_wconf 82' lang='lat' dir='ltr'>observatum</span> <span class='ocrx_word' id='word_1_303' title='bbox 782 1192 909 1229; x_wconf 86' lang='lat' dir='ltr'>putaret</span> <span class='ocrx_word' id='word_1_304' title='bbox 920 1206 930 1222; x_wconf 89' lang='lat'>,</span> <span class='ocrx_word' id='word_1_305' title='bbox 950 1184 1005 1229; x_wconf 91' lang='lat' dir='ltr'>qui</span> <span class='ocrx_word' id='word_1_306' title='bbox 1017 1182 1060 1216; x_wconf 89' lang='lat' dir='ltr'>est</span> <span class='ocrx_word' id='word_1_307' title='bbox 1071 1185 1103 1216; x_wconf 91' lang='lat' dir='ltr'>in</span> <span class='ocrx_word' id='word_1_308' title='bbox 1116 1183 1366 1231; x_wconf 60' lang='lat' dir='ltr'>praecedentibus</span> <span class='ocrx_word' id='word_1_309' title='bbox 1379 1182 1556 1217; x_wconf 88' lang='lat' dir='ltr'>adhibitus.</span> <span class='ocrx_word' id='word_1_310' title='bbox 1582 1185 1747 1218; x_wconf 87' lang='lat' dir='ltr'>Nimirum</span> <span class='ocrx_word' id='word_1_311' title='bbox 1761 1210 1771 1225; x_wconf 88' lang='lat'>‚</span> <span class='ocrx_word' id='word_1_312' title='bbox 1783 1195 1819 1218; x_wconf 90' lang='lat' dir='ltr'>ut</span> <span class='ocrx_word' id='word_1_313' title='bbox 1832 1184 1849 1218; x_wconf 68' lang='grc' dir='ltr'><strong>ἆ</strong></span> 
     </span>
     <span class='ocr_line' id='line_1_24' title="bbox 277 1231 1849 1284; baseline -0.001 -15"><span class='ocrx_word' id='word_1_314' title='bbox 277 1236 367 1284; x_wconf 77' lang='lat' dir='ltr'>gravi</span> <span class='ocrx_word' id='word_1_315' title='bbox 380 1232 484 1272; x_wconf 82' lang='lat' dir='ltr'>versus</span> <span class='ocrx_word' id='word_1_316' title='bbox 495 1242 638 1271; x_wconf 86' lang='lat' dir='ltr'>acutum,</span> <span class='ocrx_word' id='word_1_317' title='bbox 652 1244 706 1278; x_wconf 89' lang='lat' dir='ltr'>per</span> <span class='ocrx_word' id='word_1_318' title='bbox 717 1232 877 1266; x_wconf 87' lang='lat' dir='ltr'>intervalla</span> <span class='ocrx_word' id='word_1_319' title='bbox 889 1233 1016 1265; x_wconf 79' lang='lat' dir='ltr'>minora</span> <span class='ocrx_word' id='word_1_320' title='bbox 1027 1231 1066 1266; x_wconf 87' lang='lat' dir='ltr'>ad</span> <span class='ocrx_word' id='word_1_321' title='bbox 1078 1237 1199 1278; x_wconf 83' lang='lat' dir='ltr'>majora</span> <span class='ocrx_word' id='word_1_322' title='bbox 1209 1233 1409 1280; x_wconf 79' lang='lat' dir='ltr'>procedatur.</span> <span class='ocrx_word' id='word_1_323' title='bbox 1436 1235 1546 1278; x_wconf 82' lang='lat' dir='ltr'>Itaque</span> <span class='ocrx_word' id='word_1_324' title='bbox 1558 1257 1568 1272; x_wconf 91' lang='lat'>‚</span> <span class='ocrx_word' id='word_1_325' title='bbox 1585 1234 1698 1267; x_wconf 87' lang='lat' dir='ltr'>ordine</span> <span class='ocrx_word' id='word_1_326' title='bbox 1710 1233 1849 1274; x_wconf 87' lang='lat' dir='ltr'>inverso,</span> 
     </span>
     <span class='ocr_line' id='line_1_25' title="bbox 278 1279 1850 1324; baseline -0.001 -5"><span class='ocrx_word' id='word_1_327' title='bbox 278 1283 442 1319; x_wconf 86' lang='lat' dir='ltr'>intervalla</span> <span class='ocrx_word' id='word_1_328' title='bbox 453 1282 603 1316; x_wconf 90' lang='lat' dir='ltr'>diatonici</span> <span class='ocrx_word' id='word_1_329' title='bbox 616 1279 809 1314; x_wconf 84' lang='lat' dir='ltr'>tetrachordi</span> <span class='ocrx_word' id='word_1_330' title='bbox 820 1280 904 1314; x_wconf 53' lang='lat' dir='ltr'>reete*</span> <span class='ocrx_word' id='word_1_331' title='bbox 916 1292 1063 1315; x_wconf 88' lang='lat' dir='ltr'>numerat</span> <span class='ocrx_word' id='word_1_332' title='bbox 1076 1284 1246 1316; x_wconf 83' lang='lat' dir='ltr'>Vitruvius</span> <span class='ocrx_word' id='word_1_333' title='bbox 1257 1293 1375 1317; x_wconf 89' lang='lat' dir='ltr'>tonum</span> <span class='ocrx_word' id='word_1_334' title='bbox 1386 1305 1397 1321; x_wconf 92' lang='lat'><em>‚</em></span> <span class='ocrx_word' id='word_1_335' title='bbox 1418 1280 1531 1315; x_wconf 78' lang='lat' dir='ltr'>deinde</span> <span class='ocrx_word' id='word_1_336' title='bbox 1544 1283 1644 1316; x_wconf 79' lang='lat' dir='ltr'>alium</span> <span class='ocrx_word' id='word_1_337' title='bbox 1655 1292 1773 1316; x_wconf 88' lang='lat' dir='ltr'>tonum</span> <span class='ocrx_word' id='word_1_338' title='bbox 1785 1308 1795 1324; x_wconf 93' lang='lat'>‚</span> <span class='ocrx_word' id='word_1_339' title='bbox 1815 1287 1850 1318; x_wconf 86' lang='lat'>&amp;</span> 
     </span>
     <span class='ocr_line' id='line_1_26' title="bbox 278 1329 1318 1377; baseline -0.003 -9"><span class='ocrx_word' id='word_1_340' title='bbox 278 1336 409 1368; x_wconf 87' lang='lat' dir='ltr'>tertium</span> <span class='ocrx_word' id='word_1_341' title='bbox 421 1330 647 1365; x_wconf 87' lang='lat' dir='ltr'>hemitonium.</span> <span class='ocrx_word' id='word_1_342' title='bbox 674 1329 750 1365; x_wconf 92' lang='lat' dir='ltr'>Vid.</span> <span class='ocrx_word' id='word_1_343' title='bbox 761 1330 911 1364; x_wconf 88' lang='lat' dir='ltr'>Euclides</span> <span class='ocrx_word' id='word_1_344' title='bbox 921 1355 931 1370; x_wconf 84' lang='lat'>‚</span> <span class='ocrx_word' id='word_1_345' title='bbox 944 1329 1029 1364; x_wconf 83' lang='lat' dir='ltr'>haud</span> <span class='ocrx_word' id='word_1_346' title='bbox 1040 1331 1153 1377; x_wconf 89' lang='lat' dir='ltr'>procul</span> <span class='ocrx_word' id='word_1_347' title='bbox 1163 1331 1201 1365; x_wconf 88' lang='lat' dir='ltr'>ab</span> <span class='ocrx_word' id='word_1_348' title='bbox 1213 1333 1318 1365; x_wconf 89' lang='lat' dir='ltr'>initio.</span> 
     </span>
    </p>

    <p class='ocr_par' dir='ltr' id='par_1_5' title="bbox 278 1378 1850 1627">
     <span class='ocr_line' id='line_1_27' title="bbox 325 1378 1848 1428; baseline 0 -12"><span class='ocrx_word' id='word_1_349' title='bbox 325 1386 360 1416; x_wconf 93' lang='lat' dir='ltr'>In</span> <span class='ocrx_word' id='word_1_350' title='bbox 372 1392 451 1415; x_wconf 86' lang='lat' dir='ltr'>nota</span> <span class='ocrx_word' id='word_1_351' title='bbox 462 1381 505 1414; x_wconf 87' lang='lat' dir='ltr'>lit.</span> <span class='ocrx_word' id='word_1_352' title='bbox 517 1394 546 1428; x_wconf 84' lang='lat' dir='ltr'>g.</span> <span class='ocrx_word' id='word_1_353' title='bbox 558 1381 691 1415; x_wconf 70' lang='lat' dir='ltr'>Bacchius</span> <span class='ocrx_word' id='word_1_354' title='bbox 706 1381 924 1415; x_wconf 77' lang='lat' dir='ltr'>intervallorum</span> <span class='ocrx_word' id='word_1_355' title='bbox 934 1381 1117 1426; x_wconf 71' lang='lat' dir='ltr'>minimum]</span> <span class='ocrx_word' id='word_1_356' title='bbox 1130 1380 1207 1415; x_wconf 89' lang='lat' dir='ltr'>Hoc</span> <span class='ocrx_word' id='word_1_357' title='bbox 1218 1379 1293 1415; x_wconf 78' lang='lat' dir='ltr'>diesi</span> <span class='ocrx_word' id='word_1_358' title='bbox 1304 1382 1542 1419; x_wconf 90' lang='lat' dir='ltr'>convenit,non</span> <span class='ocrx_word' id='word_1_359' title='bbox 1550 1378 1631 1415; x_wconf 91' lang='lat' dir='ltr'>sono</span> <span class='ocrx_word' id='word_1_360' title='bbox 1643 1378 1695 1414; x_wconf 91' lang='lat' dir='ltr'>seu</span> <span class='ocrx_word' id='word_1_361' title='bbox 1707 1380 1848 1428; x_wconf 88' lang='lat' dir='ltr'>phthon-</span> 
     </span>
     <span class='ocr_line' id='line_1_28' title="bbox 278 1427 1850 1480; baseline -0.001 -15"><span class='ocrx_word' id='word_1_362' title='bbox 278 1444 335 1480; x_wconf 76' lang='lat' dir='ltr'>go.</span> <span class='ocrx_word' id='word_1_363' title='bbox 403 1444 441 1464; x_wconf 90' lang='lat' dir='ltr'>ua</span> <span class='ocrx_word' id='word_1_364' title='bbox 451 1432 538 1464; x_wconf 87' lang='lat' dir='ltr'>enim</span> <span class='ocrx_word' id='word_1_365' title='bbox 550 1432 671 1463; x_wconf 85' lang='lat' dir='ltr'>ratione</span> <span class='ocrx_word' id='word_1_366' title='bbox 684 1427 779 1462; x_wconf 88' lang='lat' dir='ltr'>sonus</span> <span class='ocrx_word' id='word_1_367' title='bbox 791 1453 801 1468; x_wconf 88' lang='lat'>‚</span> <span class='ocrx_word' id='word_1_368' title='bbox 812 1430 1052 1464; x_wconf 88' lang='lat' dir='ltr'>intervallorum</span> <span class='ocrx_word' id='word_1_369' title='bbox 1065 1432 1257 1478; x_wconf 87' lang='lat' dir='ltr'>principium</span> <span class='ocrx_word' id='word_1_370' title='bbox 1268 1457 1278 1471; x_wconf 94' lang='lat'>‚</span> <span class='ocrx_word' id='word_1_371' title='bbox 1290 1429 1395 1478; x_wconf 88' lang='lat' dir='ltr'>potest</span> <span class='ocrx_word' id='word_1_372' title='bbox 1406 1429 1461 1464; x_wconf 65' lang='lat' dir='ltr'>esse</span> <span class='ocrx_word' id='word_1_373' title='bbox 1475 1431 1676 1464; x_wconf 87' lang='lat' dir='ltr'>intervallum</span> <span class='ocrx_word' id='word_1_374' title='bbox 1690 1434 1702 1464; x_wconf 85' lang='lat'>?</span> <span class='ocrx_word' id='word_1_375' title='bbox 1722 1430 1850 1464; x_wconf 75' lang='lat' dir='ltr'>Miran-</span> 
     </span>
     <span class='ocr_line' id='line_1_29' title="bbox 280 1478 1849 1527; baseline -0.001 -12"><span class='ocrx_word' id='word_1_376' title='bbox 280 1481 359 1515; x_wconf 89' lang='lat' dir='ltr'>dum</span> <span class='ocrx_word' id='word_1_377' title='bbox 372 1479 476 1520; x_wconf 75' lang='lat' dir='ltr'>certe,</span> <span class='ocrx_word' id='word_1_378' title='bbox 497 1489 585 1512; x_wconf 86' lang='lat' dir='ltr'>tanta</span> <span class='ocrx_word' id='word_1_379' title='bbox 595 1478 660 1513; x_wconf 77' lang='lat' dir='ltr'>haec</span> <span class='ocrx_word' id='word_1_380' title='bbox 671 1478 837 1512; x_wconf 84' lang='lat' dir='ltr'>oscitantia</span> <span class='ocrx_word' id='word_1_381' title='bbox 848 1480 980 1527; x_wconf 85' lang='lat' dir='ltr'>congeri</span> <span class='ocrx_word' id='word_1_382' title='bbox 1000 1478 1148 1526; x_wconf 78' lang='lat' dir='ltr'>potuisse.</span> <span class='ocrx_word' id='word_1_383' title='bbox 1174 1479 1326 1514; x_wconf 84' lang='lat' dir='ltr'>Bacchius</span> <span class='ocrx_word' id='word_1_384' title='bbox 1339 1482 1451 1513; x_wconf 87' lang='lat' dir='ltr'>Senior</span> <span class='ocrx_word' id='word_1_385' title='bbox 1462 1478 1577 1513; x_wconf 92' lang='lat' dir='ltr'>sonum</span> <span class='ocrx_word' id='word_1_386' title='bbox 1590 1479 1664 1513; x_wconf 79' lang='lat' dir='ltr'>finit</span> <span class='ocrx_word' id='word_1_387' title='bbox 1676 1482 1849 1514; x_wconf 89' lang='lat' dir='ltr'>minimum</span> 
     </span>
     <span class='ocr_line' id='line_1_30' title="bbox 280 1526 1850 1577; baseline 0 -14"><span class='ocrx_word' id='word_1_388' title='bbox 280 1542 396 1564; x_wconf 87' lang='lat' dir='ltr'>eorum</span> <span class='ocrx_word' id='word_1_389' title='bbox 406 1554 415 1569; x_wconf 90' lang='lat'>‚</span> <span class='ocrx_word' id='word_1_390' title='bbox 428 1542 497 1576; x_wconf 83' lang='lat' dir='ltr'>quae</span> <span class='ocrx_word' id='word_1_391' title='bbox 510 1527 736 1562; x_wconf 83' lang='lat' dir='ltr'>modulamur:</span> <span class='ocrx_word' id='word_1_392' title='bbox 758 1537 789 1561; x_wconf 87' lang='lat' dir='ltr'>at</span> <span class='ocrx_word' id='word_1_393' title='bbox 808 1526 905 1561; x_wconf 89' lang='lat' dir='ltr'>diefin</span> <span class='ocrx_word' id='word_1_394' title='bbox 916 1528 992 1562; x_wconf 91' lang='lat' dir='ltr'>dicit</span> <span class='ocrx_word' id='word_1_395' title='bbox 1003 1529 1245 1564; x_wconf 86' lang='lat' dir='ltr'>intervallorum</span> <span class='ocrx_word' id='word_1_396' title='bbox 1265 1531 1451 1564; x_wconf 81' lang='lat' dir='ltr'>minimum.</span> <span class='ocrx_word' id='word_1_397' title='bbox 1478 1531 1525 1562; x_wconf 83' lang='lat' dir='ltr'>Ita</span> <span class='ocrx_word' id='word_1_398' title='bbox 1535 1530 1621 1563; x_wconf 89' lang='lat' dir='ltr'>enim</span> <span class='ocrx_word' id='word_1_399' title='bbox 1634 1542 1703 1562; x_wconf 88' lang='lat' dir='ltr'>non</span> <span class='ocrx_word' id='word_1_400' title='bbox 1723 1528 1821 1577; x_wconf 69' lang='lat' dir='ltr'>longe</span> <span class='ocrx_word' id='word_1_401' title='bbox 1832 1529 1850 1564; x_wconf 72' lang='grc' dir='ltr'>εὶ</span> 
     </span>
     <span class='ocr_line' id='line_1_31' title="bbox 279 1574 1848 1627; baseline -0.002 -14"><span class='ocrx_word' id='word_1_402' title='bbox 279 1580 435 1627; x_wconf 87' lang='lat' dir='ltr'>principio</span> <span class='ocrx_word' id='word_1_403' title='bbox 450 1592 457 1611; x_wconf 91' lang='lat'><strong>:</strong></span> <span class='ocrx_word' id='word_1_404' title='bbox 472 1574 617 1612; x_wconf 51' lang='lat' dir='ltr'>alodis-iv</span> <span class='ocrx_word' id='word_1_405' title='bbox 632 1576 766 1622; x_wconf 60' lang='grc' dir='ltr'>ἐλοὶχιςσν</span> <span class='ocrx_word' id='word_1_406' title='bbox 778 1577 1041 1622; x_wconf 51' lang='grc' dir='ltr'>Ῥμελῳὸεμὲνωνς</span> <span class='ocrx_word' id='word_1_407' title='bbox 1055 1577 1177 1623; x_wconf 56' lang='grc' dir='ltr'>Φθυτγος.</span> <span class='ocrx_word' id='word_1_408' title='bbox 1190 1578 1261 1612; x_wconf 74' lang='grc' dir='ltr'>ἠ’δὲ</span> <span class='ocrx_word' id='word_1_409' title='bbox 1273 1582 1325 1614; x_wconf 56' lang='lat' dir='ltr'>{sav</span> <span class='ocrx_word' id='word_1_410' title='bbox 1338 1576 1473 1624; x_wconf 66' lang='grc' dir='ltr'><em>ἐλοὶχιςσν</em></span> <span class='ocrx_word' id='word_1_411' title='bbox 1484 1580 1510 1610; x_wconf 72' lang='lat' dir='ltr'>&#39;‘r‘&#39;</span> <span class='ocrx_word' id='word_1_412' title='bbox 1522 1576 1739 1624; x_wconf 55' lang='lat' dir='ltr'>Qqnflaeoe‘rwu</span> <span class='ocrx_word' id='word_1_413' title='bbox 1754 1576 1848 1613; x_wconf 63' lang='grc' dir='ltr'><em>δὶέο-ις.</em></span> 
     </span>
    </p>

    <p class='ocr_par' dir='ltr' id='par_1_6' title="bbox 281 1626 1855 1821">
     <span class='ocr_line' id='line_1_32' title="bbox 327 1626 1855 1676; baseline -0.001 -15"><span class='ocrx_word' id='word_1_414' title='bbox 327 1627 461 1673; x_wconf 67' lang='lat' dir='ltr'>Arzstidcs</span> <span class='ocrx_word' id='word_1_415' title='bbox 473 1629 666 1672; x_wconf 73' lang='lat' dir='ltr'>Qintilzanus</span> <span class='ocrx_word' id='word_1_416' title='bbox 675 1628 827 1660; x_wconf 70' lang='lat' dir='ltr'>nummum</span> <span class='ocrx_word' id='word_1_417' title='bbox 835 1632 906 1662; x_wconf 72' lang='lat' dir='ltr'>vocis</span> <span class='ocrx_word' id='word_1_418' title='bbox 917 1639 969 1673; x_wconf 88' lang='lat' dir='ltr'>per</span> <span class='ocrx_word' id='word_1_419' title='bbox 971 1628 1003 1672; x_wconf 70' lang='lat' dir='ltr'>fi*</span> <span class='ocrx_word' id='word_1_420' title='bbox 1011 1629 1161 1675; x_wconf 64' lang='lat' dir='ltr'>elec‘lum]</span> <span class='ocrx_word' id='word_1_421' title='bbox 1176 1629 1289 1663; x_wconf 71' lang='lat' dir='ltr'>Graeca</span> <span class='ocrx_word' id='word_1_422' title='bbox 1300 1627 1394 1676; x_wconf 81' lang='lat' dir='ltr'>ipsius</span> <span class='ocrx_word' id='word_1_423' title='bbox 1406 1627 1501 1661; x_wconf 88' lang='lat' dir='ltr'>verba</span> <span class='ocrx_word' id='word_1_424' title='bbox 1511 1626 1576 1660; x_wconf 78' lang='lat' dir='ltr'>haec</span> <span class='ocrx_word' id='word_1_425' title='bbox 1587 1626 1658 1661; x_wconf 90' lang='lat' dir='ltr'>sunt</span> <span class='ocrx_word' id='word_1_426' title='bbox 1673 1641 1680 1661; x_wconf 92' lang='lat'>:</span> <span class='ocrx_word' id='word_1_427' title='bbox 1694 1626 1806 1671; x_wconf 63' lang='lat' dir='ltr'>cch&#39;syoc</span> <span class='ocrx_word' id='word_1_428' title='bbox 1816 1626 1855 1664; x_wconf 75' lang='grc' dir='ltr'>ἐςῖ</span> 
     </span>
     <span class='ocr_line' id='line_1_33' title="bbox 282 1663 1851 1725; baseline 0.002 -17"><span class='ocrx_word' id='word_1_429' title='bbox 282 1680 382 1720; x_wconf 60' lang='grc' dir='ltr'>φωνῖς</span> <span class='ocrx_word' id='word_1_430' title='bbox 394 1679 525 1720; x_wconf 64' lang='grc' dir='ltr'>ἐμμελὲς</span> <span class='ocrx_word' id='word_1_431' title='bbox 537 1678 634 1720; x_wconf 45' lang='lat' dir='ltr'>saep&amp;-</span> <span class='ocrx_word' id='word_1_432' title='bbox 647 1674 781 1721; x_wconf 69' lang='grc' dir='ltr'>ἐλαίχιςυν</span> <span class='ocrx_word' id='word_1_433' title='bbox 796 1689 804 1709; x_wconf 90' lang='lat'><strong>:</strong></span> <span class='ocrx_word' id='word_1_434' title='bbox 827 1678 932 1710; x_wconf 89' lang='lat' dir='ltr'>Sonus</span> <span class='ocrx_word' id='word_1_435' title='bbox 944 1676 989 1710; x_wconf 89' lang='lat' dir='ltr'>est</span> <span class='ocrx_word' id='word_1_436' title='bbox 999 1681 1087 1711; x_wconf 85' lang='lat' dir='ltr'>vocis</span> <span class='ocrx_word' id='word_1_437' title='bbox 1098 1680 1184 1712; x_wconf 89' lang='lat' dir='ltr'>melo</span> <span class='ocrx_word' id='word_1_438' title='bbox 1197 1689 1288 1725; x_wconf 77' lang='lat' dir='ltr'>aptae,</span> <span class='ocrx_word' id='word_1_439' title='bbox 1302 1682 1354 1720; x_wconf 88' lang='lat' dir='ltr'>(ut</span> <span class='ocrx_word' id='word_1_440' title='bbox 1366 1679 1461 1712; x_wconf 86' lang='lat' dir='ltr'>vertit</span> <span class='ocrx_word' id='word_1_441' title='bbox 1471 1663 1644 1716; x_wconf 55' lang='lat' dir='ltr'>Boeffliiuffi</span> <span class='ocrx_word' id='word_1_442' title='bbox 1657 1678 1718 1716; x_wconf 88' lang='lat' dir='ltr'>vel,</span> <span class='ocrx_word' id='word_1_443' title='bbox 1731 1677 1851 1711; x_wconf 78' lang='lat' dir='ltr'>modu-</span> 
     </span>
     <span class='ocr_line' id='line_1_34' title="bbox 281 1723 1850 1775; baseline 0.001 -16"><span class='ocrx_word' id='word_1_444' title='bbox 281 1727 361 1765; x_wconf 74' lang='lat' dir='ltr'>latas,</span> <span class='ocrx_word' id='word_1_445' title='bbox 375 1737 410 1759; x_wconf 84' lang='lat' dir='ltr'>ut</span> <span class='ocrx_word' id='word_1_446' title='bbox 422 1727 517 1758; x_wconf 83' lang='lat' dir='ltr'>Mart.</span> <span class='ocrx_word' id='word_1_447' title='bbox 532 1726 630 1772; x_wconf 83' lang='lat' dir='ltr'>Cap.)</span> <span class='ocrx_word' id='word_1_448' title='bbox 643 1738 712 1772; x_wconf 85' lang='lat' dir='ltr'>pars</span> <span class='ocrx_word' id='word_1_449' title='bbox 724 1727 869 1759; x_wconf 88' lang='lat' dir='ltr'>minima.</span> <span class='ocrx_word' id='word_1_450' title='bbox 895 1728 1048 1760; x_wconf 90' lang='lat' dir='ltr'>Potuitne</span> <span class='ocrx_word' id='word_1_451' title='bbox 1059 1740 1118 1774; x_wconf 91' lang='lat' dir='ltr'>pro</span> <span class='ocrx_word' id='word_1_452' title='bbox 1130 1723 1278 1772; x_wconf 73' lang='grc' dir='ltr'>ἐμμελοιΓς</span> <span class='ocrx_word' id='word_1_453' title='bbox 1287 1729 1391 1775; x_wconf 84' lang='lat' dir='ltr'>legere</span> <span class='ocrx_word' id='word_1_454' title='bbox 1404 1723 1637 1768; x_wconf 62' lang='grc' dir='ltr'>ὣόἱυαδοὶιρεθέν,</span> <span class='ocrx_word' id='word_1_455' title='bbox 1647 1726 1698 1762; x_wconf 91' lang='lat' dir='ltr'>vel</span> <span class='ocrx_word' id='word_1_456' title='bbox 1708 1724 1850 1772; x_wconf 85' lang='lat' dir='ltr'>ejusmo-</span> 
     </span>
     <span class='ocr_line' id='line_1_35' title="bbox 281 1774 1129 1821; baseline 0.004 -14"><span class='ocrx_word' id='word_1_457' title='bbox 281 1774 313 1808; x_wconf 82' lang='lat' dir='ltr'>di</span> <span class='ocrx_word' id='word_1_458' title='bbox 324 1774 463 1820; x_wconf 85' lang='lat' dir='ltr'>aliquid?</span> <span class='ocrx_word' id='word_1_459' title='bbox 483 1775 525 1807; x_wconf 84' lang='lat' dir='ltr'>Et</span> <span class='ocrx_word' id='word_1_460' title='bbox 537 1777 607 1821; x_wconf 70' lang='lat' dir='ltr'>quis</span> <span class='ocrx_word' id='word_1_461' title='bbox 619 1775 663 1808; x_wconf 84' lang='lat' dir='ltr'>cst</span> <span class='ocrx_word' id='word_1_462' title='bbox 674 1775 804 1808; x_wconf 89' lang='lat' dir='ltr'>illorum</span> <span class='ocrx_word' id='word_1_463' title='bbox 818 1774 991 1809; x_wconf 90' lang='lat' dir='ltr'>verborum</span> <span class='ocrx_word' id='word_1_464' title='bbox 1003 1775 1129 1810; x_wconf 80' lang='lat' dir='ltr'>sensus?</span> 
     </span>
    </p>

    <p class='ocr_par' dir='ltr' id='par_1_7' title="bbox 283 1823 1849 1921">
     <span class='ocr_line' id='line_1_36' title="bbox 332 1823 1849 1871; baseline 0.003 -15"><span class='ocrx_word' id='word_1_465' title='bbox 332 1823 509 1868; x_wconf 76' lang='lat' dir='ltr'>Aristoxenus</span> <span class='ocrx_word' id='word_1_466' title='bbox 526 1824 619 1867; x_wconf 67' lang='lat' dir='ltr'>caſsim</span> <span class='ocrx_word' id='word_1_467' title='bbox 637 1829 707 1859; x_wconf 66' lang='lat' dir='ltr'>vocis</span> <span class='ocrx_word' id='word_1_468' title='bbox 723 1825 900 1859; x_wconf 66' lang='lat' dir='ltr'>modulatius</span> <span class='ocrx_word' id='word_1_469' title='bbox 913 1827 953 1859; x_wconf 85' lang='lat' dir='ltr'>ad</span> <span class='ocrx_word' id='word_1_470' title='bbox 966 1837 1065 1859; x_wconf 75' lang='lat' dir='ltr'>tonum</span> <span class='ocrx_word' id='word_1_471' title='bbox 1078 1826 1199 1871; x_wconf 70' lang='lat' dir='ltr'>unum]</span> <span class='ocrx_word' id='word_1_472' title='bbox 1213 1826 1326 1862; x_wconf 81' lang='lat' dir='ltr'>Graece</span> <span class='ocrx_word' id='word_1_473' title='bbox 1337 1827 1380 1860; x_wconf 88' lang='lat' dir='ltr'>ita</span> <span class='ocrx_word' id='word_1_474' title='bbox 1394 1839 1402 1860; x_wconf 72' lang='grc' dir='ltr'><strong><em>ε</em></strong></span> <span class='ocrx_word' id='word_1_475' title='bbox 1424 1825 1538 1871; x_wconf 59' lang='grc' dir='ltr'>φθόῖγος</span> <span class='ocrx_word' id='word_1_476' title='bbox 1551 1823 1591 1861; x_wconf 63' lang='grc' dir='ltr'>ἐφ’</span> <span class='ocrx_word' id='word_1_477' title='bbox 1605 1825 1704 1867; x_wconf 65' lang='grc' dir='ltr'><em>Φωννῗς</em></span> <span class='ocrx_word' id='word_1_478' title='bbox 1716 1823 1849 1866; x_wconf 63' lang='grc' dir='ltr'>ἔμμελὲς</span> 
     </span>
     <span class='ocr_line' id='line_1_37' title="bbox 283 1869 1849 1921; baseline 0.001 -18"><span class='ocrx_word' id='word_1_479' title='bbox 283 1872 380 1906; x_wconf 56' lang='lat' dir='ltr'>emm</span> <span class='ocrx_word' id='word_1_480' title='bbox 395 1869 448 1905; x_wconf 61' lang='grc' dir='ltr'>ἐΓτιῖ</span> <span class='ocrx_word' id='word_1_481' title='bbox 457 1874 528 1915; x_wconf 78' lang='grc' dir='ltr'><em>μίαν</em></span> <span class='ocrx_word' id='word_1_482' title='bbox 541 1871 633 1906; x_wconf 68' lang='grc' dir='ltr'>τοία-ιν.</span> <span class='ocrx_word' id='word_1_483' title='bbox 658 1875 740 1921; x_wconf 50' lang='lat' dir='ltr'>Q?</span> <span class='ocrx_word' id='word_1_484' title='bbox 752 1886 826 1907; x_wconf 87' lang='lat' dir='ltr'>cum</span> <span class='ocrx_word' id='word_1_485' title='bbox 838 1874 975 1908; x_wconf 84' lang='lat' dir='ltr'>Bo&#39;e&#39;thio</span> <span class='ocrx_word' id='word_1_486' title='bbox 989 1877 1162 1909; x_wconf 84' lang='lat' dir='ltr'>vertimus:</span> <span class='ocrx_word' id='word_1_487' title='bbox 1185 1878 1291 1909; x_wconf 85' lang='lat' dir='ltr'>Sonus</span> <span class='ocrx_word' id='word_1_488' title='bbox 1302 1875 1345 1908; x_wconf 90' lang='lat' dir='ltr'>est</span> <span class='ocrx_word' id='word_1_489' title='bbox 1357 1877 1444 1909; x_wconf 92' lang='lat' dir='ltr'>vocis</span> <span class='ocrx_word' id='word_1_490' title='bbox 1456 1876 1540 1907; x_wconf 90' lang='lat' dir='ltr'>melo</span> <span class='ocrx_word' id='word_1_491' title='bbox 1553 1883 1630 1919; x_wconf 89' lang='lat' dir='ltr'>aptae</span> <span class='ocrx_word' id='word_1_492' title='bbox 1640 1895 1650 1909; x_wconf 88' lang='lat'>‚</span> <span class='ocrx_word' id='word_1_493' title='bbox 1663 1870 1715 1905; x_wconf 87' lang='lat' dir='ltr'>seu</span> <span class='ocrx_word' id='word_1_494' title='bbox 1728 1871 1849 1905; x_wconf 83' lang='lat' dir='ltr'>modu—-</span> 
     </span>
    </p>
   </div>
   <div class='ocr_carea' id='block_1_2' title="bbox 283 1914 1848 2015">
    <p class='ocr_par' dir='ltr' id='par_1_8' title="bbox 283 1914 1848 2015">
     <span class='ocr_line' id='line_1_38' title="bbox 284 1914 1848 1970; baseline 0 -16"><span class='ocrx_word' id='word_1_495' title='bbox 284 1922 352 1955; x_wconf 79' lang='lat' dir='ltr'>latae</span> <span class='ocrx_word' id='word_1_496' title='bbox 365 1944 374 1958; x_wconf 86' lang='lat'>,</span> <span class='ocrx_word' id='word_1_497' title='bbox 395 1919 480 1953; x_wconf 85' lang='lat' dir='ltr'>casus</span> <span class='ocrx_word' id='word_1_498' title='bbox 491 1922 523 1953; x_wconf 88' lang='lat' dir='ltr'>iu</span> <span class='ocrx_word' id='word_1_499' title='bbox 532 1933 629 1953; x_wconf 86' lang='lat' dir='ltr'>unam</span> <span class='ocrx_word' id='word_1_500' title='bbox 640 1914 861 1955; x_wconf 82' lang='lat' dir='ltr'>intensionem.</span> <span class='ocrx_word' id='word_1_501' title='bbox 888 1923 976 1957; x_wconf 79' lang='lat' dir='ltr'>Illam</span> <span class='ocrx_word' id='word_1_502' title='bbox 987 1935 1096 1958; x_wconf 83' lang='lat' dir='ltr'>tamen</span> <span class='ocrx_word' id='word_1_503' title='bbox 1115 1923 1274 1958; x_wconf 90' lang='lat' dir='ltr'>Philandri</span> <span class='ocrx_word' id='word_1_504' title='bbox 1284 1924 1581 1970; x_wconf 85' lang='lat' dir='ltr'>interpretationem</span> <span class='ocrx_word' id='word_1_505' title='bbox 1591 1922 1625 1954; x_wconf 88' lang='lat' dir='ltr'>in</span> <span class='ocrx_word' id='word_1_506' title='bbox 1635 1920 1726 1954; x_wconf 84' lang='lat' dir='ltr'>suum</span> <span class='ocrx_word' id='word_1_507' title='bbox 1739 1921 1801 1954; x_wconf 90' lang='lat' dir='ltr'>Gr.</span> <span class='ocrx_word' id='word_1_508' title='bbox 1812 1923 1848 1955; x_wconf 85' lang='lat' dir='ltr'>L.</span> 
     </span>
     <span class='ocr_line' id='line_1_39' title="bbox 283 1968 1014 2015; baseline 0 -11"><span class='ocrx_word' id='word_1_509' title='bbox 283 1968 484 2004; x_wconf 63' lang='lat' dir='ltr'>Thesaurum</span> <span class='ocrx_word' id='word_1_510' title='bbox 495 1968 697 2014; x_wconf 85' lang='lat' dir='ltr'>transscripsit</span> <span class='ocrx_word' id='word_1_511' title='bbox 708 1970 811 2002; x_wconf 88' lang='lat' dir='ltr'>Henr.</span> <span class='ocrx_word' id='word_1_512' title='bbox 825 1970 1014 2015; x_wconf 84' lang='lat' dir='ltr'>Stephanus.</span> 
     </span>
    </p>
   </div>
   <div class='ocr_carea' id='block_1_3' title="bbox 281 2016 1853 3034">
    <p class='ocr_par' dir='ltr' id='par_1_9' title="bbox 281 2016 1851 2263">
     <span class='ocr_line' id='line_1_40' title="bbox 331 2016 1848 2067; baseline 0.001 -15"><span class='ocrx_word' id='word_1_513' title='bbox 331 2018 469 2067; x_wconf 80' lang='lat' dir='ltr'>Thrasyllo</span> <span class='ocrx_word' id='word_1_514' title='bbox 483 2018 519 2055; x_wconf 66' lang='lat' dir='ltr'>(y</span> <span class='ocrx_word' id='word_1_515' title='bbox 533 2016 684 2061; x_wconf 73' lang='lat' dir='ltr'>Theoniest</span> <span class='ocrx_word' id='word_1_516' title='bbox 694 2016 828 2060; x_wconf 77' lang='lat' dir='ltr'>senfibclis</span> <span class='ocrx_word' id='word_1_517' title='bbox 839 2018 1022 2061; x_wconf 80' lang='lat' dir='ltr'>instrumenti</span> <span class='ocrx_word' id='word_1_518' title='bbox 1031 2023 1101 2053; x_wconf 62' lang='lat' dir='ltr'>vocia</span> <span class='ocrx_word' id='word_1_519' title='bbox 1113 2021 1326 2066; x_wconf 52' lang='lat' dir='ltr'>enarmonium]</span> <span class='ocrx_word' id='word_1_520' title='bbox 1347 2016 1531 2052; x_wconf 83' lang='lat' dir='ltr'>Monstrosa</span> <span class='ocrx_word' id='word_1_521' title='bbox 1547 2017 1612 2053; x_wconf 83' lang='lat' dir='ltr'>haec</span> <span class='ocrx_word' id='word_1_522' title='bbox 1625 2017 1669 2052; x_wconf 90' lang='lat' dir='ltr'>est</span> <span class='ocrx_word' id='word_1_523' title='bbox 1688 2016 1848 2053; x_wconf 82' lang='lat' dir='ltr'>definitio.</span> 
     </span>
     <span class='ocr_line' id='line_1_41' title="bbox 281 2063 1850 2113; baseline 0.001 -12"><span class='ocrx_word' id='word_1_524' title='bbox 281 2068 364 2102; x_wconf 83' lang='lat' dir='ltr'>Ecce</span> <span class='ocrx_word' id='word_1_525' title='bbox 377 2067 524 2101; x_wconf 83' lang='lat' dir='ltr'>Graecam</span> <span class='ocrx_word' id='word_1_526' title='bbox 536 2065 684 2099; x_wconf 87' lang='lat' dir='ltr'>Theonis</span> <span class='ocrx_word' id='word_1_527' title='bbox 697 2067 822 2112; x_wconf 86' lang='lat' dir='ltr'>Smyrn.</span> <span class='ocrx_word' id='word_1_528' title='bbox 844 2066 957 2110; x_wconf 63' lang='grc' dir='ltr'>φῧτΤγος</span> <span class='ocrx_word' id='word_1_529' title='bbox 976 2064 1014 2102; x_wconf 74' lang='grc' dir='ltr'>ἐςὶ</span> <span class='ocrx_word' id='word_1_530' title='bbox 1023 2070 1122 2110; x_wconf 63' lang='grc' dir='ltr'><em>φωνῆς</em></span> <span class='ocrx_word' id='word_1_531' title='bbox 1143 2070 1297 2113; x_wconf 45' lang='lat' dir='ltr'>&#39;eumenem</span> <span class='ocrx_word' id='word_1_532' title='bbox 1308 2063 1400 2102; x_wconf 72' lang='grc' dir='ltr'>τοία-ις.</span> <span class='ocrx_word' id='word_1_533' title='bbox 1422 2070 1527 2101; x_wconf 87' lang='lat' dir='ltr'>Sonus</span> <span class='ocrx_word' id='word_1_534' title='bbox 1548 2066 1591 2100; x_wconf 87' lang='lat' dir='ltr'>est</span> <span class='ocrx_word' id='word_1_535' title='bbox 1610 2066 1747 2101; x_wconf 81' lang='lat' dir='ltr'>intensio</span> <span class='ocrx_word' id='word_1_536' title='bbox 1760 2071 1850 2102; x_wconf 89' lang='lat' dir='ltr'>vocis</span> 
     </span>
     <span class='ocr_line' id='line_1_42' title="bbox 283 2114 1850 2164; baseline 0.001 -14"><span class='ocrx_word' id='word_1_537' title='bbox 283 2118 460 2150; x_wconf 80' lang='lat' dir='ltr'>concinnae.</span> <span class='ocrx_word' id='word_1_538' title='bbox 486 2117 566 2149; x_wconf 85' lang='lat' dir='ltr'>Non</span> <span class='ocrx_word' id='word_1_539' title='bbox 578 2114 620 2148; x_wconf 82' lang='lat' dir='ltr'>est</span> <span class='ocrx_word' id='word_1_540' title='bbox 631 2140 640 2154; x_wconf 89' lang='lat'>‚</span> <span class='ocrx_word' id='word_1_541' title='bbox 659 2117 764 2161; x_wconf 89' lang='lat' dir='ltr'>inquit</span> <span class='ocrx_word' id='word_1_542' title='bbox 775 2114 870 2149; x_wconf 86' lang='lat' dir='ltr'>Theo</span> <span class='ocrx_word' id='word_1_543' title='bbox 883 2141 894 2156; x_wconf 89' lang='lat'>,</span> <span class='ocrx_word' id='word_1_544' title='bbox 915 2115 1082 2163; x_wconf 87' lang='lat' dir='ltr'>cujussibet</span> <span class='ocrx_word' id='word_1_545' title='bbox 1094 2119 1182 2152; x_wconf 88' lang='lat' dir='ltr'>vocis</span> <span class='ocrx_word' id='word_1_546' title='bbox 1193 2119 1333 2151; x_wconf 90' lang='lat' dir='ltr'>intentio</span> <span class='ocrx_word' id='word_1_547' title='bbox 1346 2142 1355 2157; x_wconf 89' lang='lat'>,</span> <span class='ocrx_word' id='word_1_548' title='bbox 1374 2116 1425 2150; x_wconf 89' lang='lat' dir='ltr'>sed</span> <span class='ocrx_word' id='word_1_549' title='bbox 1436 2118 1641 2155; x_wconf 80' lang='lat' dir='ltr'>enarmoniae,</span> <span class='ocrx_word' id='word_1_550' title='bbox 1658 2127 1693 2150; x_wconf 89' lang='lat' dir='ltr'>ut</span> <span class='ocrx_word' id='word_1_551' title='bbox 1705 2116 1850 2164; x_wconf 86' lang='lat' dir='ltr'>hypates,</span> 
     </span>
     <span class='ocr_line' id='line_1_43' title="bbox 282 2162 1851 2214; baseline 0.001 -14"><span class='ocrx_word' id='word_1_552' title='bbox 282 2165 394 2205; x_wconf 87' lang='lat' dir='ltr'>meses,</span> <span class='ocrx_word' id='word_1_553' title='bbox 407 2175 507 2198; x_wconf 89' lang='lat' dir='ltr'>netes.</span> <span class='ocrx_word' id='word_1_554' title='bbox 536 2163 627 2210; x_wconf 67' lang='lat' dir='ltr'>Qijd</span> <span class='ocrx_word' id='word_1_555' title='bbox 639 2162 816 2209; x_wconf 54' lang='grc' dir='ltr'>ὼκαξμᾶνιον,</span> <span class='ocrx_word' id='word_1_556' title='bbox 828 2165 954 2211; x_wconf 69' lang='grc' dir='ltr'>αἶςμονιόι</span> <span class='ocrx_word' id='word_1_557' title='bbox 966 2190 975 2205; x_wconf 86' lang='grc'>,</span> <span class='ocrx_word' id='word_1_558' title='bbox 987 2179 1047 2200; x_wconf 91' lang='lat' dir='ltr'>nos</span> <span class='ocrx_word' id='word_1_559' title='bbox 1058 2168 1090 2199; x_wconf 91' lang='lat' dir='ltr'>in</span> <span class='ocrx_word' id='word_1_560' title='bbox 1103 2179 1200 2213; x_wconf 86' lang='lat' dir='ltr'>opere</span> <span class='ocrx_word' id='word_1_561' title='bbox 1211 2167 1263 2200; x_wconf 93' lang='lat' dir='ltr'>De</span> <span class='ocrx_word' id='word_1_562' title='bbox 1280 2168 1426 2214; x_wconf 82' lang='lat' dir='ltr'>Antiqua</span> <span class='ocrx_word' id='word_1_563' title='bbox 1436 2164 1559 2200; x_wconf 79' lang='lat' dir='ltr'>Musica</span> <span class='ocrx_word' id='word_1_564' title='bbox 1569 2189 1579 2206; x_wconf 88' lang='lat'>,</span> <span class='ocrx_word' id='word_1_565' title='bbox 1597 2164 1668 2200; x_wconf 69' lang='lat' dir='ltr'>late·</span> <span class='ocrx_word' id='word_1_566' title='bbox 1696 2166 1789 2201; x_wconf 90' lang='lat' dir='ltr'>Plura</span> <span class='ocrx_word' id='word_1_567' title='bbox 1798 2164 1851 2201; x_wconf 77' lang='lat' dir='ltr'>hic</span> 
     </span>
     <span class='ocr_line' id='line_1_44' title="bbox 283 2213 1188 2263; baseline 0 -14"><span class='ocrx_word' id='word_1_568' title='bbox 283 2214 355 2249; x_wconf 85' lang='lat' dir='ltr'>sunt</span> <span class='ocrx_word' id='word_1_569' title='bbox 366 2239 375 2254; x_wconf 89' lang='lat'>,</span> <span class='ocrx_word' id='word_1_570' title='bbox 388 2226 456 2261; x_wconf 77' lang='lat' dir='ltr'>quae</span> <span class='ocrx_word' id='word_1_571' title='bbox 467 2216 575 2248; x_wconf 85' lang='lat' dir='ltr'>limam</span> <span class='ocrx_word' id='word_1_572' title='bbox 587 2224 792 2260; x_wconf 80' lang='lat' dir='ltr'>requirerent,</span> <span class='ocrx_word' id='word_1_573' title='bbox 805 2213 843 2247; x_wconf 89' lang='lat' dir='ltr'>de</span> <span class='ocrx_word' id='word_1_574' title='bbox 853 2214 971 2261; x_wconf 90' lang='lat' dir='ltr'>quibus</span> <span class='ocrx_word' id='word_1_575' title='bbox 982 2214 1055 2248; x_wconf 87' lang='lat' dir='ltr'>alibi</span> <span class='ocrx_word' id='word_1_576' title='bbox 1066 2227 1188 2263; x_wconf 82' lang='lat' dir='ltr'>agetur.</span> 
     </span>
    </p>

    <p class='ocr_par' dir='ltr' id='par_1_10' title="bbox 282 2265 1853 2953">
     <span class='ocr_line' id='line_1_45' title="bbox 331 2265 1851 2313; baseline 0.002 -17"><span class='ocrx_word' id='word_1_577' title='bbox 331 2267 427 2297; x_wconf 55' lang='lat' dir='ltr'>Pac..</span> <span class='ocrx_word' id='word_1_578' title='bbox 449 2275 591 2296; x_wconf 79' lang='lat' dir='ltr'>Lxxxv.</span> <span class='ocrx_word' id='word_1_579' title='bbox 618 2266 808 2308; x_wconf 67' lang='lat' dir='ltr'>antiquorum</span> <span class='ocrx_word' id='word_1_580' title='bbox 827 2274 974 2309; x_wconf 80' lang='lat' dir='ltr'>troporum</span> <span class='ocrx_word' id='word_1_581' title='bbox 994 2265 1171 2310; x_wconf 84' lang='lat' dir='ltr'>Muficorum</span> <span class='ocrx_word' id='word_1_582' title='bbox 1189 2277 1254 2299; x_wconf 86' lang='lat' dir='ltr'>cum</span> <span class='ocrx_word' id='word_1_583' title='bbox 1266 2266 1349 2310; x_wconf 81' lang='lat' dir='ltr'>scala</span> <span class='ocrx_word' id='word_1_584' title='bbox 1361 2291 1370 2305; x_wconf 91' lang='lat'><em>‚</em></span> <span class='ocrx_word' id='word_1_585' title='bbox 1390 2265 1474 2310; x_wconf 50' lang='grc' dir='ltr'>ἀφ]</span> <span class='ocrx_word' id='word_1_586' title='bbox 1495 2265 1614 2299; x_wconf 85' lang='lat' dir='ltr'>Nullus</span> <span class='ocrx_word' id='word_1_587' title='bbox 1635 2278 1779 2313; x_wconf 85' lang='lat' dir='ltr'>unquam</span> <span class='ocrx_word' id='word_1_588' title='bbox 1799 2265 1851 2299; x_wconf 92' lang='lat' dir='ltr'>vel</span> 
     </span>
     <span class='ocr_line' id='line_1_46' title="bbox 284 2312 1851 2362; baseline 0.001 -16"><span class='ocrx_word' id='word_1_589' title='bbox 284 2313 475 2346; x_wconf 76' lang='lat' dir='ltr'>Graecorum</span> <span class='ocrx_word' id='word_1_590' title='bbox 487 2313 536 2346; x_wconf 84' lang='lat' dir='ltr'>vel</span> <span class='ocrx_word' id='word_1_591' title='bbox 548 2313 736 2346; x_wconf 86' lang='lat' dir='ltr'>Latinorum</span> <span class='ocrx_word' id='word_1_592' title='bbox 748 2312 845 2347; x_wconf 89' lang='lat' dir='ltr'>sonos</span> <span class='ocrx_word' id='word_1_593' title='bbox 855 2312 908 2347; x_wconf 73' lang='lat' dir='ltr'>seu</span> <span class='ocrx_word' id='word_1_594' title='bbox 921 2312 1054 2354; x_wconf 87' lang='lat' dir='ltr'>sonitus,</span> <span class='ocrx_word' id='word_1_595' title='bbox 1065 2317 1135 2362; x_wconf 88' lang='lat' dir='ltr'>(qui</span> <span class='ocrx_word' id='word_1_596' title='bbox 1147 2313 1260 2348; x_wconf 69' lang='lat' dir='ltr'>Boeth.</span> <span class='ocrx_word' id='word_1_597' title='bbox 1271 2319 1303 2349; x_wconf 67' lang='grc' dir='ltr'>δε</span> <span class='ocrx_word' id='word_1_598' title='bbox 1317 2315 1453 2362; x_wconf 83' lang='lat' dir='ltr'>Capellae</span> <span class='ocrx_word' id='word_1_599' title='bbox 1464 2313 1536 2348; x_wconf 89' lang='lat' dir='ltr'>sunt</span> <span class='ocrx_word' id='word_1_600' title='bbox 1546 2318 1670 2356; x_wconf 88' lang='lat' dir='ltr'>voces,)</span> <span class='ocrx_word' id='word_1_601' title='bbox 1683 2315 1851 2362; x_wconf 84' lang='lat' dir='ltr'>appellavit</span> 
     </span>
     <span class='ocr_line' id='line_1_47' title="bbox 282 2359 1850 2410; baseline 0.001 -14"><span class='ocrx_word' id='word_1_602' title='bbox 282 2372 411 2409; x_wconf 75' lang='lat' dir='ltr'>tropos,</span> <span class='ocrx_word' id='word_1_603' title='bbox 439 2359 575 2408; x_wconf 63' lang='lat' dir='ltr'>Capellae</span> <span class='ocrx_word' id='word_1_604' title='bbox 585 2373 734 2410; x_wconf 77' lang='lat' dir='ltr'>corrupta</span> <span class='ocrx_word' id='word_1_605' title='bbox 745 2364 854 2410; x_wconf 86' lang='lat' dir='ltr'>capitis</span> <span class='ocrx_word' id='word_1_606' title='bbox 864 2361 1025 2410; x_wconf 87' lang='lat' dir='ltr'>inscriptio</span> <span class='ocrx_word' id='word_1_607' title='bbox 1042 2362 1127 2398; x_wconf 91' lang='lat' dir='ltr'>hunc</span> <span class='ocrx_word' id='word_1_608' title='bbox 1139 2362 1285 2398; x_wconf 91' lang='lat' dir='ltr'>nostrum</span> <span class='ocrx_word' id='word_1_609' title='bbox 1297 2375 1442 2398; x_wconf 88' lang='lat' dir='ltr'>autorem</span> <span class='ocrx_word' id='word_1_610' title='bbox 1455 2389 1464 2404; x_wconf 92' lang='lat'>,</span> <span class='ocrx_word' id='word_1_611' title='bbox 1487 2365 1541 2410; x_wconf 92' lang='lat' dir='ltr'>qui</span> <span class='ocrx_word' id='word_1_612' title='bbox 1559 2376 1627 2397; x_wconf 92' lang='lat' dir='ltr'>non</span> <span class='ocrx_word' id='word_1_613' title='bbox 1638 2361 1733 2397; x_wconf 89' lang='lat' dir='ltr'>semel</span> <span class='ocrx_word' id='word_1_614' title='bbox 1744 2365 1788 2397; x_wconf 83' lang='lat' dir='ltr'>ita</span> <span class='ocrx_word' id='word_1_615' title='bbox 1799 2364 1850 2397; x_wconf 80' lang='lat' dir='ltr'>lo-</span> 
     </span>
     <span class='ocr_line' id='line_1_48' title="bbox 283 2411 1852 2462; baseline 0.001 -18"><span class='ocrx_word' id='word_1_616' title='bbox 283 2413 404 2458; x_wconf 86' lang='lat' dir='ltr'>quitur,</span> <span class='ocrx_word' id='word_1_617' title='bbox 418 2413 448 2444; x_wconf 85' lang='lat'>&amp;</span> <span class='ocrx_word' id='word_1_618' title='bbox 462 2411 566 2444; x_wconf 87' lang='lat' dir='ltr'>Henr.</span> <span class='ocrx_word' id='word_1_619' title='bbox 580 2411 776 2458; x_wconf 78' lang='lat' dir='ltr'>Stephanum</span> <span class='ocrx_word' id='word_1_620' title='bbox 788 2412 927 2460; x_wconf 89' lang='lat' dir='ltr'>decepit.</span> <span class='ocrx_word' id='word_1_621' title='bbox 955 2412 1035 2447; x_wconf 90' lang='lat' dir='ltr'>Illud</span> <span class='ocrx_word' id='word_1_622' title='bbox 1049 2415 1136 2447; x_wconf 90' lang='lat' dir='ltr'>enim</span> <span class='ocrx_word' id='word_1_623' title='bbox 1148 2424 1243 2462; x_wconf 81' lang='lat' dir='ltr'>caput</span> <span class='ocrx_word' id='word_1_624' title='bbox 1254 2438 1265 2454; x_wconf 88' lang='lat'>,</span> <span class='ocrx_word' id='word_1_625' title='bbox 1286 2413 1376 2461; x_wconf 87' lang='lat' dir='ltr'>quod</span> <span class='ocrx_word' id='word_1_626' title='bbox 1388 2412 1566 2447; x_wconf 88' lang='lat' dir='ltr'>inscribitur</span> <span class='ocrx_word' id='word_1_627' title='bbox 1575 2414 1627 2446; x_wconf 88' lang='lat' dir='ltr'>De</span> <span class='ocrx_word' id='word_1_628' title='bbox 1639 2413 1761 2460; x_wconf 86' lang='lat' dir='ltr'>Tropis</span> <span class='ocrx_word' id='word_1_629' title='bbox 1774 2437 1784 2453; x_wconf 90' lang='lat'>,</span> <span class='ocrx_word' id='word_1_630' title='bbox 1804 2414 1852 2447; x_wconf 83' lang='lat' dir='ltr'>le-</span> 
     </span>
     <span class='ocr_line' id='line_1_49' title="bbox 282 2458 1852 2510; baseline 0.001 -17"><span class='ocrx_word' id='word_1_631' title='bbox 282 2459 429 2508; x_wconf 76' lang='lat' dir='ltr'>gendum</span> <span class='ocrx_word' id='word_1_632' title='bbox 440 2458 496 2499; x_wconf 87' lang='lat' dir='ltr'>est,</span> <span class='ocrx_word' id='word_1_633' title='bbox 507 2460 559 2492; x_wconf 91' lang='lat' dir='ltr'>De</span> <span class='ocrx_word' id='word_1_634' title='bbox 571 2461 677 2493; x_wconf 90' lang='lat' dir='ltr'>Tonis</span> <span class='ocrx_word' id='word_1_635' title='bbox 687 2486 696 2499; x_wconf 87' lang='lat'>‚</span> <span class='ocrx_word' id='word_1_636' title='bbox 707 2462 872 2502; x_wconf 68' lang='lat' dir='ltr'>veledam,</span> <span class='ocrx_word' id='word_1_637' title='bbox 883 2463 987 2496; x_wconf 78' lang='lat' dir='ltr'>sonis.</span> <span class='ocrx_word' id='word_1_638' title='bbox 1016 2462 1076 2497; x_wconf 88' lang='lat' dir='ltr'>Sed</span> <span class='ocrx_word' id='word_1_639' title='bbox 1085 2462 1165 2497; x_wconf 87' lang='lat' dir='ltr'>hanc</span> <span class='ocrx_word' id='word_1_640' title='bbox 1174 2462 1414 2510; x_wconf 88' lang='lat' dir='ltr'>inscriptionem</span> <span class='ocrx_word' id='word_1_641' title='bbox 1425 2460 1505 2495; x_wconf 91' lang='lat' dir='ltr'>ferre</span> <span class='ocrx_word' id='word_1_642' title='bbox 1518 2474 1587 2495; x_wconf 90' lang='lat' dir='ltr'>non</span> <span class='ocrx_word' id='word_1_643' title='bbox 1596 2463 1703 2509; x_wconf 87' lang='lat' dir='ltr'>potuit</span> <span class='ocrx_word' id='word_1_644' title='bbox 1714 2460 1782 2502; x_wconf 89' lang='lat' dir='ltr'>iste,</span> <span class='ocrx_word' id='word_1_645' title='bbox 1795 2464 1852 2508; x_wconf 88' lang='lat' dir='ltr'>qui</span> 
     </span>
     <span class='ocr_line' id='line_1_50' title="bbox 284 2507 1850 2560; baseline 0.001 -17"><span class='ocrx_word' id='word_1_646' title='bbox 284 2511 441 2556; x_wconf 87' lang='lat' dir='ltr'>corrupit,</span> <span class='ocrx_word' id='word_1_647' title='bbox 452 2507 566 2542; x_wconf 88' lang='lat' dir='ltr'>sciolus</span> <span class='ocrx_word' id='word_1_648' title='bbox 579 2522 587 2547; x_wconf 72' lang='grc' dir='ltr'><strong>ς</strong></span> <span class='ocrx_word' id='word_1_649' title='bbox 600 2508 690 2555; x_wconf 89' lang='lat' dir='ltr'>quod</span> <span class='ocrx_word' id='word_1_650' title='bbox 701 2512 825 2558; x_wconf 83' lang='lat' dir='ltr'>integra</span> <span class='ocrx_word' id='word_1_651' title='bbox 836 2510 1042 2558; x_wconf 86' lang='lat' dir='ltr'>sequerentur</span> <span class='ocrx_word' id='word_1_652' title='bbox 1053 2516 1155 2560; x_wconf 85' lang='lat' dir='ltr'>capita</span> <span class='ocrx_word' id='word_1_653' title='bbox 1163 2514 1215 2546; x_wconf 90' lang='lat' dir='ltr'>De</span> <span class='ocrx_word' id='word_1_654' title='bbox 1229 2514 1337 2552; x_wconf 87' lang='lat' dir='ltr'>Sonis,</span> <span class='ocrx_word' id='word_1_655' title='bbox 1348 2515 1392 2547; x_wconf 71' lang='grc' dir='ltr'>δε,</span> <span class='ocrx_word' id='word_1_656' title='bbox 1404 2513 1457 2545; x_wconf 91' lang='lat' dir='ltr'>De</span> <span class='ocrx_word' id='word_1_657' title='bbox 1468 2512 1587 2545; x_wconf 86' lang='lat' dir='ltr'>Tonis.</span> <span class='ocrx_word' id='word_1_658' title='bbox 1608 2512 1741 2558; x_wconf 89' lang='lat' dir='ltr'>Tropus</span> <span class='ocrx_word' id='word_1_659' title='bbox 1752 2513 1783 2544; x_wconf 92' lang='lat' dir='ltr'>in</span> <span class='ocrx_word' id='word_1_660' title='bbox 1794 2510 1850 2544; x_wconf 90' lang='lat' dir='ltr'>illo</span> 
     </span>
     <span class='ocr_line' id='line_1_51' title="bbox 285 2556 1851 2609; baseline 0.001 -17"><span class='ocrx_word' id='word_1_661' title='bbox 285 2561 387 2606; x_wconf 85' lang='lat' dir='ltr'>capite</span> <span class='ocrx_word' id='word_1_662' title='bbox 399 2562 429 2591; x_wconf 70' lang='grc' dir='ltr'>δε</span> <span class='ocrx_word' id='word_1_663' title='bbox 441 2556 584 2604; x_wconf 89' lang='lat' dir='ltr'>sequenti</span> <span class='ocrx_word' id='word_1_664' title='bbox 594 2582 604 2597; x_wconf 89' lang='lat'>‚</span> <span class='ocrx_word' id='word_1_665' title='bbox 617 2557 673 2591; x_wconf 89' lang='lat' dir='ltr'>ubi</span> <span class='ocrx_word' id='word_1_666' title='bbox 685 2561 769 2605; x_wconf 87' lang='lat' dir='ltr'>tropi</span> <span class='ocrx_word' id='word_1_667' title='bbox 781 2572 990 2595; x_wconf 81' lang='lat' dir='ltr'>numerantur</span> <span class='ocrx_word' id='word_1_668' title='bbox 1000 2562 1198 2609; x_wconf 90' lang='lat' dir='ltr'>quindecim,</span> <span class='ocrx_word' id='word_1_669' title='bbox 1210 2563 1310 2609; x_wconf 90' lang='lat' dir='ltr'>qui&amp;</span> <span class='ocrx_word' id='word_1_670' title='bbox 1322 2562 1413 2594; x_wconf 91' lang='lat' dir='ltr'>Toni</span> <span class='ocrx_word' id='word_1_671' title='bbox 1425 2561 1622 2608; x_wconf 88' lang='lat' dir='ltr'>appellantur</span> <span class='ocrx_word' id='word_1_672' title='bbox 1633 2585 1643 2600; x_wconf 92' lang='lat'>‚</span> <span class='ocrx_word' id='word_1_673' title='bbox 1664 2560 1786 2608; x_wconf 86' lang='lat' dir='ltr'>semper</span> <span class='ocrx_word' id='word_1_674' title='bbox 1796 2572 1851 2592; x_wconf 86' lang='lat' dir='ltr'>ca-</span> 
     </span>
     <span class='ocr_line' id='line_1_52' title="bbox 284 2604 1851 2659; baseline 0 -17"><span class='ocrx_word' id='word_1_675' title='bbox 284 2607 358 2642; x_wconf 84' lang='lat' dir='ltr'>dem</span> <span class='ocrx_word' id='word_1_676' title='bbox 370 2610 507 2641; x_wconf 85' lang='lat' dir='ltr'>notione</span> <span class='ocrx_word' id='word_1_677' title='bbox 519 2606 696 2654; x_wconf 83' lang='lat' dir='ltr'>usurpatur.</span> <span class='ocrx_word' id='word_1_678' title='bbox 724 2607 784 2641; x_wconf 87' lang='lat' dir='ltr'>Sed</span> <span class='ocrx_word' id='word_1_679' title='bbox 794 2612 825 2642; x_wconf 81' lang='lat'>&amp;</span> <span class='ocrx_word' id='word_1_680' title='bbox 838 2610 1018 2644; x_wconf 83' lang='lat' dir='ltr'>Martianus</span> <span class='ocrx_word' id='word_1_681' title='bbox 1029 2610 1111 2645; x_wconf 72' lang='grc' dir='ltr'>τεᾶὂ</span> <span class='ocrx_word' id='word_1_682' title='bbox 1124 2625 1132 2645; x_wconf 81' lang='lat' dir='ltr'>t</span> <span class='ocrx_word' id='word_1_683' title='bbox 1153 2613 1272 2645; x_wconf 91' lang='lat' dir='ltr'>Tonus</span> <span class='ocrx_word' id='word_1_684' title='bbox 1282 2613 1380 2659; x_wconf 83' lang='lat' dir='ltr'>igitur</span> <span class='ocrx_word' id='word_1_685' title='bbox 1392 2613 1405 2652; x_wconf 82' lang='grc'>&lt;</span> <span class='ocrx_word' id='word_1_686' title='bbox 1415 2605 1513 2656; x_wconf 86' lang='lat' dir='ltr'>quern</span> <span class='ocrx_word' id='word_1_687' title='bbox 1525 2604 1622 2657; x_wconf 69' lang='lat' dir='ltr'>paulo</span> <span class='ocrx_word' id='word_1_688' title='bbox 1634 2621 1705 2643; x_wconf 88' lang='lat' dir='ltr'>ante</span> <span class='ocrx_word' id='word_1_689' title='bbox 1717 2607 1851 2643; x_wconf 82' lang='lat' dir='ltr'>definic-</span> 
     </span>
     <span class='ocr_line' id='line_1_53' title="bbox 286 2655 1850 2708; baseline 0.001 -19"><span class='ocrx_word' id='word_1_690' title='bbox 286 2668 333 2689; x_wconf 79' lang='lat' dir='ltr'>rat</span> <span class='ocrx_word' id='word_1_691' title='bbox 344 2655 477 2704; x_wconf 84' lang='lat' dir='ltr'>spatium</span> <span class='ocrx_word' id='word_1_692' title='bbox 489 2669 563 2690; x_wconf 89' lang='lat' dir='ltr'>cum</span> <span class='ocrx_word' id='word_1_693' title='bbox 573 2657 716 2705; x_wconf 81' lang='lat' dir='ltr'>legitima</span> <span class='ocrx_word' id='word_1_694' title='bbox 726 2659 920 2704; x_wconf 83' lang='lat' dir='ltr'>quantitate,</span> <span class='ocrx_word' id='word_1_695' title='bbox 932 2664 1009 2702; x_wconf 69' lang='grc' dir='ltr'>ὅτε.)</span> <span class='ocrx_word' id='word_1_696' title='bbox 1032 2661 1117 2694; x_wconf 91' lang='lat' dir='ltr'>idem</span> <span class='ocrx_word' id='word_1_697' title='bbox 1129 2661 1306 2708; x_wconf 75' lang='lat' dir='ltr'>plerunque</span> <span class='ocrx_word' id='word_1_698' title='bbox 1317 2660 1489 2707; x_wconf 88' lang='lat' dir='ltr'>appellatur</span> <span class='ocrx_word' id='word_1_699' title='bbox 1500 2663 1531 2693; x_wconf 87' lang='lat'>&amp;</span> <span class='ocrx_word' id='word_1_700' title='bbox 1543 2658 1650 2693; x_wconf 86' lang='lat' dir='ltr'>sonus.</span> <span class='ocrx_word' id='word_1_701' title='bbox 1676 2660 1753 2691; x_wconf 91' lang='lat' dir='ltr'>Tria</span> <span class='ocrx_word' id='word_1_702' title='bbox 1764 2660 1850 2691; x_wconf 86' lang='lat' dir='ltr'>enim</span> 
     </span>
     <span class='ocr_line' id='line_1_54' title="bbox 284 2704 1851 2757; baseline 0.001 -20"><span class='ocrx_word' id='word_1_703' title='bbox 284 2704 460 2739; x_wconf 83' lang='lat' dir='ltr'>secundum</span> <span class='ocrx_word' id='word_1_704' title='bbox 471 2705 600 2739; x_wconf 81' lang='lat' dir='ltr'>Aristid.</span> <span class='ocrx_word' id='word_1_705' title='bbox 621 2707 668 2741; x_wconf 92' lang='lat' dir='ltr'>vel</span> <span class='ocrx_word' id='word_1_706' title='bbox 680 2716 821 2753; x_wconf 86' lang='lat' dir='ltr'>quatuor</span> <span class='ocrx_word' id='word_1_707' title='bbox 831 2706 1004 2742; x_wconf 89' lang='lat' dir='ltr'>secundum</span> <span class='ocrx_word' id='word_1_708' title='bbox 1023 2710 1189 2743; x_wconf 83' lang='lat' dir='ltr'>Euclidem</span> <span class='ocrx_word' id='word_1_709' title='bbox 1209 2707 1364 2757; x_wconf 84' lang='lat' dir='ltr'>significat</span> <span class='ocrx_word' id='word_1_710' title='bbox 1374 2710 1505 2742; x_wconf 81' lang='lat' dir='ltr'>Tonus.</span> <span class='ocrx_word' id='word_1_711' title='bbox 1531 2706 1661 2741; x_wconf 87' lang='lat' dir='ltr'>Aristid.</span> <span class='ocrx_word' id='word_1_712' title='bbox 1674 2706 1851 2752; x_wconf 73' lang='lat' dir='ltr'>Quintilia-</span> 
     </span>
     <span class='ocr_line' id='line_1_55' title="bbox 286 2752 1853 2803; baseline 0.006 -18"><span class='ocrx_word' id='word_1_713' title='bbox 286 2766 366 2786; x_wconf 85' lang='lat' dir='ltr'>nus:</span> <span class='ocrx_word' id='word_1_714' title='bbox 393 2754 475 2786; x_wconf 68' lang='grc' dir='ltr'>Τάνον</span> <span class='ocrx_word' id='word_1_715' title='bbox 489 2753 525 2791; x_wconf 51' lang='lat' dir='ltr'>Ab}</span> <span class='ocrx_word' id='word_1_716' title='bbox 543 2752 583 2799; x_wconf 49' lang='lat' dir='ltr'>aff*</span> <span class='ocrx_word' id='word_1_717' title='bbox 593 2754 726 2798; x_wconf 57' lang='grc' dir='ltr'>μεσικῖιι)</span> <span class='ocrx_word' id='word_1_718' title='bbox 738 2755 870 2800; x_wconf 56' lang='grc' dir='ltr'>κοιλῖμᾶξυ</span> <span class='ocrx_word' id='word_1_719' title='bbox 882 2760 1003 2801; x_wconf 74' lang='grc' dir='ltr'><strong><em>τξιχῶς.</em></strong></span> <span class='ocrx_word' id='word_1_720' title='bbox 1025 2757 1083 2800; x_wconf 53' lang='grc' dir='ltr'>ἧᾳῗό</span> <span class='ocrx_word' id='word_1_721' title='bbox 1095 2757 1160 2803; x_wconf 67' lang='grc' dir='ltr'>ὅπερ</span> <span class='ocrx_word' id='word_1_722' title='bbox 1174 2755 1328 2791; x_wconf 64' lang='grc' dir='ltr'>τῖιδπίο-ιν.</span> <span class='ocrx_word' id='word_1_723' title='bbox 1351 2758 1490 2803; x_wconf 57' lang='grc' dir='ltr'>ἧμὲγθτς</span> <span class='ocrx_word' id='word_1_724' title='bbox 1513 2755 1580 2789; x_wconf 61' lang='lat' dir='ltr'>nvidi»</span> <span class='ocrx_word' id='word_1_725' title='bbox 1594 2758 1702 2800; x_wconf 58' lang='grc' dir='ltr'><em>φωνῆς·</em></span> <span class='ocrx_word' id='word_1_726' title='bbox 1728 2757 1777 2787; x_wconf 67' lang='grc' dir='ltr'>ῡῖθν</span> <span class='ocrx_word' id='word_1_727' title='bbox 1790 2752 1853 2797; x_wconf 60' lang='grc' dir='ltr'>ᾦτδ</span> 
     </span>
     <span class='ocr_line' id='line_1_56' title="bbox 286 2800 1852 2854; baseline 0.001 -18"><span class='ocrx_word' id='word_1_728' title='bbox 286 2802 334 2845; x_wconf 58' lang='grc' dir='ltr'>δὶῄἓι</span> <span class='ocrx_word' id='word_1_729' title='bbox 347 2800 389 2836; x_wconf 48' lang='lat' dir='ltr'>{Q</span> <span class='ocrx_word' id='word_1_730' title='bbox 402 2803 494 2845; x_wconf 62' lang='grc' dir='ltr'>τὲἑγρ.</span> <span class='ocrx_word' id='word_1_731' title='bbox 506 2803 531 2835; x_wconf 73' lang='grc' dir='ltr'>δ’</span> <span class='ocrx_word' id='word_1_732' title='bbox 542 2806 696 2849; x_wconf 36' lang='lat' dir='ltr'>choix&amp;</span> <span class='ocrx_word' id='word_1_733' title='bbox 718 2805 838 2843; x_wconf 72' lang='grc' dir='ltr'>ἧτξόπυν</span> <span class='ocrx_word' id='word_1_734' title='bbox 850 2806 1049 2851; x_wconf 59' lang='grc' dir='ltr'>συςημαιὶινέν,</span> <span class='ocrx_word' id='word_1_735' title='bbox 1063 2809 1114 2840; x_wconf 78' lang='grc' dir='ltr'><em>οῖον</em></span> <span class='ocrx_word' id='word_1_736' title='bbox 1130 2807 1224 2841; x_wconf 63' lang='grc' dir='ltr'>λύῶον</span> <span class='ocrx_word' id='word_1_737' title='bbox 1237 2807 1255 2845; x_wconf 67' lang='grc' dir='ltr'><em>ἢ</em></span> <span class='ocrx_word' id='word_1_738' title='bbox 1265 2806 1401 2854; x_wconf 47' lang='lat' dir='ltr'>(Despicit.</span> <span class='ocrx_word' id='word_1_739' title='bbox 1428 2806 1463 2840; x_wconf 89' lang='lat' dir='ltr'>Id</span> <span class='ocrx_word' id='word_1_740' title='bbox 1473 2805 1535 2840; x_wconf 89' lang='lat' dir='ltr'>est:</span> <span class='ocrx_word' id='word_1_741' title='bbox 1554 2806 1690 2838; x_wconf 89' lang='lat' dir='ltr'>Tonum</span> <span class='ocrx_word' id='word_1_742' title='bbox 1702 2806 1735 2837; x_wconf 91' lang='lat' dir='ltr'>in</span> <span class='ocrx_word' id='word_1_743' title='bbox 1746 2802 1852 2837; x_wconf 80' lang='lat' dir='ltr'>Musi-</span> 
     </span>
     <span class='ocr_line' id='line_1_57' title="bbox 286 2851 1849 2904; baseline 0.001 -20"><span class='ocrx_word' id='word_1_744' title='bbox 286 2863 322 2884; x_wconf 86' lang='lat' dir='ltr'>ca</span> <span class='ocrx_word' id='word_1_745' title='bbox 333 2851 496 2896; x_wconf 82' lang='lat' dir='ltr'>tripliciter</span> <span class='ocrx_word' id='word_1_746' title='bbox 506 2854 689 2899; x_wconf 87' lang='lat' dir='ltr'>accipimus.</span> <span class='ocrx_word' id='word_1_747' title='bbox 715 2856 785 2888; x_wconf 92' lang='lat' dir='ltr'>Aut</span> <span class='ocrx_word' id='word_1_748' title='bbox 803 2857 890 2890; x_wconf 87' lang='lat' dir='ltr'>enim</span> <span class='ocrx_word' id='word_1_749' title='bbox 902 2870 960 2904; x_wconf 87' lang='lat' dir='ltr'>pro</span> <span class='ocrx_word' id='word_1_750' title='bbox 972 2859 1166 2892; x_wconf 87' lang='lat' dir='ltr'>intentione.</span> <span class='ocrx_word' id='word_1_751' title='bbox 1188 2868 1243 2891; x_wconf 85' lang='lat' dir='ltr'>aut</span> <span class='ocrx_word' id='word_1_752' title='bbox 1254 2870 1313 2904; x_wconf 87' lang='lat' dir='ltr'>pro</span> <span class='ocrx_word' id='word_1_753' title='bbox 1333 2867 1417 2890; x_wconf 85' lang='lat' dir='ltr'>certa</span> <span class='ocrx_word' id='word_1_754' title='bbox 1427 2857 1515 2890; x_wconf 90' lang='lat' dir='ltr'>vocis</span> <span class='ocrx_word' id='word_1_755' title='bbox 1534 2853 1757 2901; x_wconf 87' lang='lat' dir='ltr'>magnitudine</span> <span class='ocrx_word' id='word_1_756' title='bbox 1770 2877 1778 2889; x_wconf 90' lang='lat'>‚</span> <span class='ocrx_word' id='word_1_757' title='bbox 1800 2863 1849 2892; x_wconf 88' lang='lat' dir='ltr'>ut,</span> 
     </span>
     <span class='ocr_line' id='line_1_58' title="bbox 287 2899 1801 2953; baseline 0.011 -22"><span class='ocrx_word' id='word_1_758' title='bbox 287 2911 350 2947; x_wconf 87' lang='lat' dir='ltr'>qua</span> <span class='ocrx_word' id='word_1_759' title='bbox 360 2899 506 2946; x_wconf 86' lang='lat' dir='ltr'>diapente</span> <span class='ocrx_word' id='word_1_760' title='bbox 518 2901 640 2935; x_wconf 86' lang='lat' dir='ltr'>excedit</span> <span class='ocrx_word' id='word_1_761' title='bbox 650 2901 848 2944; x_wconf 72' lang='lat' dir='ltr'>diatessaron,</span> <span class='ocrx_word' id='word_1_762' title='bbox 860 2918 914 2939; x_wconf 87' lang='lat' dir='ltr'>aut</span> <span class='ocrx_word' id='word_1_763' title='bbox 925 2910 1020 2940; x_wconf 85' lang='lat' dir='ltr'>etiam</span> <span class='ocrx_word' id='word_1_764' title='bbox 1033 2919 1091 2953; x_wconf 88' lang='lat' dir='ltr'>pro</span> <span class='ocrx_word' id='word_1_765' title='bbox 1102 2905 1275 2953; x_wconf 86' lang='lat' dir='ltr'>systematis</span> <span class='ocrx_word' id='word_1_766' title='bbox 1286 2905 1400 2945; x_wconf 82' lang='lat' dir='ltr'>modo,</span> <span class='ocrx_word' id='word_1_767' title='bbox 1413 2914 1461 2943; x_wconf 71' lang='lat' dir='ltr'>ut,</span> <span class='ocrx_word' id='word_1_768' title='bbox 1473 2902 1575 2949; x_wconf 72' lang='lat' dir='ltr'>Lydio</span> <span class='ocrx_word' id='word_1_769' title='bbox 1587 2913 1641 2935; x_wconf 89' lang='lat' dir='ltr'>aut</span> <span class='ocrx_word' id='word_1_770' title='bbox 1651 2901 1801 2949; x_wconf 57' lang='lat' dir='ltr'>Phrygio·</span> 
     </span>
    </p>

    <p class='ocr_par' dir='ltr' id='par_1_11' title="bbox 333 2950 1852 3034">
     <span class='ocr_line' id='line_1_59' title="bbox 333 2950 1852 3034; baseline 0 -51"><span class='ocrx_word' id='word_1_771' title='bbox 333 2951 357 2983; x_wconf 90' lang='lat' dir='ltr'>P</span> <span class='ocrx_word' id='word_1_772' title='bbox 368 2961 390 2983; x_wconf 78' lang='lat' dir='ltr'>A</span> <span class='ocrx_word' id='word_1_773' title='bbox 401 2961 433 2982; x_wconf 75' lang='grc' dir='ltr'>ο.</span> <span class='ocrx_word' id='word_1_774' title='bbox 452 2960 472 2982; x_wconf 87' lang='lat'>1.</span> <span class='ocrx_word' id='word_1_775' title='bbox 481 2961 499 2983; x_wconf 76' lang='lat' dir='ltr'>x</span> <span class='ocrx_word' id='word_1_776' title='bbox 510 2961 529 2984; x_wconf 79' lang='lat' dir='ltr'>x</span> <span class='ocrx_word' id='word_1_777' title='bbox 538 2962 556 2984; x_wconf 82' lang='lat' dir='ltr'>x</span> <span class='ocrx_word' id='word_1_778' title='bbox 568 2962 599 2985; x_wconf 87' lang='lat' dir='ltr'>v.</span> <span class='ocrx_word' id='word_1_779' title='bbox 617 2950 655 2985; x_wconf 92' lang='lat' dir='ltr'>ad</span> <span class='ocrx_word' id='word_1_780' title='bbox 673 2962 788 2987; x_wconf 84' lang='lat' dir='ltr'>notam</span> <span class='ocrx_word' id='word_1_781' title='bbox 798 2954 843 2988; x_wconf 86' lang='lat' dir='ltr'>lit.</span> <span class='ocrx_word' id='word_1_782' title='bbox 854 2957 874 2989; x_wconf 79' lang='lat' dir='ltr'>i.</span> <span class='ocrx_word' id='word_1_783' title='bbox 898 2957 980 2991; x_wconf 88' lang='lat' dir='ltr'>Non</span> <span class='ocrx_word' id='word_1_784' title='bbox 991 2968 1074 3003; x_wconf 88' lang='lat' dir='ltr'>opus</span> <span class='ocrx_word' id='word_1_785' title='bbox 1084 2955 1129 2991; x_wconf 88' lang='lat' dir='ltr'>est</span> <span class='ocrx_word' id='word_1_786' title='bbox 1138 2980 1151 3000; x_wconf 88' lang='lat'><em>,</em></span> <span class='ocrx_word' id='word_1_787' title='bbox 1172 2965 1210 2992; x_wconf 82' lang='lat' dir='ltr'>ut</span> <span class='ocrx_word' id='word_1_788' title='bbox 1228 2953 1279 2992; x_wconf 75' lang='lat' dir='ltr'>hic</span> <span class='ocrx_word' id='word_1_789' title='bbox 1289 2956 1486 3001; x_wconf 81' lang='lat' dir='ltr'>corrigamus</span> <span class='ocrx_word' id='word_1_790' title='bbox 1496 2952 1694 2988; x_wconf 85' lang='lat' dir='ltr'>Vitruvium.</span> <span class='ocrx_word' id='word_1_791' title='bbox 1719 2952 1806 3034; x_wconf 52' lang='lat' dir='ltr'>Ngm</span> <span class='ocrx_word' id='word_1_792' title='bbox 1817 2954 1852 2983; x_wconf 87' lang='lat'>&amp;</span> 
     </span>
    </p>

    <p class='ocr_par' dir='ltr' id='par_1_12' title="bbox 1784 3011 1852 3034">
     <span class='ocr_line' id='line_1_60' title="bbox 1784 3011 1852 3034; baseline -0.015 -1"><span class='ocrx_word' id='word_1_793' title='bbox 1784 3011 1852 3034; x_wconf 75' lang='lat' dir='ltr'>raeci</span> 
     </span>
    </p>
   </div>
  </div>
 </body>
</html>
