2023 3162
288 101 364 136 154,
777 77 1418 119 SCAMILL1IMPAREs

285 157 490 193 Berrauum
502 154 846 200 interrogem‚num
857 143 1105 192 adjeffionem
1116 142 1284 193 epistyliis
1295 141 1420 181 facere
1431 152 1607 194 oporteat
1615 147 1673 184 vel
1683 157 1732 184 ne
1743 147 1755 184 ἓ
1766 145 1880 185 Certe

288 211 450 262 epistylia
468 210 513 248 de
526 208 662 258 quibus
681 202 873 242 Vitruvius
885 201 1074 249 loquitur,
1093 199 1199 237 nulla
1209 198 1376 246 indigent
1391 197 1639 239 scamillorurn
1649 203 1857 250 adjestione
1873 218 1879 239 :

287 267 413 305 frustm
426 265 607 316 siquidem
621 261 768 297 diceret·
782 258 972 295 Vitruvius
984 284 993 299 ‚
1013 253 1184 306 epistyliis
1194 284 1204 299 ‚
1225 255 1341 293 veluti
1351 252 1540 302 stylobatis
1551 256 1632 307 ipfis
1646 283 1654 297 ,
1675 258 1798 296 fascias
1810 260 1880 296 effe

287 323 485 360 addendas.
504 322 682 358 Praetcrea
693 312 920 356 notandum,
939 311 1142 350 Bertanum
1154 310 1335 348 hocloco
1355 309 1621 349 haereticorum
1640 325 1766 352 mores
1778 314 1881 351 fuisse

285 380 474 417 imitatum
487 406 496 420 ,
520 373 684 424 quidum
697 382 743 407 ex
763 367 867 406 sacris
879 367 991 405 literis
1002 365 1198 404 sententias
1219 367 1355 415 aliquas
1366 366 1404 403 in
1416 366 1585 403 medium
1607 367 1814 413 adducunt,
1835 381 1882 408 ne

286 435 432 472 suismet
452 433 484 469 se
504 430 631 480 gladiis
648 423 901 475 imprudentes
924 424 1095 473 jugulent
1116 448 1125 463 ‚
1156 423 1306 459 mutilas
1323 421 1404 459 illas
1422 424 1460 459 δε
1482 422 1689 461 decursatas
1708 423 1877 463 afferunt.

286 488 427 528 Dixisse
439 497 603 536 namque
624 481 822 521 debuerat,
836 491 914 529 quo
925 479 1037 531 paeto
1047 477 1233 529 superiora
1253 477 1488 515 inferioribus
1501 478 1711 517 cohaereant
1722 509 1732 525 ,
1746 481 1882 530 quidve

290 543 553 583 fibivelintilla
565 540 693 577 verba:
727 534 894 587 Capitul'u
907 533 1074 587 perseb't'bs
1085 559 1093 573 ‚
1107 531 1228 570 deinde
1239 535 1276 570 in
1283 531 1433 584 ficmmu
1451 531 1690 572 columnarum
1696 534 1811 588 βαρύ
1821 534 1885 572 col·

288 599 414 643 locans,
431 613 498 635 non
509 597 555 634 ad
569 593 721 640 lzbellflm
733 621 743 638 ‚
753 588 813 636 fed
818 589 865 627 ad
880 589 1042 643 aequalem
1060 587 1235 626 modulum
1254 588 1418 626 collocatis
1430 618 1440 634 ‚
1453 587 1526 634 &a
1558 589 1661 643 Qid
1674 593 1775 629 enim
1796 603 1885 630 cum

287 655 407 693 fasciis
421 653 675 704 capitulorum
687 650 747 686 illa
756 647 865 685 verba
878 673 885 687 ‚
900 659 969 682 non
980 644 1027 682 ad
1033 642 1179 682 libellam
1190 675 1200 689 ‚
1213 641 1280 696 fid
1289 643 1336 680 ad
1344 644 1504 697 aequalem
1514 645 1692 682 modulum
1702 644 1886 684 collocatis?

287 712 439 749 Durum
452 707 596 748 fortaffe
608 706 675 745 tibi
687 704 893 747 videbatur,
909 702 1080 740 Bertane‚
1095 702 1283 752 capitulos
1294 700 1339 738 ad
1349 702 1512 738 libellam
1524 704 1561 739 ὅ(
1574 702 1886 752 perpendiculum

287 767 451 805 direetos
463 769 501 804 ὃς
514 766 727 803 collocatos
740 789 749 804 ‚
762 771 842 796 non
854 757 899 796 ad
909 758 1074 795 libellam
1087 757 1159 795 dici
1172 756 1464 794 constituendos.
1499 758 1571 795 Sed
1584 767 1799 808 opportune
1811 759 1886 804 jam

289 832 439 875 tempus
453 822 502 860 est
516 847 523 861 ‚
542 832 583 858 ut
592 821 787 857 veritatem
798 815 932 866 ipsam,
956 811 976 850 ὲ
989 813 1149 851 tenebris
1160 823 1302 850 erutam
1315 841 1326 856 ,
1348 814 1385 849 in
1395 813 1520 850 lucem
1532 814 1777 852 vindicemus
1809 814 1888 851 De-

290 879 516 917 claravimus
532 888 610 926 quo
632 874 741 925 paeto
763 869 1045 918 intelligendum
1056 868 1141 906 esset
1152 868 1375 917 stylobatam
1392 869 1621 908 alveolatum
1639 869 1742 921 poffe
1751 870 1888 908 videri:

287 934 412 973 modo
423 937 487 985 qui
498 933 650 984 capituli
660 940 739 968 non
753 926 797 962 ad
809 925 973 962 libellam
987 925 1168 961 collocati
1179 924 1712 974 dicantur‚explicabimus.Ad
1722 926 1890 964 libellam

747 980 829 1018 sane
851 990 1032 1028 aequatam
1054 979 1280 1017 directamve
1292 979 1479 1029 planitiem
1501 992 1583 1017 eam
1603 981 1781 1020 dicimus,
1804 992 1889 1030 quae

486 1017 542 1062 Α
684 1079 723 1089 m„
748 1037 960 1073 horizontis
971 1034 1079 1085 ipfius
1090 1034 1322 1072 libramento
1332 1034 1532 1083 aequidistat
1542 1065 1550 1072 .
1573 1038 1623 1073 ita
1644 1039 1747 1075 enim
1765 1038 1892 1075 Vitru-

671 1117 685 1144 Γ
747 1093 827 1130 vius
841 1092 965 1142 primo
974 1090 1070 1128 libro
1083 1088 1312 1127 deAmussio
1323 1090 1368 1127 ad
1380 1090 1613 1142 indagandos
1622 1103 1754 1130 ventos
1766 1093 1891 1130 collo-

587 1147 680 1194 ..ᾗ
749 1146 873 1186 cando
884 1146 1062 1197 scripturn
1074 1146 1240 1195 reliquit:
1263 1144 1447 1183 collocetur
1455 1147 1501 1183 ad
1509 1144 1651 1184 libellam
1660 1160 1892 1185 marmoreum

590 1194 660 1213 '³³⁵5
749 1201 944 1252 Amussium
953 1200 1075 1240 mediis
1087 1198 1244 1239 maem'bus
1254 1228 1263 1242 ‚
1289 1210 1348 1238 aut
1358 1200 1446 1238 locus
1457 1203 1510 1238 ita
1528 1201 1724 1253 expoliatur
1733 1201 1777 1239 ad
1794 1215 1893 1255 regua

750 1258 821 1296 lam
831 1256 875 1302 όν
884 1255 1037 1298 libellam,
1051 1266 1091 1294 ut
1099 1256 1279 1308 amussmm
1288 1269 1355 1293 non
1365 1255 1581 1308 diffideretur.
1614 1259 1669 1296 Ca
1672 1260 1814 1309 pitulos
1826 1261 1893 1296 ita-

752 1327 829 1364 que
845 1313 891 1351 ad
902 1314 1065 1352 libellam
1085 1316 1124 1350 in
1135 1312 1290 1351 summis
1312 1315 1574 1351 columnarum
1589 1312 1705 1364 scapis
1725 1315 1892 1352 colloca-

752 1381 814 1408 tos
827 1371 911 1408 illos
924 1370 1024 1407 dicas
1037 1399 1046 1414 ‚
1066 1381 1231 1419 quorum
1252 1370 1429 1407 omnium
1440 1368 1615 1420 suprema:
1625 1369 1830 1420 superficies
1843 1372 1896 1407 ita

753 1425 800 1463 ad
811 1425 972 1464 libellam
992 1436 1141 1475 aequatae
1152 1425 1253 1465 sunt,
1280 1435 1320 1462 ut
1339 1426 1439 1462 nulla
1451 1437 1582 1463 eorum
1593 1436 1696 1476 parte
1715 1425 1896 1476 protube-

411 1527 419 1529 ἶ
606 1491 642 1532 ’ἓξ
754 1492 857 1520 rent:
880 1482 1097 1519 collocatos
1108 1491 1236 1519 autem
1246 1493 1323 1519 non
1336 1481 1381 1518 ad
1391 1481 1552 1518 libellam
1565 1482 1649 1519 illos
1661 1511 1670 1527 ‚
1681 1483 1747 1531 qui
1757 1482 1897 1532 aliquid

379 1534 383 1536 “
397 1572 425 1579 ⁷,
540 1535 578 1555 ’Ξ
600 1534 643 1570 Σὲἶ
753 1539 923 1575 eminens
943 1537 963 1574 a
984 1539 1111 1575 librata
1130 1548 1262 1574 eorum
1280 1538 1421 1574 summa
1439 1538 1590 1587 planitie
1611 1537 1749 1575 habent
1760 1567 1770 1585 ,
1800 1549 1840 1575 ut
1858 1538 1898 1575 in

298 1591 463 1638 subjectis
474 1593 803 1642 diagrammatibus
812 1593 921 1632 facile
931 1593 980 1631 est
992 1593 1127 1639 videre,
1138 1594 1179 1630 in
1189 1593 1325 1644 quibus
1336 1593 1519 1644 capitulus
1530 1593 1576 1630 ad
1587 1593 1753 1631 libellam
1763 1592 1898 1640 A‚non

299 1648 346 1688 ad
356 1649 523 1686 libellam
536 1660 629 1687 vero
642 1648 683 1686 B.
1243 1674 1246 1677 -

355 1706 473 1742 Porro
485 1704 738 1754 quamobrem
756 1705 950 1751 Vitruvius
969 1718 1050 1744 non
1069 1704 1292 1743 adlibellam
1314 1705 1500 1756 capitulos
1521 1705 1704 1743 collocari
1715 1705 1823 1751 velit,
1841 1703 1898 1747 his

299 1761 420 1800 verbis
432 1790 442 1806 ,
464 1762 552 1798 licet
562 1759 807 1802 subobscure,
832 1763 1017 1801 declarare
1041 1761 1183 1799 Videtur
1197 1775 1204 1796 ε
1227 1767 1268 1798 In
1278 1758 1506 1813 sitperioribtu
1528 1758 1690 1799 membris
1708 1756 1898 1813 rffondeat

291 1814 498 1865 fimmetria
509 1813 736 1869 epistyliorum
746 1846 757 1863 ‚
777 1818 855 1859 hoc
867 1817 917 1855 est
928 1848 940 1863 ‚
958 1818 1045 1856 ideo
1056 1816 1241 1855 scamillos
1252 1818 1418 1868 capitulis
1431 1817 1501 1855 effe
1512 1816 1703 1867 addendos
1716 1841 1724 1856 ‚
1750 1824 1793 1852 ut
1804 1813 1898 1862 sym-

301 1872 436 1908 metria
458 1873 714 1922 epistyliorum
734 1872 972 1924 respondeat,
994 1873 1187 1913 videlicet,
1210 1883 1251 1911 ut
1270 1873 1375 1911 nulla
1386 1872 1468 1924 ipsis
1488 1872 1659 1922 epistyliis
1679 1881 1763 1920 pars
1781 1868 1899 1907 deess'e

301 1926 477 1964 videatur.
509 1928 658 1964 Durum
671 1939 773 1965 certe
785 1929 834 1967 est
849 1930 1012 1968 vitruvii
1023 1929 1173 1966 dicendi
1185 1940 1300 1977 genus
1314 1942 1322 1964 ;
1335 1935 1426 1975 Nan
1435 1924 1479 1963 ad
1487 1925 1632 1963 libellam
1642 1951 1650 1965 ‚
1660 1922 1729 1976 fid
1737 1922 1784 1961 ad
1791 1937 1899 1977 aequa-

302 1981 370 2018 lem
381 1978 557 2016 modulum
574 1982 730 2019 collocatis
745 2011 755 2027 ,
775 1985 829 2019 uti
838 1996 907 2034 qux
927 1981 1068 2031 adjecht‘o
1077 1984 1116 2019 in
1124 1981 1296 2033 stylobatis
1306 1981 1408 2033 fhfft'a
1416 1980 1554 2032 fuerit3
1576 1993 1644 2031 pro
1657 1993 1705 2018 eo
1726 1982 1833 2030 quod
1844 1981 1900 2018 di-

305 2036 467 2074 cendum
488 2035 626 2073 fuisset:
644 2041 723 2073 Non
733 2035 780 2072 ad
786 2034 929 2074 libellam
941 2063 950 2077 ‚
965 2035 1033 2088 fid
1040 2049 1079 2073 ea
1098 2035 1170 2088 lege
1189 2037 1371 2081 collocatis,
1391 2045 1430 2072 ut
1439 2048 1494 2072 eas
1511 2035 1719 2086 adjeffl'ones
1740 2032 1903 2081 habeant,

303 2105 374 2144 qux
381 2089 556 2143 stylobatis
566 2092 704 2139 adjeelae
713 2090 833 2144 fuere.
850 2094 1000 2130 Etenim
1011 2092 1190 2129 modulus
1202 2093 1309 2130 variis
1318 2091 1417 2142 apud
1427 2092 1585 2129 Latinos
1597 2090 1713 2129 subest
1723 2091 1902 2141 fignifica-

306 2147 472 2185 tionibus
485 2147 682 2185 :modulus
694 2148 743 2185 est
758 2144 890 2196 μέτρον,
900 2146 1079 2186 mensura,
1089 2149 1329 2197 particulave,
1343 2159 1423 2196 quae
1435 2156 1560 2184 totum
1572 2156 1711 2199 corpus
1722 2147 1780 2184 seu
1792 2147 1902 2185 aedifi-

309 2205 411 2241 cium
422 2205 590 2251 metitur3
605 2202 655 2240 est
665 2204 779 2241 etiam
792 2202 958 2241 mensura
969 2202 1142 2252 quaedam
1151 2203 1188 2239 in
1199 2202 1489 2252 aquaeductibus:
1504 2204 1600 2240 ratio
1610 2215 1728 2252 quoq3
1740 2212 1850 2243 certa,
1859 2212 1902 2241 ut

309 2262 347 2296 in
360 2270 471 2296 cantu
482 2257 753 2296 mensurafloc
765 2258 865 2297 sensu
876 2258 936 2297 hic
945 2258 1208 2310 accipiendum
1220 2257 1270 2295 est
1280 2258 1518 2296 vocabulum‘
1529 2258 1630 2296 idem
1641 2260 1743 2296 enim
1755 2258 1866 2299 est‚ac
1875 2258 1902 2296 fi

310 2314 449 2352 dixisset
464 2340 471 2353 ‚
494 2315 730 2364 adaequalem
744 2316 917 2353 modum.
941 2315 1122 2353 Praeterea
1137 2315 1175 2350 ni
1192 2314 1347 2352 fallorin
1358 2313 1594 2365 sequentibus
1610 2314 1731 2353 verbis
1753 2314 1903 2353 causalis

311 2370 410 2408 deest
421 2371 960 2421 particula,legendumque‚Vt
968 2367 1244 2423 infiaeperz'oribm
1253 2367 1412 2408 membra
1423 2367 1828 2422 respondeatsjsmmetria
1838 2370 1906 2423 epi-

301 2425 500 2477 styliorum.
517 2426 622 2475 Qid
634 2437 759 2465 autem
770 2425 848 2465 hoc
863 2427 1001 2466 ultimo
1012 2426 1077 2463 sibi
1088 2427 1188 2465 velit,
1206 2426 1293 2462 licet
1304 2425 1467 2476 superius
1477 2426 1800 2465 declaraverimus,
1822 2425 1900 2463 sub-

312 2482 412 2527 jestis
424 2492 548 2519 tamen
565 2480 811 2521 schematibus
822 2481 1265 2522 demonstrabimus.Esto
1275 2483 1376 2520 enim
1389 2483 1570 2532 capitulus
1584 2481 1726 2519 A.·B.ad
1736 2481 1901 2519 libellam

315 2538 536 2576 collocatus,
554 2539 616 2574 cui
627 2537 844 2587 impositum
858 2538 1067 2589 epistylium
1080 2537 1226 2576 C.D.B.
1239 2537 1388 2588 capituli
1400 2538 1583 2587 projeffio
1596 2537 1701 2574 D.A.
1714 2537 1846 2575 oculus
1856 2536 1901 2580 E,

316 2593 366 2631 A,
380 2593 427 2630 C.
441 2595 569 2641 itaque
581 2604 661 2643 pars
681 2594 716 2631 C
728 2594 778 2633 D,
792 2595 909 2631 oculo
928 2596 965 2630 in
984 2595 1025 2631 E.
1038 2593 1255 2632 constituto,
1269 2605 1348 2631 non
1364 2593 1565 2643 apparebit.
1581 2591 1640 2629 sed
1651 2593 1800 2644 epistylii
1817 2602 1901 2641 pars

315 2648 488 2697 quaedam
499 2651 590 2686 iutra
602 2651 805 2699 capitulum
817 2651 1069 2698 immergam,
1087 2660 1127 2687 ut
1136 2649 1259 2687 videre
1277 2649 1326 2687 est
1345 2650 1381 2686 in
1393 2648 1549 2686 secunda
1562 2647 1689 2698 figura,
1704 2654 1829 2699 (quam
1838 2659 1900 2684 nos

307 2714 425 2755 przore
434 2701 550 2754 omzffiz
561 2701 614 2740 hic
631 2714 770 2742 tantum
780 2703 934 2742 addimus
944 2707 960 2746 )
972 2707 1009 2741 in
1021 2717 1106 2753 qua,
1119 2704 1271 2756 epistylii
1290 2706 1410 2756 prima
1423 2705 1531 2743 fascia
1549 2714 1629 2742 tota
1646 2714 1739 2754 pene
1750 2701 1841 2738 infra
1852 2712 1901 2737 ae-

315 2769 471 2806 quaram
482 2761 634 2810 capituli
644 2761 687 2798 L.
699 2761 752 2798 M.
768 2761 1000 2812 superficiem
1012 2761 1249 2810 demergitur.
1266 2761 1329 2798 Ad
1339 2761 1538 2812 hocigitur
1552 2772 1599 2797 ne
1611 2757 1785 2796 mutilum
1798 2768 1901 2795 man-

317 2824 453 2850 cumve
464 2816 666 2864 epistylium
679 2827 851 2869 appareat
861 2850 871 2867 ‚
889 2818 948 2856 sed
960 2818 1037 2864 ejus
1050 2816 1256 2865 symmetria
1274 2815 1419 2867 prorsus
1431 2815 1651 2866 respondeat
1669 2812 1789 2850 oculo
1809 2813 1846 2849 in
1861 2815 1900 2852 F.

317 2869 525 2916 collocat03
539 2872 691 2910 addatur
702 2875 866 2923 capitulo
878 2887 942 2924 per
954 2873 1122 2910 medium
1133 2873 1154 2909 s
1148 2874 1315 2910 camillus
1327 2874 1354 2909 Ι.
1366 2872 1521 2909 G.K.H.
1533 2870 1609 2907 Erit
1619 2870 1741 2916 itaque
1751 2878 1832 2918 pars
1844 2881 1904 2907 ca-

315 2925 426 2975 pituli
444 2924 490 2962 G.
503 2925 531 2961 Ι.
545 2925 595 2962 K.
609 2927 655 2964 H.
676 2940 755 2967 non
775 2930 820 2967 ad
840 2931 1004 2969 libellam
1019 2929 1224 2968 collocata,
1246 2928 1305 2965 sed
1326 2927 1372 2964 ad
1390 2926 1573 2975 aequalem
1586 2924 1824 2969 modum‚uti
1841 2925 1903 2962 ad-

1791 2981 1903 3023 ieelio
