<?xml version="1.0" encoding="UTF-8"?>
<!DOCTYPE html PUBLIC "-//W3C//DTD XHTML 1.0 Transitional//EN"
    "http://www.w3.org/TR/xhtml1/DTD/xhtml1-transitional.dtd">
<html xmlns="http://www.w3.org/1999/xhtml" xml:lang="en" lang="en">
 <head>
  <title>
</title>
<meta http-equiv="Content-Type" content="text/html;charset=utf-8" />
  <meta name='ocr-system' content='tesseract 3.04.00' />
  <meta name='ocr-capabilities' content='ocr_page ocr_carea ocr_par ocr_line ocrx_word'/>
</head>
<body>
  <div class='ocr_page' id='page_1' title='image "./vitruviipollioni00vitr_0377.png"; bbox 0 0 2023 3162; ppageno 0'>
   <div class='ocr_carea' id='block_1_1' title="bbox 319 92 1684 142">
    <p class='ocr_par' dir='ltr' id='par_1_1' title="bbox 319 92 1684 142">
     <span class='ocr_line' id='line_1_1' title="bbox 319 92 1684 142; baseline -0.002 -10"><span class='ocrx_word' id='word_1_1' title='bbox 319 93 791 132; x_wconf 69' lang='lat' dir='ltr'>VOCABVLORVM</span> <span class='ocrx_word' id='word_1_2' title='bbox 849 92 1411 131; x_wconf 74' lang='lat' dir='ltr'>VITRUVIANORVM.</span> <span class='ocrx_word' id='word_1_3' title='bbox 1644 109 1684 142; x_wconf 81' lang='lat'>55</span> 
     </span>
    </p>
   </div>
   <div class='ocr_carea' id='block_1_2' title="bbox 95 159 1702 1990">
    <p class='ocr_par' dir='ltr' id='par_1_2' title="bbox 103 159 1692 545">
     <span class='ocr_line' id='line_1_2' title="bbox 105 159 1690 212; baseline 0.001 -10"><span class='ocrx_word' id='word_1_4' title='bbox 105 166 142 202; x_wconf 90' lang='lat' dir='ltr'>in</span> <span class='ocrx_word' id='word_1_5' title='bbox 154 162 314 201; x_wconf 89' lang='lat' dir='ltr'>modum</span> <span class='ocrx_word' id='word_1_6' title='bbox 324 161 519 199; x_wconf 83' lang='lat' dir='ltr'>canaliculi</span> <span class='ocrx_word' id='word_1_7' title='bbox 530 159 631 196; x_wconf 69' lang='lat' dir='ltr'>fastae</span> <span class='ocrx_word' id='word_1_8' title='bbox 643 168 759 198; x_wconf 84' lang='lat' dir='ltr'>crant,</span> <span class='ocrx_word' id='word_1_9' title='bbox 775 160 955 197; x_wconf 86' lang='lat' dir='ltr'>&amp;inimo</span> <span class='ocrx_word' id='word_1_10' title='bbox 966 161 1004 197; x_wconf 77' lang='grc' dir='ltr'>ὅ(</span> <span class='ocrx_word' id='word_1_11' title='bbox 1014 159 1161 197; x_wconf 87' lang='lat' dir='ltr'>summo</span> <span class='ocrx_word' id='word_1_12' title='bbox 1170 160 1390 212; x_wconf 83' lang='lat' dir='ltr'>spiramenta</span> <span class='ocrx_word' id='word_1_13' title='bbox 1400 162 1597 205; x_wconf 84' lang='lat' dir='ltr'>habebant,</span> <span class='ocrx_word' id='word_1_14' title='bbox 1612 166 1690 204; x_wconf 89' lang='lat' dir='ltr'>hoc</span> 
     </span>
     <span class='ocr_line' id='line_1_3' title="bbox 105 214 1689 267; baseline 0.001 -9"><span class='ocrx_word' id='word_1_15' title='bbox 105 220 156 258; x_wconf 89' lang='lat' dir='ltr'>est</span> <span class='ocrx_word' id='word_1_16' title='bbox 164 218 365 256; x_wconf 82' lang='lat' dir='ltr'>foramina.</span> <span class='ocrx_word' id='word_1_17' title='bbox 394 218 467 254; x_wconf 88' lang='lat' dir='ltr'>Sed</span> <span class='ocrx_word' id='word_1_18' title='bbox 477 228 522 253; x_wconf 88' lang='lat' dir='ltr'>ne</span> <span class='ocrx_word' id='word_1_19' title='bbox 536 215 687 252; x_wconf 82' lang='lat' dir='ltr'>fallaris,</span> <span class='ocrx_word' id='word_1_20' title='bbox 702 214 815 252; x_wconf 90' lang='lat' dir='ltr'>hodie</span> <span class='ocrx_word' id='word_1_21' title='bbox 826 215 923 266; x_wconf 82' lang='lat' dir='ltr'>apud</span> <span class='ocrx_word' id='word_1_22' title='bbox 937 217 1151 254; x_wconf 79' lang='lat' dir='ltr'>Vitruvium</span> <span class='ocrx_word' id='word_1_23' title='bbox 1165 217 1201 253; x_wconf 89' lang='lat' dir='ltr'>in</span> <span class='ocrx_word' id='word_1_24' title='bbox 1213 217 1369 267; x_wconf 83' lang='lat' dir='ltr'>vulgatis</span> <span class='ocrx_word' id='word_1_25' title='bbox 1382 218 1576 256; x_wconf 84' lang='lat' dir='ltr'>codicibus</span> <span class='ocrx_word' id='word_1_26' title='bbox 1589 249 1598 264; x_wconf 90' lang='lat'><em>‚</em></span> <span class='ocrx_word' id='word_1_27' title='bbox 1608 233 1689 260; x_wconf 90' lang='lat' dir='ltr'>non</span> 
     </span>
     <span class='ocr_line' id='line_1_4' title="bbox 103 269 1687 326; baseline 0.003 -16"><span class='ocrx_word' id='word_1_28' title='bbox 103 276 261 312; x_wconf 73' lang='lat' dir='ltr'>animata·</span> <span class='ocrx_word' id='word_1_29' title='bbox 279 272 339 310; x_wconf 90' lang='lat' dir='ltr'>sed</span> <span class='ocrx_word' id='word_1_30' title='bbox 356 270 513 309; x_wconf 74' lang='lat' dir='ltr'>hamata.</span> <span class='ocrx_word' id='word_1_31' title='bbox 549 274 652 326; x_wconf 82' lang='lat' dir='ltr'>Qas</span> <span class='ocrx_word' id='word_1_32' title='bbox 674 269 751 308; x_wconf 84' lang='lat' dir='ltr'>scio</span> <span class='ocrx_word' id='word_1_33' title='bbox 771 270 974 320; x_wconf 90' lang='lat' dir='ltr'>quomodo</span> <span class='ocrx_word' id='word_1_34' title='bbox 994 273 1282 323; x_wconf 85' lang='lat' dir='ltr'>interpretentur</span> <span class='ocrx_word' id='word_1_35' title='bbox 1301 275 1367 311; x_wconf 91' lang='lat' dir='ltr'>viri</span> <span class='ocrx_word' id='word_1_36' title='bbox 1377 273 1476 312; x_wconf 74' lang='lat' dir='ltr'>doeti</span> <span class='ocrx_word' id='word_1_37' title='bbox 1488 304 1499 320; x_wconf 90' lang='lat'><em>‚</em></span> <span class='ocrx_word' id='word_1_38' title='bbox 1521 287 1687 324; x_wconf 90' lang='lat' dir='ltr'>quorum</span> 
     </span>
     <span class='ocr_line' id='line_1_5' title="bbox 105 327 1684 380; baseline 0.001 -13"><span class='ocrx_word' id='word_1_39' title='bbox 105 330 198 369; x_wconf 87' lang='lat' dir='ltr'>mihi</span> <span class='ocrx_word' id='word_1_40' title='bbox 207 331 427 378; x_wconf 80' lang='lat' dir='ltr'>neutiquam</span> <span class='ocrx_word' id='word_1_41' title='bbox 438 329 561 380; x_wconf 79' lang='lat' dir='ltr'>placet</span> <span class='ocrx_word' id='word_1_42' title='bbox 572 327 1099 376; x_wconf 85' lang='lat' dir='ltr'>interpretamentum.Testor</span> <span class='ocrx_word' id='word_1_43' title='bbox 1108 339 1231 365; x_wconf 88' lang='lat' dir='ltr'>autem</span> <span class='ocrx_word' id='word_1_44' title='bbox 1244 331 1353 367; x_wconf 88' lang='lat' dir='ltr'>mein</span> <span class='ocrx_word' id='word_1_45' title='bbox 1365 331 1525 380; x_wconf 83' lang='lat' dir='ltr'>antiquis</span> <span class='ocrx_word' id='word_1_46' title='bbox 1535 331 1684 369; x_wconf 87' lang='lat' dir='ltr'>duobus</span> 
     </span>
     <span class='ocr_line' id='line_1_6' title="bbox 104 382 1689 436; baseline 0 -13"><span class='ocrx_word' id='word_1_47' title='bbox 104 387 275 424; x_wconf 78' lang='lat' dir='ltr'>Palatina:</span> <span class='ocrx_word' id='word_1_48' title='bbox 287 385 527 422; x_wconf 76' lang='lat' dir='ltr'>Bibliotheca:</span> <span class='ocrx_word' id='word_1_49' title='bbox 541 382 741 421; x_wconf 85' lang='lat' dir='ltr'>codicibus</span> <span class='ocrx_word' id='word_1_50' title='bbox 752 411 763 427; x_wconf 90' lang='lat'><em>‚</em></span> <span class='ocrx_word' id='word_1_51' title='bbox 780 384 959 420; x_wconf 89' lang='lat' dir='ltr'>omnibus</span> <span class='ocrx_word' id='word_1_52' title='bbox 969 384 1078 420; x_wconf 90' lang='lat' dir='ltr'>literis</span> <span class='ocrx_word' id='word_1_53' title='bbox 1088 383 1108 420; x_wconf 90' lang='lat' dir='ltr'>s</span> <span class='ocrx_word' id='word_1_54' title='bbox 1102 383 1262 434; x_wconf 83' lang='lat' dir='ltr'>criptum</span> <span class='ocrx_word' id='word_1_55' title='bbox 1273 386 1439 436; x_wconf 70' lang='lat' dir='ltr'>reperifl&#39;e</span> <span class='ocrx_word' id='word_1_56' title='bbox 1447 387 1602 423; x_wconf 78' lang='lat' dir='ltr'>am&#39;matae</span> <span class='ocrx_word' id='word_1_57' title='bbox 1613 400 1624 422; x_wconf 92' lang='grc'>.·</span> <span class='ocrx_word' id='word_1_58' title='bbox 1643 388 1689 425; x_wconf 85' lang='lat' dir='ltr'>ad</span> 
     </span>
     <span class='ocr_line' id='line_1_7' title="bbox 105 436 1692 492; baseline 0.001 -13"><span class='ocrx_word' id='word_1_59' title='bbox 105 442 266 480; x_wconf 87' lang='lat' dir='ltr'>eundem</span> <span class='ocrx_word' id='word_1_60' title='bbox 285 442 392 491; x_wconf 85' lang='lat' dir='ltr'>plane</span> <span class='ocrx_word' id='word_1_61' title='bbox 418 438 575 477; x_wconf 90' lang='lat' dir='ltr'>modum</span> <span class='ocrx_word' id='word_1_62' title='bbox 603 438 809 475; x_wconf 74' lang='lat' dir='ltr'>animatoria</span> <span class='ocrx_word' id='word_1_63' title='bbox 819 436 881 474; x_wconf 77' lang='lat' dir='ltr'>olla</span> <span class='ocrx_word' id='word_1_64' title='bbox 891 439 1085 477; x_wconf 85' lang='lat' dir='ltr'>dicebatur</span> <span class='ocrx_word' id='word_1_65' title='bbox 1097 469 1107 484; x_wconf 95' lang='lat'><em>,</em></span> <span class='ocrx_word' id='word_1_66' title='bbox 1128 452 1210 489; x_wconf 84' lang='lat' dir='ltr'>quae</span> <span class='ocrx_word' id='word_1_67' title='bbox 1220 442 1257 478; x_wconf 91' lang='lat' dir='ltr'>in</span> <span class='ocrx_word' id='word_1_68' title='bbox 1269 439 1417 479; x_wconf 88' lang='lat' dir='ltr'>summo</span> <span class='ocrx_word' id='word_1_69' title='bbox 1426 440 1692 492; x_wconf 82' lang='lat' dir='ltr'>spiramentum</span> 
     </span>
     <span class='ocr_line' id='line_1_8' title="bbox 106 493 1632 545; baseline 0 -10"><span class='ocrx_word' id='word_1_70' title='bbox 106 497 279 543; x_wconf 86' lang='lat' dir='ltr'>habebat,</span> <span class='ocrx_word' id='word_1_71' title='bbox 289 496 368 534; x_wconf 89' lang='lat' dir='ltr'>hoc</span> <span class='ocrx_word' id='word_1_72' title='bbox 379 495 439 534; x_wconf 86' lang='lat' dir='ltr'>est,</span> <span class='ocrx_word' id='word_1_73' title='bbox 457 506 539 544; x_wconf 78' lang='lat' dir='ltr'>quoe</span> <span class='ocrx_word' id='word_1_74' title='bbox 549 493 692 544; x_wconf 81' lang='lat' dir='ltr'>pertusa</span> <span class='ocrx_word' id='word_1_75' title='bbox 703 504 791 531; x_wconf 89' lang='lat' dir='ltr'>etat.</span> <span class='ocrx_word' id='word_1_76' title='bbox 821 494 977 531; x_wconf 80' lang='lat' dir='ltr'>Gloffae:</span> <span class='ocrx_word' id='word_1_77' title='bbox 1000 494 1120 544; x_wconf 65' lang='grc' dir='ltr'>χύτιςα.</span> <span class='ocrx_word' id='word_1_78' title='bbox 1129 494 1302 545; x_wconf 53' lang='grc' dir='ltr'>πφξημδμη</span> <span class='ocrx_word' id='word_1_79' title='bbox 1312 523 1322 540; x_wconf 89' lang='grc'>,</span> <span class='ocrx_word' id='word_1_80' title='bbox 1341 497 1402 534; x_wconf 81' lang='lat' dir='ltr'>olla</span> <span class='ocrx_word' id='word_1_81' title='bbox 1412 499 1632 535; x_wconf 81' lang='lat' dir='ltr'>animatoria.</span> 
     </span>
    </p>

    <p class='ocr_par' dir='ltr' id='par_1_3' title="bbox 163 548 1016 590">
     <span class='ocr_line' id='line_1_9' title="bbox 163 548 1016 590; baseline -0.005 0"><span class='ocrx_word' id='word_1_82' title='bbox 163 553 309 590; x_wconf 58' lang='lat' dir='ltr'>Ham</span> <span class='ocrx_word' id='word_1_83' title='bbox 324 562 475 588; x_wconf 78' lang='lat' dir='ltr'>x1i²on</span> <span class='ocrx_word' id='word_1_84' title='bbox 492 561 548 587; x_wconf 72' lang='lat' dir='ltr'>Es.</span> <span class='ocrx_word' id='word_1_85' title='bbox 578 549 675 588; x_wconf 87' lang='lat' dir='ltr'>Vide</span> <span class='ocrx_word' id='word_1_86' title='bbox 692 548 920 588; x_wconf 69' lang='lat' dir='ltr'>ARssvscv</span> <span class='ocrx_word' id='word_1_87' title='bbox 936 559 1016 588; x_wconf 65' lang='grc' dir='ltr'>ωε.</span> 
     </span>
    </p>

    <p class='ocr_par' dir='ltr' id='par_1_4' title="bbox 102 604 1698 937">
     <span class='ocr_line' id='line_1_10' title="bbox 162 604 1692 663; baseline 0.001 -18"><span class='ocrx_word' id='word_1_88' title='bbox 162 609 199 645; x_wconf 92' lang='lat' dir='ltr'><strong>H</strong></span> <span class='ocrx_word' id='word_1_89' title='bbox 210 621 233 645; x_wconf 77' lang='lat' dir='ltr'>A</span> <span class='ocrx_word' id='word_1_90' title='bbox 245 619 269 646; x_wconf 75' lang='lat' dir='ltr'>R</span> <span class='ocrx_word' id='word_1_91' title='bbox 279 619 298 645; x_wconf 79' lang='grc' dir='ltr'><strong>Ρ</strong></span> <span class='ocrx_word' id='word_1_92' title='bbox 310 621 332 645; x_wconf 75' lang='grc' dir='ltr'><strong>Α</strong></span> <span class='ocrx_word' id='word_1_93' title='bbox 345 618 368 643; x_wconf 87' lang='lat' dir='ltr'>G</span> <span class='ocrx_word' id='word_1_94' title='bbox 385 620 396 644; x_wconf 92' lang='lat'>1</span> <span class='ocrx_word' id='word_1_95' title='bbox 411 618 436 641; x_wconf 83' lang='lat' dir='ltr'>N</span> <span class='ocrx_word' id='word_1_96' title='bbox 448 617 468 643; x_wconf 80' lang='lat' dir='ltr'>E</span> <span class='ocrx_word' id='word_1_97' title='bbox 481 620 505 642; x_wconf 86' lang='lat' dir='ltr'>T</span> <span class='ocrx_word' id='word_1_98' title='bbox 519 616 615 644; x_wconf 77' lang='lat' dir='ltr'>VLr.</span> <span class='ocrx_word' id='word_1_99' title='bbox 645 604 730 641; x_wconf 79' lang='lat' dir='ltr'>Lib.</span> <span class='ocrx_word' id='word_1_100' title='bbox 741 617 784 642; x_wconf 84' lang='lat' dir='ltr'>vi</span> <span class='ocrx_word' id='word_1_101' title='bbox 799 617 829 642; x_wconf 89' lang='lat'>1.</span> <span class='ocrx_word' id='word_1_102' title='bbox 843 617 875 642; x_wconf 90' lang='lat' dir='ltr'>c.</span> <span class='ocrx_word' id='word_1_103' title='bbox 892 616 925 647; x_wconf 86' lang='lat'>5.</span> <span class='ocrx_word' id='word_1_104' title='bbox 955 611 1022 641; x_wconf 87' lang='lat' dir='ltr'>Pro</span> <span class='ocrx_word' id='word_1_105' title='bbox 1032 604 1405 656; x_wconf 69' lang='lat' dir='ltr'>columnosstatuantar</span> <span class='ocrx_word' id='word_1_106' title='bbox 1414 607 1538 646; x_wconf 82' lang='lat' dir='ltr'>calami</span> <span class='ocrx_word' id='word_1_107' title='bbox 1548 609 1692 663; x_wconf 75' lang='lat' dir='ltr'>‚prosa-</span> 
     </span>
     <span class='ocr_line' id='line_1_11' title="bbox 102 653 1694 718; baseline 0.001 -15"><span class='ocrx_word' id='word_1_108' title='bbox 102 663 208 718; x_wconf 59' lang='lat' dir='ltr'>stigizls</span> <span class='ocrx_word' id='word_1_109' title='bbox 218 659 608 714; x_wconf 77' lang='lat' dir='ltr'>harpaginetulistriati,</span> <span class='ocrx_word' id='word_1_110' title='bbox 620 672 698 696; x_wconf 79' lang='lat' dir='ltr'>cum</span> <span class='ocrx_word' id='word_1_111' title='bbox 707 657 923 713; x_wconf 85' lang='lat' dir='ltr'>crispisfoliis</span> <span class='ocrx_word' id='word_1_112' title='bbox 934 653 979 698; x_wconf 57' lang='grc' dir='ltr'>εὖ*</span> <span class='ocrx_word' id='word_1_113' title='bbox 991 659 1135 698; x_wconf 84' lang='lat' dir='ltr'>volutis.</span> <span class='ocrx_word' id='word_1_114' title='bbox 1165 663 1300 701; x_wconf 87' lang='lat' dir='ltr'>Baldus</span> <span class='ocrx_word' id='word_1_115' title='bbox 1313 677 1320 700; x_wconf 90' lang='lat'><strong>:</strong></span> <span class='ocrx_word' id='word_1_116' title='bbox 1353 664 1569 704; x_wconf 83' lang='lat' dir='ltr'>Obscurum</span> <span class='ocrx_word' id='word_1_117' title='bbox 1578 678 1694 704; x_wconf 85' lang='lat' dir='ltr'>voca-</span> 
     </span>
     <span class='ocr_line' id='line_1_12' title="bbox 108 714 1695 773; baseline 0.001 -15"><span class='ocrx_word' id='word_1_118' title='bbox 108 721 238 758; x_wconf 89' lang='lat' dir='ltr'>bulum</span> <span class='ocrx_word' id='word_1_119' title='bbox 251 748 262 764; x_wconf 88' lang='lat'>‚</span> <span class='ocrx_word' id='word_1_120' title='bbox 273 718 310 755; x_wconf 88' lang='lat'>&amp;</span> <span class='ocrx_word' id='word_1_121' title='bbox 320 717 386 754; x_wconf 88' lang='lat' dir='ltr'>nisi</span> <span class='ocrx_word' id='word_1_122' title='bbox 395 716 580 754; x_wconf 84' lang='lat' dir='ltr'>succurrat</span> <span class='ocrx_word' id='word_1_123' title='bbox 592 714 735 752; x_wconf 88' lang='lat' dir='ltr'>divinus</span> <span class='ocrx_word' id='word_1_124' title='bbox 747 716 879 765; x_wconf 86' lang='lat' dir='ltr'>aliquis</span> <span class='ocrx_word' id='word_1_125' title='bbox 890 744 902 760; x_wconf 90' lang='lat'><em>‚</em></span> <span class='ocrx_word' id='word_1_126' title='bbox 921 716 1194 765; x_wconf 80' lang='lat' dir='ltr'>inexplicabile.</span> <span class='ocrx_word' id='word_1_127' title='bbox 1225 719 1421 758; x_wconf 61' lang='lat' dir='ltr'>Philander</span> <span class='ocrx_word' id='word_1_128' title='bbox 1432 721 1503 759; x_wconf 85' lang='lat' dir='ltr'>levi</span> <span class='ocrx_word' id='word_1_129' title='bbox 1512 722 1606 772; x_wconf 89' lang='lat' dir='ltr'>pede</span> <span class='ocrx_word' id='word_1_130' title='bbox 1617 734 1695 773; x_wconf 85' lang='lat' dir='ltr'>per-</span> 
     </span>
     <span class='ocr_line' id='line_1_13' title="bbox 106 768 1692 829; baseline 0 -15"><span class='ocrx_word' id='word_1_131' title='bbox 106 775 242 820; x_wconf 83' lang='lat' dir='ltr'>transit,</span> <span class='ocrx_word' id='word_1_132' title='bbox 253 775 434 824; x_wconf 88' lang='lat' dir='ltr'>inquiens,</span> <span class='ocrx_word' id='word_1_133' title='bbox 444 773 638 808; x_wconf 77' lang='lat' dir='ltr'>ornamenti</span> <span class='ocrx_word' id='word_1_134' title='bbox 642 784 764 824; x_wconf 69' lang='lat' dir='ltr'>genios,</span> <span class='ocrx_word' id='word_1_135' title='bbox 776 769 868 823; x_wconf 75' lang='lat' dir='ltr'>quod</span> <span class='ocrx_word' id='word_1_136' title='bbox 873 768 975 823; x_wconf 78' lang='lat' dir='ltr'>quale</span> <span class='ocrx_word' id='word_1_137' title='bbox 977 770 1112 820; x_wconf 83' lang='lat' dir='ltr'>fuerit,</span> <span class='ocrx_word' id='word_1_138' title='bbox 1113 770 1155 823; x_wconf 68' lang='lat' dir='ltr'>fi’</span> <span class='ocrx_word' id='word_1_139' title='bbox 1161 786 1204 809; x_wconf 81' lang='lat' dir='ltr'>ne</span> <span class='ocrx_word' id='word_1_140' title='bbox 1202 771 1377 825; x_wconf 75' lang='lat' dir='ltr'>fiespicari</span> <span class='ocrx_word' id='word_1_141' title='bbox 1387 775 1525 828; x_wconf 80' lang='lat' dir='ltr'>quidem</span> <span class='ocrx_word' id='word_1_142' title='bbox 1531 774 1692 829; x_wconf 68' lang='lat' dir='ltr'>potuiffi’.</span> 
     </span>
     <span class='ocr_line' id='line_1_14' title="bbox 107 825 1697 884; baseline 0.001 -16"><span class='ocrx_word' id='word_1_143' title='bbox 107 827 448 870; x_wconf 85' lang='lat' dir='ltr'>Turnebiverolib.</span> <span class='ocrx_word' id='word_1_144' title='bbox 458 839 503 865; x_wconf 83' lang='lat' dir='ltr'>vi</span> <span class='ocrx_word' id='word_1_145' title='bbox 518 839 549 863; x_wconf 95' lang='lat'>1.</span> <span class='ocrx_word' id='word_1_146' title='bbox 560 839 590 864; x_wconf 93' lang='lat' dir='ltr'>c.</span> <span class='ocrx_word' id='word_1_147' title='bbox 607 841 670 872; x_wconf 89' lang='lat'>27.</span> <span class='ocrx_word' id='word_1_148' title='bbox 683 826 760 865; x_wconf 87' lang='lat' dir='ltr'>haec</span> <span class='ocrx_word' id='word_1_149' title='bbox 769 826 853 864; x_wconf 87' lang='lat' dir='ltr'>sunt</span> <span class='ocrx_word' id='word_1_150' title='bbox 861 825 992 864; x_wconf 85' lang='lat' dir='ltr'>verba:</span> <span class='ocrx_word' id='word_1_151' title='bbox 1025 830 1211 880; x_wconf 74' lang='lat' dir='ltr'>Qaercmt</span> <span class='ocrx_word' id='word_1_152' title='bbox 1225 828 1403 878; x_wconf 66' lang='lat' dir='ltr'>doHiss&#39;imi</span> <span class='ocrx_word' id='word_1_153' title='bbox 1421 832 1497 867; x_wconf 78' lang='lat' dir='ltr'>viri</span> <span class='ocrx_word' id='word_1_154' title='bbox 1506 835 1569 884; x_wconf 81' lang='lat' dir='ltr'>qui</span> <span class='ocrx_word' id='word_1_155' title='bbox 1572 832 1649 884; x_wconf 80' lang='lat' dir='ltr'>stnt</span> <span class='ocrx_word' id='word_1_156' title='bbox 1658 834 1697 869; x_wconf 86' lang='lat' dir='ltr'>in</span> 
     </span>
     <span class='ocr_line' id='line_1_15' title="bbox 108 876 1698 937; baseline 0.001 -14"><span class='ocrx_word' id='word_1_157' title='bbox 108 888 269 927; x_wconf 69' lang='lat' dir='ltr'>Vitruvio</span> <span class='ocrx_word' id='word_1_158' title='bbox 281 881 686 937; x_wconf 82' lang='lat' dir='ltr'>harpaginetulistriati‚</span> <span class='ocrx_word' id='word_1_159' title='bbox 713 876 758 921; x_wconf 57' lang='grc' dir='ltr'><em>ά</em></span> <span class='ocrx_word' id='word_1_160' title='bbox 764 880 928 933; x_wconf 72' lang='lat' dir='ltr'>fidulam</span> <span class='ocrx_word' id='word_1_161' title='bbox 947 892 1085 921; x_wconf 80' lang='lat' dir='ltr'>navant</span> <span class='ocrx_word' id='word_1_162' title='bbox 1106 894 1239 936; x_wconf 81' lang='lat' dir='ltr'>operam</span> <span class='ocrx_word' id='word_1_163' title='bbox 1247 886 1287 920; x_wconf 83' lang='lat' dir='ltr'>in</span> <span class='ocrx_word' id='word_1_164' title='bbox 1295 882 1447 921; x_wconf 78' lang='lat' dir='ltr'>eruenda</span> <span class='ocrx_word' id='word_1_165' title='bbox 1457 883 1594 936; x_wconf 69' lang='lat' dir='ltr'>obscura</span> <span class='ocrx_word' id='word_1_166' title='bbox 1604 892 1698 926; x_wconf 75' lang='lat' dir='ltr'>vocis</span> 
     </span>
    </p>

    <p class='ocr_par' dir='ltr' id='par_1_5' title="bbox 95 935 1702 1990">
     <span class='ocr_line' id='line_1_16' title="bbox 95 935 1698 997; baseline 0.001 -18"><span class='ocrx_word' id='word_1_167' title='bbox 95 938 684 997; x_wconf 75' lang='lat' dir='ltr'>fignificatione‚parumproficiunt</span> <span class='ocrx_word' id='word_1_168' title='bbox 693 947 822 975; x_wconf 81' lang='lat' dir='ltr'>tamen.</span> <span class='ocrx_word' id='word_1_169' title='bbox 855 937 947 977; x_wconf 63' lang='lat' dir='ltr'>cAa&#39;</span> <span class='ocrx_word' id='word_1_170' title='bbox 941 935 1080 990; x_wconf 73' lang='lat' dir='ltr'>sacram</span> <span class='ocrx_word' id='word_1_171' title='bbox 1091 936 1275 976; x_wconf 80' lang='lat' dir='ltr'>anchoram</span> <span class='ocrx_word' id='word_1_172' title='bbox 1285 938 1542 978; x_wconf 76' lang='lat' dir='ltr'>decurrendum</span> <span class='ocrx_word' id='word_1_173' title='bbox 1552 944 1590 979; x_wconf 77' lang='lat' dir='ltr'>in</span> <span class='ocrx_word' id='word_1_174' title='bbox 1599 941 1698 981; x_wconf 75' lang='lat' dir='ltr'>rebm</span> 
     </span>
     <span class='ocr_line' id='line_1_17' title="bbox 100 989 1697 1052; baseline 0 -16"><span class='ocrx_word' id='word_1_175' title='bbox 100 999 248 1052; x_wconf 76' lang='lat' dir='ltr'>perditis</span> <span class='ocrx_word' id='word_1_176' title='bbox 258 989 302 1035; x_wconf 65' lang='grc' dir='ltr'>ό*</span> <span class='ocrx_word' id='word_1_177' title='bbox 333 1005 409 1048; x_wconf 85' lang='lat' dir='ltr'>rope</span> <span class='ocrx_word' id='word_1_178' title='bbox 418 993 610 1045; x_wconf 59' lang='lat' dir='ltr'>desperata,</span> <span class='ocrx_word' id='word_1_179' title='bbox 625 992 665 1030; x_wconf 80' lang='lat' dir='ltr'>id</span> <span class='ocrx_word' id='word_1_180' title='bbox 671 996 720 1031; x_wconf 64' lang='lat' dir='ltr'>eff</span> <span class='ocrx_word' id='word_1_181' title='bbox 728 992 776 1030; x_wconf 82' lang='lat' dir='ltr'>ad</span> <span class='ocrx_word' id='word_1_182' title='bbox 783 990 885 1030; x_wconf 65' lang='lat' dir='ltr'>libros</span> <span class='ocrx_word' id='word_1_183' title='bbox 895 1003 1047 1038; x_wconf 84' lang='lat' dir='ltr'>veteres,</span> <span class='ocrx_word' id='word_1_184' title='bbox 1059 995 1096 1030; x_wconf 83' lang='lat' dir='ltr'>in</span> <span class='ocrx_word' id='word_1_185' title='bbox 1106 992 1225 1047; x_wconf 62' lang='lat' dir='ltr'>quibus</span> <span class='ocrx_word' id='word_1_186' title='bbox 1236 994 1362 1049; x_wconf 77' lang='lat' dir='ltr'>legitur</span> <span class='ocrx_word' id='word_1_187' title='bbox 1372 1009 1383 1033; x_wconf 82' lang='lat'>.·</span> <span class='ocrx_word' id='word_1_188' title='bbox 1397 997 1484 1048; x_wconf 84' lang='lat' dir='ltr'>Apa</span> <span class='ocrx_word' id='word_1_189' title='bbox 1487 1000 1578 1047; x_wconf 82' lang='lat' dir='ltr'>ginae</span> <span class='ocrx_word' id='word_1_190' title='bbox 1591 1001 1697 1038; x_wconf 85' lang='lat' dir='ltr'>oculi</span> 
     </span>
     <span class='ocr_line' id='line_1_18' title="bbox 107 1006 1696 1103; baseline -0.002 -10"><span class='ocrx_word' id='word_1_191' title='bbox 107 1055 222 1092; x_wconf 90' lang='lat' dir='ltr'>strati:</span> <span class='ocrx_word' id='word_1_192' title='bbox 242 1064 289 1088; x_wconf 82' lang='lat' dir='ltr'>ex</span> <span class='ocrx_word' id='word_1_193' title='bbox 296 1006 350 1088; x_wconf 52' lang='grc' dir='ltr'>ἰὴ</span> <span class='ocrx_word' id='word_1_194' title='bbox 360 1047 476 1087; x_wconf 66' lang='lat' dir='ltr'>verbos-</span> <span class='ocrx_word' id='word_1_195' title='bbox 486 1047 623 1087; x_wconf 84' lang='lat' dir='ltr'>emendo</span> <span class='ocrx_word' id='word_1_196' title='bbox 637 1079 647 1094; x_wconf 92' lang='lat'><em>‚</em></span> <span class='ocrx_word' id='word_1_197' title='bbox 657 1049 829 1100; x_wconf 78' lang='lat' dir='ltr'>Aparinae</span> <span class='ocrx_word' id='word_1_198' title='bbox 841 1050 945 1087; x_wconf 89' lang='lat' dir='ltr'>oculi</span> <span class='ocrx_word' id='word_1_199' title='bbox 957 1049 1085 1095; x_wconf 89' lang='lat' dir='ltr'>striati,</span> <span class='ocrx_word' id='word_1_200' title='bbox 1094 1049 1157 1087; x_wconf 77' lang='lat' dir='ltr'>vel</span> <span class='ocrx_word' id='word_1_201' title='bbox 1164 1076 1171 1090; x_wconf 84' lang='lat'>‚</span> <span class='ocrx_word' id='word_1_202' title='bbox 1194 1050 1366 1103; x_wconf 79' lang='lat' dir='ltr'>Aparinae</span> <span class='ocrx_word' id='word_1_203' title='bbox 1378 1055 1541 1091; x_wconf 86' lang='lat' dir='ltr'>coliculi.</span> <span class='ocrx_word' id='word_1_204' title='bbox 1576 1053 1696 1091; x_wconf 82' lang='lat' dir='ltr'>Oculos</span> 
     </span>
     <span class='ocr_line' id='line_1_19' title="bbox 106 1103 1702 1162; baseline -0.001 -15"><span class='ocrx_word' id='word_1_205' title='bbox 106 1111 196 1147; x_wconf 84' lang='lat' dir='ltr'>enim</span> <span class='ocrx_word' id='word_1_206' title='bbox 208 1103 251 1147; x_wconf 52' lang='grc' dir='ltr'><em>ὦ</em></span> <span class='ocrx_word' id='word_1_207' title='bbox 261 1108 300 1144; x_wconf 79' lang='lat' dir='ltr'>in</span> <span class='ocrx_word' id='word_1_208' title='bbox 310 1103 536 1145; x_wconf 73' lang='lat' dir='ltr'>arundinibus</span> <span class='ocrx_word' id='word_1_209' title='bbox 546 1103 755 1158; x_wconf 71' lang='lat' dir='ltr'>&amp;stirpibus</span> <span class='ocrx_word' id='word_1_210' title='bbox 765 1104 836 1142; x_wconf 84' lang='lat' dir='ltr'>dici</span> <span class='ocrx_word' id='word_1_211' title='bbox 849 1119 917 1142; x_wconf 78' lang='lat' dir='ltr'>non</span> <span class='ocrx_word' id='word_1_212' title='bbox 927 1108 976 1142; x_wconf 74' lang='lat' dir='ltr'>eft</span> <span class='ocrx_word' id='word_1_213' title='bbox 986 1106 1155 1157; x_wconf 74' lang='lat' dir='ltr'>ignotum.</span> <span class='ocrx_word' id='word_1_214' title='bbox 1188 1113 1218 1144; x_wconf 86' lang='lat' dir='ltr'><em>E</em></span> <span class='ocrx_word' id='word_1_215' title='bbox 1221 1120 1254 1144; x_wconf 85' lang='lat' dir='ltr'>os</span> <span class='ocrx_word' id='word_1_216' title='bbox 1260 1118 1324 1160; x_wconf 83' lang='lat' dir='ltr'>pro</span> <span class='ocrx_word' id='word_1_217' title='bbox 1334 1106 1478 1161; x_wconf 85' lang='lat' dir='ltr'>fastigio</span> <span class='ocrx_word' id='word_1_218' title='bbox 1481 1110 1565 1162; x_wconf 79' lang='lat' dir='ltr'>poni</span> <span class='ocrx_word' id='word_1_219' title='bbox 1574 1135 1582 1149; x_wconf 90' lang='lat'>‚</span> <span class='ocrx_word' id='word_1_220' title='bbox 1603 1107 1642 1146; x_wconf 83' lang='lat' dir='ltr'>id</span> <span class='ocrx_word' id='word_1_221' title='bbox 1650 1112 1702 1147; x_wconf 62' lang='lat' dir='ltr'>essi</span> 
     </span>
     <span class='ocr_line' id='line_1_20' title="bbox 105 1158 1697 1219; baseline 0.001 -17"><span class='ocrx_word' id='word_1_222' title='bbox 105 1163 198 1219; x_wconf 76' lang='lat' dir='ltr'>quod</span> <span class='ocrx_word' id='word_1_223' title='bbox 205 1164 365 1204; x_wconf 83' lang='lat' dir='ltr'>Vitruvio</span> <span class='ocrx_word' id='word_1_224' title='bbox 375 1158 693 1216; x_wconf 80' lang='lat' dir='ltr'>reprehendendum</span> <span class='ocrx_word' id='word_1_225' title='bbox 703 1158 855 1198; x_wconf 77' lang='lat' dir='ltr'>videtur.</span> <span class='ocrx_word' id='word_1_226' title='bbox 869 1162 961 1199; x_wconf 82' lang='lat' dir='ltr'>Haec</span> <span class='ocrx_word' id='word_1_227' title='bbox 972 1162 1044 1198; x_wconf 90' lang='lat' dir='ltr'>ille:</span> <span class='ocrx_word' id='word_1_228' title='bbox 1058 1164 1122 1212; x_wconf 89' lang='lat' dir='ltr'>qui</span> <span class='ocrx_word' id='word_1_229' title='bbox 1131 1162 1196 1201; x_wconf 84' lang='lat' dir='ltr'>fibi</span> <span class='ocrx_word' id='word_1_230' title='bbox 1206 1175 1286 1200; x_wconf 90' lang='lat' dir='ltr'>non</span> <span class='ocrx_word' id='word_1_231' title='bbox 1295 1163 1528 1205; x_wconf 82' lang='lat' dir='ltr'>satisfaciens,</span> <span class='ocrx_word' id='word_1_232' title='bbox 1542 1166 1590 1203; x_wconf 87' lang='lat' dir='ltr'>ita</span> <span class='ocrx_word' id='word_1_233' title='bbox 1601 1166 1697 1203; x_wconf 85' lang='lat' dir='ltr'>clau-</span> 
     </span>
     <span class='ocr_line' id='line_1_21' title="bbox 107 1214 1700 1274; baseline -0.001 -15"><span class='ocrx_word' id='word_1_234' title='bbox 107 1223 179 1260; x_wconf 84' lang='lat' dir='ltr'>dit:</span> <span class='ocrx_word' id='word_1_235' title='bbox 208 1227 298 1270; x_wconf 60' lang='lat' dir='ltr'>Non</span> <span class='ocrx_word' id='word_1_236' title='bbox 309 1227 511 1271; x_wconf 80' lang='lat' dir='ltr'>magnopere</span> <span class='ocrx_word' id='word_1_237' title='bbox 521 1215 608 1254; x_wconf 83' lang='lat' dir='ltr'>hanc</span> <span class='ocrx_word' id='word_1_238' title='bbox 618 1215 890 1254; x_wconf 70' lang='lat' dir='ltr'>emendationem</span> <span class='ocrx_word' id='word_1_239' title='bbox 900 1214 1055 1258; x_wconf 78' lang='lat' dir='ltr'>vendito,</span> <span class='ocrx_word' id='word_1_240' title='bbox 1070 1217 1116 1254; x_wconf 86' lang='lat' dir='ltr'>ad</span> <span class='ocrx_word' id='word_1_241' title='bbox 1122 1219 1273 1256; x_wconf 68' lang='lat' dir='ltr'>auc‘i‘oris</span> <span class='ocrx_word' id='word_1_242' title='bbox 1284 1228 1400 1256; x_wconf 72' lang='lat' dir='ltr'>tamen</span> <span class='ocrx_word' id='word_1_243' title='bbox 1408 1218 1700 1274; x_wconf 67' lang='lat' dir='ltr'>fi’nfitmpropiuc</span> 
     </span>
     <span class='ocr_line' id='line_1_22' title="bbox 105 1271 1699 1330; baseline 0.001 -16"><span class='ocrx_word' id='word_1_244' title='bbox 105 1290 209 1330; x_wconf 80' lang='lat' dir='ltr'>quam</span> <span class='ocrx_word' id='word_1_245' title='bbox 228 1283 360 1326; x_wconf 82' lang='lat' dir='ltr'>recepta</span> <span class='ocrx_word' id='word_1_246' title='bbox 367 1271 542 1327; x_wconf 80' lang='lat' dir='ltr'>scriptura</span> <span class='ocrx_word' id='word_1_247' title='bbox 560 1271 693 1311; x_wconf 82' lang='lat' dir='ltr'>accedit.</span> <span class='ocrx_word' id='word_1_248' title='bbox 729 1273 847 1311; x_wconf 67' lang='lat' dir='ltr'>Caesir</span> <span class='ocrx_word' id='word_1_249' title='bbox 860 1273 950 1311; x_wconf 83' lang='lat' dir='ltr'>Caes</span> <span class='ocrx_word' id='word_1_250' title='bbox 944 1276 1087 1312; x_wconf 89' lang='lat' dir='ltr'>arianus</span> <span class='ocrx_word' id='word_1_251' title='bbox 1107 1275 1145 1312; x_wconf 91' lang='lat' dir='ltr'>in</span> <span class='ocrx_word' id='word_1_252' title='bbox 1164 1274 1417 1314; x_wconf 87' lang='lat' dir='ltr'>semibarbaris</span> <span class='ocrx_word' id='word_1_253' title='bbox 1437 1276 1506 1313; x_wconf 88' lang='lat' dir='ltr'>suis</span> <span class='ocrx_word' id='word_1_254' title='bbox 1517 1276 1562 1315; x_wconf 89' lang='lat' dir='ltr'>ad</span> <span class='ocrx_word' id='word_1_255' title='bbox 1572 1278 1699 1316; x_wconf 90' lang='lat' dir='ltr'>Vitru-</span> 
     </span>
     <span class='ocr_line' id='line_1_23' title="bbox 107 1329 1696 1382; baseline -0.001 -11"><span class='ocrx_word' id='word_1_256' title='bbox 107 1334 213 1371; x_wconf 87' lang='lat' dir='ltr'>vium</span> <span class='ocrx_word' id='word_1_257' title='bbox 226 1331 519 1369; x_wconf 85' lang='lat' dir='ltr'>Commentariis</span> <span class='ocrx_word' id='word_1_258' title='bbox 529 1330 575 1367; x_wconf 88' lang='lat' dir='ltr'>de</span> <span class='ocrx_word' id='word_1_259' title='bbox 586 1330 727 1382; x_wconf 86' lang='lat' dir='ltr'>Harpys</span> <span class='ocrx_word' id='word_1_260' title='bbox 746 1331 917 1380; x_wconf 81' lang='lat' dir='ltr'>intelligit</span> <span class='ocrx_word' id='word_1_261' title='bbox 928 1329 1063 1379; x_wconf 89' lang='lat' dir='ltr'>quibus</span> <span class='ocrx_word' id='word_1_262' title='bbox 1073 1333 1189 1381; x_wconf 88' lang='lat' dir='ltr'>aptari</span> <span class='ocrx_word' id='word_1_263' title='bbox 1201 1332 1249 1369; x_wconf 83' lang='lat' dir='ltr'>ait</span> <span class='ocrx_word' id='word_1_264' title='bbox 1263 1331 1353 1370; x_wconf 89' lang='lat' dir='ltr'>folia</span> <span class='ocrx_word' id='word_1_265' title='bbox 1363 1334 1401 1370; x_wconf 76' lang='grc' dir='ltr'>ὃ(</span> <span class='ocrx_word' id='word_1_266' title='bbox 1412 1333 1570 1370; x_wconf 79' lang='lat' dir='ltr'>volutas.</span> <span class='ocrx_word' id='word_1_267' title='bbox 1591 1332 1696 1371; x_wconf 89' lang='lat' dir='ltr'>Idem</span> 
     </span>
     <span class='ocr_line' id='line_1_24' title="bbox 107 1385 1697 1439; baseline -0.002 -11"><span class='ocrx_word' id='word_1_268' title='bbox 107 1391 222 1428; x_wconf 87' lang='lat' dir='ltr'>varias</span> <span class='ocrx_word' id='word_1_269' title='bbox 232 1390 268 1424; x_wconf 92' lang='lat' dir='ltr'>in</span> <span class='ocrx_word' id='word_1_270' title='bbox 282 1387 500 1425; x_wconf 85' lang='lat' dir='ltr'>Vitruvium</span> <span class='ocrx_word' id='word_1_271' title='bbox 512 1385 690 1424; x_wconf 87' lang='lat' dir='ltr'>hocloco</span> <span class='ocrx_word' id='word_1_272' title='bbox 699 1385 841 1437; x_wconf 83' lang='lat' dir='ltr'>profert</span> <span class='ocrx_word' id='word_1_273' title='bbox 850 1385 1047 1426; x_wconf 60' lang='lat' dir='ltr'>lectiones,</span> <span class='ocrx_word' id='word_1_274' title='bbox 1063 1385 1547 1439; x_wconf 80' lang='lat' dir='ltr'>Arpaginetuli‚Apagines,</span> <span class='ocrx_word' id='word_1_275' title='bbox 1557 1386 1697 1439; x_wconf 77' lang='lat' dir='ltr'>Apagi-</span> 
     </span>
     <span class='ocr_line' id='line_1_25' title="bbox 108 1441 1698 1494; baseline 0 -12"><span class='ocrx_word' id='word_1_276' title='bbox 108 1446 238 1482; x_wconf 81' lang='lat' dir='ltr'>netuli.</span> <span class='ocrx_word' id='word_1_277' title='bbox 253 1441 433 1480; x_wconf 88' lang='lat' dir='ltr'>Barbarus</span> <span class='ocrx_word' id='word_1_278' title='bbox 444 1444 620 1492; x_wconf 78' lang='lat' dir='ltr'>ignotum</span> <span class='ocrx_word' id='word_1_279' title='bbox 629 1441 863 1480; x_wconf 84' lang='lat' dir='ltr'>vocabulum</span> <span class='ocrx_word' id='word_1_280' title='bbox 874 1441 1092 1486; x_wconf 85' lang='lat' dir='ltr'>horrens‚ab</span> <span class='ocrx_word' id='word_1_281' title='bbox 1105 1454 1152 1480; x_wconf 92' lang='lat' dir='ltr'>eo</span> <span class='ocrx_word' id='word_1_282' title='bbox 1166 1442 1339 1481; x_wconf 85' lang='lat' dir='ltr'>abstinuit</span> <span class='ocrx_word' id='word_1_283' title='bbox 1350 1445 1505 1494; x_wconf 90' lang='lat' dir='ltr'>quidem</span> <span class='ocrx_word' id='word_1_284' title='bbox 1517 1445 1553 1481; x_wconf 87' lang='lat' dir='ltr'>in</span> <span class='ocrx_word' id='word_1_285' title='bbox 1563 1444 1698 1482; x_wconf 84' lang='lat' dir='ltr'>Latina</span> 
     </span>
     <span class='ocr_line' id='line_1_26' title="bbox 108 1497 1696 1538; baseline 0 -1"><span class='ocrx_word' id='word_1_286' title='bbox 108 1500 167 1538; x_wconf 88' lang='lat' dir='ltr'>sua</span> <span class='ocrx_word' id='word_1_287' title='bbox 179 1500 505 1538; x_wconf 84' lang='lat' dir='ltr'>commentatione</span> <span class='ocrx_word' id='word_1_288' title='bbox 515 1525 523 1538; x_wconf 93' lang='lat'>‚</span> <span class='ocrx_word' id='word_1_289' title='bbox 544 1501 580 1536; x_wconf 93' lang='lat' dir='ltr'>in</span> <span class='ocrx_word' id='word_1_290' title='bbox 592 1497 762 1537; x_wconf 86' lang='lat' dir='ltr'>verfione</span> <span class='ocrx_word' id='word_1_291' title='bbox 773 1510 863 1536; x_wconf 88' lang='lat' dir='ltr'>vero</span> <span class='ocrx_word' id='word_1_292' title='bbox 876 1499 998 1536; x_wconf 89' lang='lat' dir='ltr'>Italica</span> <span class='ocrx_word' id='word_1_293' title='bbox 1009 1498 1100 1535; x_wconf 87' lang='lat' dir='ltr'>nihil</span> <span class='ocrx_word' id='word_1_294' title='bbox 1113 1501 1283 1537; x_wconf 79' lang='lat' dir='ltr'>mutavit.</span> <span class='ocrx_word' id='word_1_295' title='bbox 1317 1501 1411 1538; x_wconf 86' lang='lat' dir='ltr'>Haec</span> <span class='ocrx_word' id='word_1_296' title='bbox 1422 1512 1497 1538; x_wconf 91' lang='lat' dir='ltr'>vox</span> <span class='ocrx_word' id='word_1_297' title='bbox 1507 1501 1644 1538; x_wconf 89' lang='lat' dir='ltr'>mirum</span> <span class='ocrx_word' id='word_1_298' title='bbox 1657 1501 1696 1537; x_wconf 89' lang='lat' dir='ltr'>in</span> 
     </span>
     <span class='ocr_line' id='line_1_27' title="bbox 107 1553 1695 1606; baseline -0.001 -11"><span class='ocrx_word' id='word_1_299' title='bbox 107 1556 268 1595; x_wconf 90' lang='lat' dir='ltr'>modum</span> <span class='ocrx_word' id='word_1_300' title='bbox 279 1566 341 1592; x_wconf 89' lang='lat' dir='ltr'>me</span> <span class='ocrx_word' id='word_1_301' title='bbox 349 1554 485 1604; x_wconf 89' lang='lat' dir='ltr'>diuque</span> <span class='ocrx_word' id='word_1_302' title='bbox 496 1554 609 1595; x_wconf 83' lang='lat' dir='ltr'>torfit,</span> <span class='ocrx_word' id='word_1_303' title='bbox 623 1553 774 1605; x_wconf 78' lang='lat' dir='ltr'>pressius</span> <span class='ocrx_word' id='word_1_304' title='bbox 785 1565 910 1592; x_wconf 84' lang='lat' dir='ltr'>tamen</span> <span class='ocrx_word' id='word_1_305' title='bbox 922 1555 1082 1594; x_wconf 85' lang='lat' dir='ltr'>rimanti,</span> <span class='ocrx_word' id='word_1_306' title='bbox 1090 1554 1128 1591; x_wconf 70' lang='grc' dir='ltr'>δε</span> <span class='ocrx_word' id='word_1_307' title='bbox 1140 1554 1366 1594; x_wconf 67' lang='lat' dir='ltr'>charasteres</span> <span class='ocrx_word' id='word_1_308' title='bbox 1378 1555 1539 1606; x_wconf 78' lang='lat' dir='ltr'>singulos</span> <span class='ocrx_word' id='word_1_309' title='bbox 1550 1558 1695 1593; x_wconf 87' lang='lat' dir='ltr'>minute</span> 
     </span>
     <span class='ocr_line' id='line_1_28' title="bbox 108 1609 1697 1663; baseline -0.001 -13"><span class='ocrx_word' id='word_1_310' title='bbox 108 1611 337 1663; x_wconf 87' lang='lat' dir='ltr'>persequenti</span> <span class='ocrx_word' id='word_1_311' title='bbox 350 1636 357 1649; x_wconf 93' lang='lat'>‚</span> <span class='ocrx_word' id='word_1_312' title='bbox 370 1610 486 1648; x_wconf 83' lang='lat' dir='ltr'>visum</span> <span class='ocrx_word' id='word_1_313' title='bbox 503 1610 606 1649; x_wconf 86' lang='lat' dir='ltr'>mihi,</span> <span class='ocrx_word' id='word_1_314' title='bbox 623 1613 713 1649; x_wconf 89' lang='lat' dir='ltr'>citra</span> <span class='ocrx_word' id='word_1_315' title='bbox 731 1611 851 1649; x_wconf 88' lang='lat' dir='ltr'>ullum</span> <span class='ocrx_word' id='word_1_316' title='bbox 870 1610 1113 1648; x_wconf 87' lang='lat' dir='ltr'>dubitationis</span> <span class='ocrx_word' id='word_1_317' title='bbox 1125 1609 1346 1656; x_wconf 85' lang='lat' dir='ltr'>obtentum,</span> <span class='ocrx_word' id='word_1_318' title='bbox 1368 1624 1458 1662; x_wconf 92' lang='lat' dir='ltr'>pure</span> <span class='ocrx_word' id='word_1_319' title='bbox 1467 1622 1559 1662; x_wconf 90' lang='lat' dir='ltr'>pute</span> <span class='ocrx_word' id='word_1_320' title='bbox 1569 1613 1697 1662; x_wconf 83' lang='lat' dir='ltr'>legen-</span> 
     </span>
     <span class='ocr_line' id='line_1_29' title="bbox 108 1666 1696 1719; baseline -0.001 -13"><span class='ocrx_word' id='word_1_321' title='bbox 108 1668 201 1706; x_wconf 90' lang='lat' dir='ltr'>dum</span> <span class='ocrx_word' id='word_1_322' title='bbox 213 1668 403 1717; x_wconf 78' lang='lat' dir='ltr'>Harpages</span> <span class='ocrx_word' id='word_1_323' title='bbox 415 1668 472 1704; x_wconf 89' lang='lat' dir='ltr'>vel</span> <span class='ocrx_word' id='word_1_324' title='bbox 486 1667 731 1719; x_wconf 79' lang='lat' dir='ltr'>Harpagones</span> <span class='ocrx_word' id='word_1_325' title='bbox 744 1669 781 1705; x_wconf 72' lang='grc' dir='ltr'>ὃ(</span> <span class='ocrx_word' id='word_1_326' title='bbox 795 1667 915 1704; x_wconf 88' lang='lat' dir='ltr'>mituli</span> <span class='ocrx_word' id='word_1_327' title='bbox 937 1666 1059 1704; x_wconf 84' lang='lat' dir='ltr'>striati.</span> <span class='ocrx_word' id='word_1_328' title='bbox 1090 1668 1187 1704; x_wconf 83' lang='lat' dir='ltr'>Sunt</span> <span class='ocrx_word' id='word_1_329' title='bbox 1207 1678 1335 1705; x_wconf 84' lang='lat' dir='ltr'>autem</span> <span class='ocrx_word' id='word_1_330' title='bbox 1355 1669 1479 1706; x_wconf 90' lang='lat' dir='ltr'>mituli</span> <span class='ocrx_word' id='word_1_331' title='bbox 1497 1679 1587 1717; x_wconf 91' lang='lat' dir='ltr'>quas</span> <span class='ocrx_word' id='word_1_332' title='bbox 1605 1679 1696 1705; x_wconf 90' lang='lat' dir='ltr'>con-</span> 
     </span>
     <span class='ocr_line' id='line_1_30' title="bbox 110 1722 1696 1772; baseline -0.001 -11"><span class='ocrx_word' id='word_1_333' title='bbox 110 1724 196 1761; x_wconf 85' lang='lat' dir='ltr'>chas</span> <span class='ocrx_word' id='word_1_334' title='bbox 208 1725 268 1762; x_wconf 89' lang='lat' dir='ltr'>seu</span> <span class='ocrx_word' id='word_1_335' title='bbox 279 1722 465 1760; x_wconf 82' lang='lat' dir='ltr'>Ghivcllas</span> <span class='ocrx_word' id='word_1_336' title='bbox 476 1723 655 1761; x_wconf 87' lang='lat' dir='ltr'>nostrates</span> <span class='ocrx_word' id='word_1_337' title='bbox 665 1723 810 1767; x_wconf 83' lang='lat' dir='ltr'>dicunt,</span> <span class='ocrx_word' id='word_1_338' title='bbox 820 1735 909 1772; x_wconf 85' lang='lat' dir='ltr'>quas</span> <span class='ocrx_word' id='word_1_339' title='bbox 920 1723 1074 1772; x_wconf 90' lang='lat' dir='ltr'>quidem</span> <span class='ocrx_word' id='word_1_340' title='bbox 1086 1722 1252 1760; x_wconf 82' lang='lat' dir='ltr'>conchas</span> <span class='ocrx_word' id='word_1_341' title='bbox 1262 1723 1398 1761; x_wconf 84' lang='lat' dir='ltr'>striatas</span> <span class='ocrx_word' id='word_1_342' title='bbox 1408 1723 1531 1761; x_wconf 82' lang='lat' dir='ltr'>dixere</span> <span class='ocrx_word' id='word_1_343' title='bbox 1540 1733 1696 1762; x_wconf 85' lang='lat' dir='ltr'>veteres.</span> 
     </span>
     <span class='ocr_line' id='line_1_31' title="bbox 108 1775 1695 1830; baseline -0.001 -14"><span class='ocrx_word' id='word_1_344' title='bbox 108 1781 164 1817; x_wconf 89' lang='lat' dir='ltr'>Ita</span> <span class='ocrx_word' id='word_1_345' title='bbox 173 1781 273 1816; x_wconf 89' lang='lat' dir='ltr'>enim</span> <span class='ocrx_word' id='word_1_346' title='bbox 284 1780 420 1816; x_wconf 87' lang='lat' dir='ltr'>Plinius</span> <span class='ocrx_word' id='word_1_347' title='bbox 430 1778 491 1816; x_wconf 92' lang='lat' dir='ltr'>lib.</span> <span class='ocrx_word' id='word_1_348' title='bbox 508 1791 522 1816; x_wconf 95' lang='lat'>1</span> <span class='ocrx_word' id='word_1_349' title='bbox 530 1792 562 1815; x_wconf 83' lang='lat' dir='ltr'>x.</span> <span class='ocrx_word' id='word_1_350' title='bbox 575 1791 656 1829; x_wconf 89' lang='lat' dir='ltr'>cap.</span> <span class='ocrx_word' id='word_1_351' title='bbox 672 1790 686 1819; x_wconf 83' lang='lat'><em>3</em></span> <span class='ocrx_word' id='word_1_352' title='bbox 701 1789 715 1819; x_wconf 85' lang='lat'><em>3</em></span> <span class='ocrx_word' id='word_1_353' title='bbox 727 1807 734 1814; x_wconf 96' lang='lat'>.</span> <span class='ocrx_word' id='word_1_354' title='bbox 750 1775 896 1814; x_wconf 86' lang='lat' dir='ltr'>Conchis</span> <span class='ocrx_word' id='word_1_355' title='bbox 906 1775 1054 1823; x_wconf 62' lang='lat' dir='ltr'>levibus,</span> <span class='ocrx_word' id='word_1_356' title='bbox 1067 1779 1202 1830; x_wconf 84' lang='lat' dir='ltr'>rigatis,</span> <span class='ocrx_word' id='word_1_357' title='bbox 1215 1776 1448 1818; x_wconf 80' lang='lat' dir='ltr'>denticulatis,</span> <span class='ocrx_word' id='word_1_358' title='bbox 1448 1778 1601 1828; x_wconf 70' lang='lat' dir='ltr'>firmis,</span> <span class='ocrx_word' id='word_1_359' title='bbox 1613 1791 1695 1816; x_wconf 86' lang='lat' dir='ltr'>ver-</span> 
     </span>
     <span class='ocr_line' id='line_1_32' title="bbox 107 1833 1697 1886; baseline 0 -15"><span class='ocrx_word' id='word_1_360' title='bbox 107 1836 176 1871; x_wconf 75' lang='lat' dir='ltr'>tice</span> <span class='ocrx_word' id='word_1_361' title='bbox 183 1836 383 1871; x_wconf 74' lang='lat' dir='ltr'>muricatim</span> <span class='ocrx_word' id='word_1_362' title='bbox 392 1835 529 1871; x_wconf 77' lang='lat' dir='ltr'>intorto.</span> <span class='ocrx_word' id='word_1_363' title='bbox 561 1835 607 1872; x_wconf 83' lang='lat' dir='ltr'>Et</span> <span class='ocrx_word' id='word_1_364' title='bbox 618 1835 678 1872; x_wconf 78' lang='lat' dir='ltr'>lib.</span> <span class='ocrx_word' id='word_1_365' title='bbox 692 1846 791 1872; x_wconf 78' lang='lat' dir='ltr'>xxxv</span> <span class='ocrx_word' id='word_1_366' title='bbox 800 1846 814 1871; x_wconf 90' lang='lat'>1</span> <span class='ocrx_word' id='word_1_367' title='bbox 828 1846 841 1870; x_wconf 92' lang='lat'>1</span> <span class='ocrx_word' id='word_1_368' title='bbox 851 1862 858 1869; x_wconf 93' lang='lat'>.</span> <span class='ocrx_word' id='word_1_369' title='bbox 873 1845 905 1870; x_wconf 87' lang='lat' dir='ltr'>c.</span> <span class='ocrx_word' id='word_1_370' title='bbox 927 1847 941 1871; x_wconf 88' lang='lat'>1</span> <span class='ocrx_word' id='word_1_371' title='bbox 949 1846 986 1871; x_wconf 89' lang='lat' dir='ltr'>o.</span> <span class='ocrx_word' id='word_1_372' title='bbox 1000 1840 1128 1871; x_wconf 79' lang='lat' dir='ltr'>Eureos</span> <span class='ocrx_word' id='word_1_373' title='bbox 1137 1834 1254 1871; x_wconf 85' lang='lat' dir='ltr'>nucleo</span> <span class='ocrx_word' id='word_1_374' title='bbox 1265 1833 1493 1886; x_wconf 70' lang='lat' dir='ltr'>olivaestmz&#39;lz&#39;s</span> <span class='ocrx_word' id='word_1_375' title='bbox 1504 1836 1563 1874; x_wconf 66' lang='lat' dir='ltr'>eft,</span> <span class='ocrx_word' id='word_1_376' title='bbox 1566 1833 1697 1884; x_wconf 85' lang='lat' dir='ltr'>striata</span> 
     </span>
     <span class='ocr_line' id='line_1_33' title="bbox 109 1883 1701 1941; baseline 0.001 -15"><span class='ocrx_word' id='word_1_377' title='bbox 109 1887 312 1927; x_wconf 81' lang='lat' dir='ltr'>concharum</span> <span class='ocrx_word' id='word_1_378' title='bbox 322 1887 428 1929; x_wconf 84' lang='lat' dir='ltr'>modo,</span> <span class='ocrx_word' id='word_1_379' title='bbox 442 1883 514 1928; x_wconf 64' lang='lat' dir='ltr'>&amp;a</span> <span class='ocrx_word' id='word_1_380' title='bbox 538 1890 729 1941; x_wconf 84' lang='lat' dir='ltr'>Harpages</span> <span class='ocrx_word' id='word_1_381' title='bbox 741 1901 831 1928; x_wconf 85' lang='lat' dir='ltr'>vero</span> <span class='ocrx_word' id='word_1_382' title='bbox 841 1890 977 1927; x_wconf 86' lang='lat' dir='ltr'>Graecis</span> <span class='ocrx_word' id='word_1_383' title='bbox 990 1919 1000 1934; x_wconf 93' lang='lat'>‚</span> <span class='ocrx_word' id='word_1_384' title='bbox 1012 1890 1116 1939; x_wconf 87' lang='lat' dir='ltr'>quod</span> <span class='ocrx_word' id='word_1_385' title='bbox 1130 1890 1375 1941; x_wconf 82' lang='lat' dir='ltr'>Harpagones</span> <span class='ocrx_word' id='word_1_386' title='bbox 1387 1891 1528 1928; x_wconf 85' lang='lat' dir='ltr'>Latinis</span> <span class='ocrx_word' id='word_1_387' title='bbox 1540 1920 1550 1936; x_wconf 84' lang='lat'>‚</span> <span class='ocrx_word' id='word_1_388' title='bbox 1571 1890 1701 1928; x_wconf 89' lang='lat' dir='ltr'>instru-</span> 
     </span>
     <span class='ocr_line' id='line_1_34' title="bbox 110 1945 1699 1990; baseline -0.001 -6"><span class='ocrx_word' id='word_1_389' title='bbox 110 1955 239 1984; x_wconf 79' lang='lat' dir='ltr'>menta</span> <span class='ocrx_word' id='word_1_390' title='bbox 260 1947 405 1984; x_wconf 86' lang='lat' dir='ltr'>adunca</span> <span class='ocrx_word' id='word_1_391' title='bbox 424 1945 463 1982; x_wconf 62' lang='grc' dir='ltr'>ὃς</span> <span class='ocrx_word' id='word_1_392' title='bbox 481 1947 671 1987; x_wconf 86' lang='lat' dir='ltr'>uncinata.</span> <span class='ocrx_word' id='word_1_393' title='bbox 701 1947 789 1984; x_wconf 92' lang='lat' dir='ltr'>Nec</span> <span class='ocrx_word' id='word_1_394' title='bbox 809 1945 891 1982; x_wconf 87' lang='lat' dir='ltr'>sane</span> <span class='ocrx_word' id='word_1_395' title='bbox 910 1947 1064 1982; x_wconf 88' lang='lat' dir='ltr'>notario</span> <span class='ocrx_word' id='word_1_396' title='bbox 1077 1975 1088 1990; x_wconf 91' lang='lat'>,</span> <span class='ocrx_word' id='word_1_397' title='bbox 1118 1947 1203 1983; x_wconf 87' lang='lat' dir='ltr'>alias</span> <span class='ocrx_word' id='word_1_398' title='bbox 1234 1945 1486 1983; x_wconf 82' lang='lat' dir='ltr'>somniculoso</span> <span class='ocrx_word' id='word_1_399' title='bbox 1514 1948 1552 1983; x_wconf 66' lang='grc' dir='ltr'>ὅ(</span> <span class='ocrx_word' id='word_1_400' title='bbox 1571 1957 1699 1984; x_wconf 88' lang='lat' dir='ltr'>rerum</span> 
     </span>
    </p>
   </div>
   <div class='ocr_carea' id='block_1_3' title="bbox 377 1998 1701 2168">
    <p class='ocr_par' dir='ltr' id='par_1_6' title="bbox 377 1998 1701 2168">
     <span class='ocr_line' id='line_1_35' title="bbox 492 1998 1701 2050; baseline -0.001 -12"><span class='ocrx_word' id='word_1_401' title='bbox 492 2036 494 2038; x_wconf 77' lang='grc'>,</span> <span class='ocrx_word' id='word_1_402' title='bbox 755 2004 904 2050; x_wconf 84' lang='lat' dir='ltr'>ignaro,</span> <span class='ocrx_word' id='word_1_403' title='bbox 917 1999 1069 2038; x_wconf 86' lang='lat' dir='ltr'>difficile</span> <span class='ocrx_word' id='word_1_404' title='bbox 1078 2001 1166 2044; x_wconf 80' lang='lat' dir='ltr'>fuit,</span> <span class='ocrx_word' id='word_1_405' title='bbox 1180 1998 1201 2037; x_wconf 83' lang='grc' dir='ltr'>ὲ</span> <span class='ocrx_word' id='word_1_406' title='bbox 1215 2001 1331 2039; x_wconf 85' lang='lat' dir='ltr'>verbo</span> <span class='ocrx_word' id='word_1_407' title='bbox 1342 2002 1486 2046; x_wconf 88' lang='lat' dir='ltr'>mituli,</span> <span class='ocrx_word' id='word_1_408' title='bbox 1507 2001 1604 2040; x_wconf 81' lang='lat' dir='ltr'>velli</span> <span class='ocrx_word' id='word_1_409' title='bbox 1615 2002 1701 2039; x_wconf 90' lang='lat' dir='ltr'>scri-</span> 
     </span>
     <span class='ocr_line' id='line_1_36' title="bbox 377 2054 700 2142; baseline 0.006 -30"><span class='ocrx_word' id='word_1_410' title='bbox 377 2083 410 2135; x_wconf 36' lang='lat' dir='ltr'>fx</span> <span class='ocrx_word' id='word_1_411' title='bbox 566 2054 610 2142; x_wconf 51' lang='lat' dir='ltr'>g</span> <span class='ocrx_word' id='word_1_412' title='bbox 669 2096 700 2126; x_wconf 79' lang='lat' dir='ltr'>D</span> 
     </span>
     <span class='ocr_line' id='line_1_37' title="bbox 380 2147 600 2168; baseline 0 -1"><span class='ocrx_word' id='word_1_413' title='bbox 380 2155 385 2161; x_wconf 42' lang='lat' dir='ltr'>s</span> <span class='ocrx_word' id='word_1_414' title='bbox 489 2147 504 2168; x_wconf 70' lang='lat' dir='ltr'>,s</span> <span class='ocrx_word' id='word_1_415' title='bbox 597 2160 600 2167; x_wconf 52' lang='lat' dir='ltr'>i</span> 
     </span>
    </p>
   </div>
   <div class='ocr_carea' id='block_1_4' title="bbox 128 2056 1701 2260">
    <p class='ocr_par' dir='ltr' id='par_1_7' title="bbox 128 2056 1701 2260">
     <span class='ocr_line' id='line_1_38' title="bbox 756 2056 1701 2101; baseline -0.001 -7"><span class='ocrx_word' id='word_1_416' title='bbox 756 2057 821 2094; x_wconf 86' lang='lat' dir='ltr'>bas</span> <span class='ocrx_word' id='word_1_417' title='bbox 831 2056 1060 2100; x_wconf 87' lang='lat' dir='ltr'>nituli‚litera</span> <span class='ocrx_word' id='word_1_418' title='bbox 1069 2057 1151 2093; x_wconf 88' lang='lat' dir='ltr'>min</span> <span class='ocrx_word' id='word_1_419' title='bbox 1161 2057 1261 2097; x_wconf 83' lang='lat' dir='ltr'>duas,</span> <span class='ocrx_word' id='word_1_420' title='bbox 1275 2059 1338 2094; x_wconf 87' lang='lat' dir='ltr'>i&amp;</span> <span class='ocrx_word' id='word_1_421' title='bbox 1351 2071 1388 2101; x_wconf 84' lang='lat' dir='ltr'>n,</span> <span class='ocrx_word' id='word_1_422' title='bbox 1398 2056 1508 2101; x_wconf 70' lang='lat' dir='ltr'>scissa,</span> <span class='ocrx_word' id='word_1_423' title='bbox 1521 2058 1640 2094; x_wconf 87' lang='lat' dir='ltr'>inituli</span> <span class='ocrx_word' id='word_1_424' title='bbox 1650 2056 1701 2093; x_wconf 84' lang='lat' dir='ltr'>fa-</span> 
     </span>
     <span class='ocr_line' id='line_1_39' title="bbox 128 2216 617 2260; baseline -0.016 -5"><span class='ocrx_word' id='word_1_425' title='bbox 128 2216 527 2254; x_wconf 47' lang='lat' dir='ltr'>&amp;mmmmmnunwmmmffisswmmffwfflmff</span> <span class='ocrx_word' id='word_1_426' title='bbox 560 2235 562 2242; x_wconf 70' lang='lat'><strong>¹</strong></span> <span class='ocrx_word' id='word_1_427' title='bbox 582 2258 585 2260; x_wconf 16' lang='grc' dir='ltr'>μ</span> <span class='ocrx_word' id='word_1_428' title='bbox 614 2243 617 2247; x_wconf 94' lang='grc'>.</span> 
     </span>
    </p>
   </div>
   <div class='ocr_carea' id='block_1_5' title="bbox 117 2026 757 2309">
    <p class='ocr_par' dir='ltr' id='par_1_8' title="bbox 117 2026 757 2309">
     <span class='ocr_line' id='line_1_40' title="bbox 117 2026 757 2309; baseline 0.003 -2"><span class='ocrx_word' id='word_1_429' title='bbox 117 2026 515 2307; x_wconf 95' lang='lat' dir='ltr'>      </span> <span class='ocrx_word' id='word_1_430' title='bbox 703 2026 757 2309; x_wconf 95' lang='lat' dir='ltr'>   </span> 
     </span>
    </p>
   </div>
   <div class='ocr_carea' id='block_1_6' title="bbox 122 2111 1701 3051">
    <p class='ocr_par' dir='ltr' id='par_1_9' title="bbox 122 2111 1701 3051">
     <span class='ocr_line' id='line_1_41' title="bbox 759 2111 1701 2162; baseline -0.001 -13"><span class='ocrx_word' id='word_1_431' title='bbox 759 2124 856 2150; x_wconf 89' lang='lat' dir='ltr'>cere.</span> <span class='ocrx_word' id='word_1_432' title='bbox 886 2112 983 2150; x_wconf 89' lang='lat' dir='ltr'>Puto</span> <span class='ocrx_word' id='word_1_433' title='bbox 994 2124 1086 2162; x_wconf 79' lang='lat' dir='ltr'>ego3</span> <span class='ocrx_word' id='word_1_434' title='bbox 1112 2113 1330 2152; x_wconf 86' lang='lat' dir='ltr'>Vitruvium</span> <span class='ocrx_word' id='word_1_435' title='bbox 1348 2112 1502 2161; x_wconf 84' lang='lat' dir='ltr'>aliquid,</span> <span class='ocrx_word' id='word_1_436' title='bbox 1520 2124 1608 2150; x_wconf 89' lang='lat' dir='ltr'>cum</span> <span class='ocrx_word' id='word_1_437' title='bbox 1621 2111 1701 2148; x_wconf 80' lang='lat' dir='ltr'>haec</span> 
     </span>
     <span class='ocr_line' id='line_1_42' title="bbox 758 2166 1698 2217; baseline 0.001 -14"><span class='ocrx_word' id='word_1_438' title='bbox 758 2167 1063 2210; x_wconf 86' lang='lat' dir='ltr'>scriberet‚simile</span> <span class='ocrx_word' id='word_1_439' title='bbox 1072 2167 1221 2217; x_wconf 70' lang='lat' dir='ltr'>adpicCtae</span> <span class='ocrx_word' id='word_1_440' title='bbox 1232 2169 1388 2216; x_wconf 77' lang='lat' dir='ltr'>imagini</span> <span class='ocrx_word' id='word_1_441' title='bbox 1399 2166 1531 2205; x_wconf 72' lang='lat' dir='ltr'>vidisse.</span> <span class='ocrx_word' id='word_1_442' title='bbox 1543 2166 1592 2203; x_wconf 89' lang='lat' dir='ltr'>A.</span> <span class='ocrx_word' id='word_1_443' title='bbox 1605 2168 1698 2204; x_wconf 87' lang='lat' dir='ltr'>cala-</span> 
     </span>
     <span class='ocr_line' id='line_1_43' title="bbox 738 2221 1700 2273; baseline 0.002 -16"><span class='ocrx_word' id='word_1_444' title='bbox 738 2243 745 2245; x_wconf 77' lang='lat'><strong><em>—</em></strong></span> <span class='ocrx_word' id='word_1_445' title='bbox 760 2222 827 2265; x_wconf 87' lang='lat' dir='ltr'>mi,</span> <span class='ocrx_word' id='word_1_446' title='bbox 839 2221 880 2257; x_wconf 82' lang='lat' dir='ltr'>B.</span> <span class='ocrx_word' id='word_1_447' title='bbox 891 2221 937 2257; x_wconf 90' lang='lat' dir='ltr'>C.</span> <span class='ocrx_word' id='word_1_448' title='bbox 953 2222 1003 2257; x_wconf 95' lang='lat' dir='ltr'>D.</span> <span class='ocrx_word' id='word_1_449' title='bbox 1015 2221 1197 2270; x_wconf 82' lang='lat' dir='ltr'>fastigium</span> <span class='ocrx_word' id='word_1_450' title='bbox 1210 2223 1273 2268; x_wconf 87' lang='lat' dir='ltr'>,B.</span> <span class='ocrx_word' id='word_1_451' title='bbox 1284 2224 1333 2259; x_wconf 94' lang='lat' dir='ltr'>D.</span> <span class='ocrx_word' id='word_1_452' title='bbox 1346 2222 1538 2273; x_wconf 81' lang='lat' dir='ltr'>Harpages</span> <span class='ocrx_word' id='word_1_453' title='bbox 1550 2251 1560 2267; x_wconf 85' lang='grc'>,</span> <span class='ocrx_word' id='word_1_454' title='bbox 1574 2222 1621 2259; x_wconf 90' lang='lat' dir='ltr'>C.</span> <span class='ocrx_word' id='word_1_455' title='bbox 1632 2224 1700 2259; x_wconf 77' lang='lat' dir='ltr'>mi-</span> 
     </span>
     <span class='ocr_line' id='line_1_44' title="bbox 696 2274 1606 2320; baseline 0.004 -10"><span class='ocrx_word' id='word_1_456' title='bbox 696 2278 710 2310; x_wconf 54' lang='lat' dir='ltr'><em>st</em></span> <span class='ocrx_word' id='word_1_457' title='bbox 759 2277 858 2312; x_wconf 89' lang='lat' dir='ltr'>tulus</span> <span class='ocrx_word' id='word_1_458' title='bbox 870 2274 1024 2320; x_wconf 84' lang='lat' dir='ltr'>striatus‚</span> <span class='ocrx_word' id='word_1_459' title='bbox 1034 2276 1072 2312; x_wconf 89' lang='lat' dir='ltr'>B.</span> <span class='ocrx_word' id='word_1_460' title='bbox 1084 2277 1133 2313; x_wconf 95' lang='lat' dir='ltr'>D.</span> <span class='ocrx_word' id='word_1_461' title='bbox 1147 2278 1187 2313; x_wconf 89' lang='lat' dir='ltr'>E.</span> <span class='ocrx_word' id='word_1_462' title='bbox 1202 2278 1240 2313; x_wconf 84' lang='lat' dir='ltr'>F.</span> <span class='ocrx_word' id='word_1_463' title='bbox 1253 2278 1387 2314; x_wconf 83' lang='lat' dir='ltr'>volutae</span> <span class='ocrx_word' id='word_1_464' title='bbox 1399 2289 1485 2314; x_wconf 90' lang='lat' dir='ltr'>curn</span> <span class='ocrx_word' id='word_1_465' title='bbox 1495 2278 1606 2315; x_wconf 87' lang='lat' dir='ltr'>foliis.</span> 
     </span>
     <span class='ocr_line' id='line_1_45' title="bbox 817 2330 1701 2384; baseline 0.007 -18"><span class='ocrx_word' id='word_1_466' title='bbox 817 2330 973 2379; x_wconf 87' lang='lat' dir='ltr'>Hurpex</span> <span class='ocrx_word' id='word_1_467' title='bbox 988 2359 998 2375; x_wconf 93' lang='lat'>‚</span> <span class='ocrx_word' id='word_1_468' title='bbox 1018 2332 1364 2384; x_wconf 83' lang='lat' dir='ltr'>Hyrpex&amp;Hirpex</span> <span class='ocrx_word' id='word_1_469' title='bbox 1387 2334 1526 2382; x_wconf 86' lang='lat' dir='ltr'>(inquit</span> <span class='ocrx_word' id='word_1_470' title='bbox 1546 2334 1607 2371; x_wconf 88' lang='lat' dir='ltr'>Cl.</span> <span class='ocrx_word' id='word_1_471' title='bbox 1627 2334 1701 2372; x_wconf 77' lang='lat' dir='ltr'>Sal-</span> 
     </span>
     <span class='ocr_line' id='line_1_46' title="bbox 703 2384 1699 2442; baseline 0.003 -19"><span class='ocrx_word' id='word_1_472' title='bbox 703 2422 715 2440; x_wconf 25' lang='lat'>⁴1</span> <span class='ocrx_word' id='word_1_473' title='bbox 762 2384 896 2423; x_wconf 85' lang='lat' dir='ltr'>mafius</span> <span class='ocrx_word' id='word_1_474' title='bbox 906 2386 943 2422; x_wconf 91' lang='lat' dir='ltr'>in</span> <span class='ocrx_word' id='word_1_475' title='bbox 954 2386 1072 2423; x_wconf 86' lang='lat' dir='ltr'>Solin.</span> <span class='ocrx_word' id='word_1_476' title='bbox 1084 2399 1164 2438; x_wconf 84' lang='lat' dir='ltr'>pag.</span> <span class='ocrx_word' id='word_1_477' title='bbox 1179 2390 1293 2434; x_wconf 84' lang='lat'>729.)</span> <span class='ocrx_word' id='word_1_478' title='bbox 1313 2400 1358 2425; x_wconf 86' lang='lat' dir='ltr'>ex</span> <span class='ocrx_word' id='word_1_479' title='bbox 1369 2389 1503 2427; x_wconf 82' lang='lat' dir='ltr'>Graeco</span> <span class='ocrx_word' id='word_1_480' title='bbox 1513 2387 1632 2442; x_wconf 63' lang='lat' dir='ltr'>dgna}</span> <span class='ocrx_word' id='word_1_481' title='bbox 1642 2390 1699 2426; x_wconf 82' lang='lat' dir='ltr'>vel</span> 
     </span>
     <span class='ocr_line' id='line_1_47' title="bbox 655 2437 1700 2496; baseline 0.005 -19"><span class='ocrx_word' id='word_1_482' title='bbox 655 2464 671 2496; x_wconf 9' lang='grc' dir='ltr'>,χχ</span> <span class='ocrx_word' id='word_1_483' title='bbox 687 2438 706 2493; x_wconf 93' lang='lat' dir='ltr'>J</span> <span class='ocrx_word' id='word_1_484' title='bbox 764 2437 912 2493; x_wconf 59' lang='lat' dir='ltr'>dp‘ara‘yn</span> <span class='ocrx_word' id='word_1_485' title='bbox 925 2471 936 2486; x_wconf 92' lang='lat'>‚</span> <span class='ocrx_word' id='word_1_486' title='bbox 953 2441 1137 2481; x_wconf 84' lang='lat' dir='ltr'>rastellum</span> <span class='ocrx_word' id='word_1_487' title='bbox 1157 2445 1215 2481; x_wconf 91' lang='lat' dir='ltr'>vel</span> <span class='ocrx_word' id='word_1_488' title='bbox 1227 2455 1341 2483; x_wconf 87' lang='lat' dir='ltr'>crates</span> <span class='ocrx_word' id='word_1_489' title='bbox 1352 2444 1467 2481; x_wconf 87' lang='lat' dir='ltr'>ferrea</span> <span class='ocrx_word' id='word_1_490' title='bbox 1480 2458 1566 2483; x_wconf 89' lang='lat' dir='ltr'>cum</span> <span class='ocrx_word' id='word_1_491' title='bbox 1576 2446 1700 2482; x_wconf 85' lang='lat' dir='ltr'>multis</span> 
     </span>
     <span class='ocr_line' id='line_1_48' title="bbox 688 2493 1700 2553; baseline 0 -18"><span class='ocrx_word' id='word_1_492' title='bbox 688 2493 707 2524; x_wconf 58' lang='lat'>³1*</span> <span class='ocrx_word' id='word_1_493' title='bbox 763 2497 946 2535; x_wconf 88' lang='lat' dir='ltr'>dentibus.</span> <span class='ocrx_word' id='word_1_494' title='bbox 958 2498 1081 2536; x_wconf 83' lang='lat' dir='ltr'>Festus</span> <span class='ocrx_word' id='word_1_495' title='bbox 1093 2512 1100 2535; x_wconf 90' lang='lat'>:</span> <span class='ocrx_word' id='word_1_496' title='bbox 1113 2501 1260 2552; x_wconf 88' lang='lat' dir='ltr'>Irpicem</span> <span class='ocrx_word' id='word_1_497' title='bbox 1269 2501 1359 2538; x_wconf 91' lang='lat' dir='ltr'>dicit</span> <span class='ocrx_word' id='word_1_498' title='bbox 1370 2500 1438 2539; x_wconf 79' lang='lat' dir='ltr'>esse</span> <span class='ocrx_word' id='word_1_499' title='bbox 1451 2514 1561 2553; x_wconf 68' lang='lat' dir='ltr'>genus</span> <span class='ocrx_word' id='word_1_500' title='bbox 1578 2499 1700 2549; x_wconf 83' lang='lat' dir='ltr'>rastro-</span> 
     </span>
     <span class='ocr_line' id='line_1_49' title="bbox 693 2550 1697 2609; baseline 0 -19"><span class='ocrx_word' id='word_1_501' title='bbox 693 2576 711 2581; x_wconf 62' lang='grc'>»-</span> <span class='ocrx_word' id='word_1_502' title='bbox 762 2567 842 2591; x_wconf 80' lang='lat' dir='ltr'>rum</span> <span class='ocrx_word' id='word_1_503' title='bbox 848 2550 1073 2606; x_wconf 74' lang='lat' dir='ltr'>firreorum,</span> <span class='ocrx_word' id='word_1_504' title='bbox 1094 2554 1186 2607; x_wconf 80' lang='lat' dir='ltr'>quod</span> <span class='ocrx_word' id='word_1_505' title='bbox 1198 2555 1318 2609; x_wconf 75' lang='lat' dir='ltr'>plures</span> <span class='ocrx_word' id='word_1_506' title='bbox 1336 2553 1436 2592; x_wconf 80' lang='lat' dir='ltr'>habet</span> <span class='ocrx_word' id='word_1_507' title='bbox 1447 2556 1564 2592; x_wconf 79' lang='lat' dir='ltr'>dentes</span> <span class='ocrx_word' id='word_1_508' title='bbox 1575 2553 1622 2590; x_wconf 83' lang='lat' dir='ltr'>ad</span> <span class='ocrx_word' id='word_1_509' title='bbox 1636 2568 1697 2591; x_wconf 78' lang='lat' dir='ltr'>ex-</span> 
     </span>
     <span class='ocr_line' id='line_1_50' title="bbox 662 2599 1699 2665; baseline 0.004 -20"><span class='ocrx_word' id='word_1_510' title='bbox 662 2607 665 2616; x_wconf 85' lang='grc'><em>“</em></span> <span class='ocrx_word' id='word_1_511' title='bbox 688 2599 701 2629; x_wconf 47' lang='lat'>⁹*</span> <span class='ocrx_word' id='word_1_512' title='bbox 761 2607 938 2662; x_wconf 74' lang='lat' dir='ltr'>tirpandas</span> <span class='ocrx_word' id='word_1_513' title='bbox 956 2605 1077 2647; x_wconf 75' lang='lat' dir='ltr'>herbas</span> <span class='ocrx_word' id='word_1_514' title='bbox 1095 2612 1134 2648; x_wconf 79' lang='lat' dir='ltr'>in</span> <span class='ocrx_word' id='word_1_515' title='bbox 1152 2612 1258 2664; x_wconf 77' lang='lat' dir='ltr'>agris.</span> <span class='ocrx_word' id='word_1_516' title='bbox 1290 2612 1457 2665; x_wconf 85' lang='lat' dir='ltr'>Qidam</span> <span class='ocrx_word' id='word_1_517' title='bbox 1469 2611 1635 2649; x_wconf 86' lang='lat' dir='ltr'>Codices</span> <span class='ocrx_word' id='word_1_518' title='bbox 1645 2612 1699 2649; x_wconf 84' lang='lat' dir='ltr'>le-</span> 
     </span>
     <span class='ocr_line' id='line_1_51' title="bbox 664 2665 1094 2718; baseline 0 -15"><span class='ocrx_word' id='word_1_519' title='bbox 664 2674 680 2711; x_wconf 52' lang='lat' dir='ltr'>,w</span> <span class='ocrx_word' id='word_1_520' title='bbox 690 2676 704 2703; x_wconf 54' lang='grc' dir='ltr'>ὲκ</span> <span class='ocrx_word' id='word_1_521' title='bbox 762 2675 853 2715; x_wconf 82' lang='lat' dir='ltr'>gunt</span> <span class='ocrx_word' id='word_1_522' title='bbox 862 2665 1094 2718; x_wconf 78' lang='lat' dir='ltr'>arpagunculi.</span> 
     </span>
     <span class='ocr_line' id='line_1_52' title="bbox 660 2716 1700 2775; baseline 0 -17"><span class='ocrx_word' id='word_1_523' title='bbox 660 2716 687 2772; x_wconf 55' lang='lat' dir='ltr'>s&#39;]</span> <span class='ocrx_word' id='word_1_524' title='bbox 704 2728 717 2773; x_wconf 44' lang='grc' dir='ltr'><strong>χ</strong></span> <span class='ocrx_word' id='word_1_525' title='bbox 819 2722 856 2758; x_wconf 93' lang='lat' dir='ltr'><strong>H</strong></span> <span class='ocrx_word' id='word_1_526' title='bbox 871 2733 925 2759; x_wconf 81' lang='lat' dir='ltr'>EL</span> <span class='ocrx_word' id='word_1_527' title='bbox 937 2735 956 2757; x_wconf 75' lang='grc' dir='ltr'>ε</span> <span class='ocrx_word' id='word_1_528' title='bbox 971 2735 990 2759; x_wconf 80' lang='lat' dir='ltr'>r&gt;</span> <span class='ocrx_word' id='word_1_529' title='bbox 1002 2735 1028 2760; x_wconf 93' lang='lat'><em>0</em></span> <span class='ocrx_word' id='word_1_530' title='bbox 1043 2734 1085 2760; x_wconf 81' lang='lat' dir='ltr'>LI</span> <span class='ocrx_word' id='word_1_531' title='bbox 1096 2734 1123 2759; x_wconf 91' lang='lat' dir='ltr'>s.</span> <span class='ocrx_word' id='word_1_532' title='bbox 1146 2722 1230 2760; x_wconf 90' lang='lat' dir='ltr'>Lib.</span> <span class='ocrx_word' id='word_1_533' title='bbox 1243 2734 1275 2759; x_wconf 84' lang='lat' dir='ltr'>x.</span> <span class='ocrx_word' id='word_1_534' title='bbox 1291 2734 1368 2773; x_wconf 85' lang='lat' dir='ltr'>cap.</span> <span class='ocrx_word' id='word_1_535' title='bbox 1381 2723 1447 2759; x_wconf 87' lang='lat' dir='ltr'>ult.</span> <span class='ocrx_word' id='word_1_536' title='bbox 1458 2719 1700 2775; x_wconf 82' lang='lat' dir='ltr'>Supraidma-</span> 
     </span>
     <span class='ocr_line' id='line_1_53' title="bbox 651 2773 1701 2831; baseline 0 -19"><span class='ocrx_word' id='word_1_537' title='bbox 651 2778 664 2831; x_wconf 40' lang='grc' dir='ltr'>Ι]</span> <span class='ocrx_word' id='word_1_538' title='bbox 763 2773 901 2814; x_wconf 69' lang='lat' dir='ltr'>chinum</span> <span class='ocrx_word' id='word_1_539' title='bbox 910 2778 948 2813; x_wconf 77' lang='lat' dir='ltr'>in</span> <span class='ocrx_word' id='word_1_540' title='bbox 956 2774 1119 2829; x_wconf 76' lang='lat' dir='ltr'>carchesio</span> <span class='ocrx_word' id='word_1_541' title='bbox 1129 2775 1291 2828; x_wconf 74' lang='lat' dir='ltr'>versatili</span> <span class='ocrx_word' id='word_1_542' title='bbox 1306 2777 1480 2828; x_wconf 76' lang='lat' dir='ltr'>constituit</span> <span class='ocrx_word' id='word_1_543' title='bbox 1490 2807 1500 2822; x_wconf 92' lang='lat'>‚</span> <span class='ocrx_word' id='word_1_544' title='bbox 1520 2791 1589 2830; x_wconf 81' lang='lat' dir='ltr'>qua</span> <span class='ocrx_word' id='word_1_545' title='bbox 1599 2777 1701 2815; x_wconf 85' lang='lat' dir='ltr'>Hele-</span> 
     </span>
     <span class='ocr_line' id='line_1_54' title="bbox 577 2829 1699 2886; baseline 0.004 -19"><span class='ocrx_word' id='word_1_546' title='bbox 577 2863 580 2876; x_wconf 72' lang='lat'><em>,</em></span> <span class='ocrx_word' id='word_1_547' title='bbox 671 2839 684 2857; x_wconf 43' lang='grc' dir='ltr'><strong>Ἀ</strong></span> <span class='ocrx_word' id='word_1_548' title='bbox 704 2852 705 2855; x_wconf 38' lang='lat'>¹</span> <span class='ocrx_word' id='word_1_549' title='bbox 722 2829 724 2838; x_wconf 65' lang='lat'><strong>⁴</strong></span> <span class='ocrx_word' id='word_1_550' title='bbox 744 2871 747 2877; x_wconf 50' lang='grc'>,</span> <span class='ocrx_word' id='word_1_551' title='bbox 758 2830 864 2884; x_wconf 77' lang='lat' dir='ltr'>polim</span> <span class='ocrx_word' id='word_1_552' title='bbox 891 2829 935 2867; x_wconf 86' lang='lat' dir='ltr'>ad</span> <span class='ocrx_word' id='word_1_553' title='bbox 956 2834 1081 2869; x_wconf 73' lang='lat' dir='ltr'>incenia</span> <span class='ocrx_word' id='word_1_554' title='bbox 1098 2832 1311 2870; x_wconf 70' lang='lat' dir='ltr'>accedentem</span> <span class='ocrx_word' id='word_1_555' title='bbox 1327 2834 1509 2886; x_wconf 71' lang='lat' dir='ltr'>corripuit,</span> <span class='ocrx_word' id='word_1_556' title='bbox 1533 2831 1605 2878; x_wconf 51' lang='lat' dir='ltr'>dvc.</span> <span class='ocrx_word' id='word_1_557' title='bbox 1636 2834 1699 2871; x_wconf 85' lang='lat' dir='ltr'>De</span> 
     </span>
     <span class='ocr_line' id='line_1_55' title="bbox 766 2887 1699 2939; baseline -0.001 -14"><span class='ocrx_word' id='word_1_558' title='bbox 766 2888 940 2939; x_wconf 86' lang='lat' dir='ltr'>Helepoli</span> <span class='ocrx_word' id='word_1_559' title='bbox 950 2889 999 2925; x_wconf 83' lang='lat' dir='ltr'>ita</span> <span class='ocrx_word' id='word_1_560' title='bbox 1008 2887 1219 2939; x_wconf 86' lang='lat' dir='ltr'>Lipfiuslib.</span> <span class='ocrx_word' id='word_1_561' title='bbox 1236 2901 1250 2924; x_wconf 91' lang='lat'>1</span> <span class='ocrx_word' id='word_1_562' title='bbox 1265 2902 1277 2926; x_wconf 92' lang='lat'>1</span> <span class='ocrx_word' id='word_1_563' title='bbox 1292 2902 1321 2926; x_wconf 94' lang='lat'>1.</span> <span class='ocrx_word' id='word_1_564' title='bbox 1341 2889 1386 2926; x_wconf 90' lang='lat' dir='ltr'>de</span> <span class='ocrx_word' id='word_1_565' title='bbox 1396 2888 1559 2927; x_wconf 90' lang='lat' dir='ltr'>machin.</span> <span class='ocrx_word' id='word_1_566' title='bbox 1571 2890 1699 2927; x_wconf 68' lang='lat' dir='ltr'>Diali.</span> 
     </span>
     <span class='ocr_line' id='line_1_56' title="bbox 122 2943 1700 2999; baseline -0.003 -14"><span class='ocrx_word' id='word_1_567' title='bbox 122 2946 321 2999; x_wconf 86' lang='lat' dir='ltr'>postquam</span> <span class='ocrx_word' id='word_1_568' title='bbox 337 2950 467 2988; x_wconf 86' lang='lat' dir='ltr'>locum</span> <span class='ocrx_word' id='word_1_569' title='bbox 477 2946 670 2987; x_wconf 83' lang='lat' dir='ltr'>Ammiani</span> <span class='ocrx_word' id='word_1_570' title='bbox 681 2946 742 2985; x_wconf 90' lang='lat' dir='ltr'>lib.</span> <span class='ocrx_word' id='word_1_571' title='bbox 754 2958 822 2984; x_wconf 68' lang='lat' dir='ltr'>xm</span> <span class='ocrx_word' id='word_1_572' title='bbox 835 2958 848 2983; x_wconf 90' lang='lat'>1</span> <span class='ocrx_word' id='word_1_573' title='bbox 862 2956 893 2984; x_wconf 90' lang='lat'>1.</span> <span class='ocrx_word' id='word_1_574' title='bbox 906 2943 1061 2989; x_wconf 79' lang='lat' dir='ltr'>citaffet,</span> <span class='ocrx_word' id='word_1_575' title='bbox 1082 2947 1146 2996; x_wconf 90' lang='lat' dir='ltr'>qui</span> <span class='ocrx_word' id='word_1_576' title='bbox 1157 2944 1400 2985; x_wconf 86' lang='lat' dir='ltr'>Testudinem</span> <span class='ocrx_word' id='word_1_577' title='bbox 1409 2945 1634 2985; x_wconf 85' lang='lat' dir='ltr'>Arietariam</span> <span class='ocrx_word' id='word_1_578' title='bbox 1646 2946 1700 2980; x_wconf 86' lang='lat' dir='ltr'>in-</span> 
     </span>
     <span class='ocr_line' id='line_1_57' title="bbox 1561 3010 1696 3051; baseline -0.015 -14"><span class='ocrx_word' id='word_1_579' title='bbox 1561 3010 1696 3051; x_wconf 81' lang='lat' dir='ltr'>terpre-</span> 
     </span>
    </p>
   </div>
   <div class='ocr_carea' id='block_1_7' title="bbox 528 2227 747 2248">
    <p class='ocr_par' dir='ltr' id='par_1_10' title="bbox 528 2227 747 2248">
     <span class='ocr_line' id='line_1_58' title="bbox 528 2227 747 2248; baseline 0 914"><span class='ocrx_word' id='word_1_580' title='bbox 528 2227 747 2248; x_wconf 95' lang='lat' dir='ltr'> </span> 
     </span>
    </p>
   </div>
  </div>
 </body>
</html>
