2023 3162
236 29 284 60 62
624 18 1437 59 LunovtciDrMoNT1os11

234 89 274 127 sil
293 92 403 128 limus
415 88 463 127 est
476 119 485 135 ‚
499 91 696 129 caetuleum
710 100 838 136 arem3
860 87 1046 137 utriusque
1069 89 1179 125 color
1191 88 1238 125 est
1250 87 1363 126 idem.
1394 88 1515 125 Porro
1537 99 1623 125 cum
1637 87 1672 126 hi
1684 87 1760 126 duo
1772 101 1834 128 aua

235 155 338 183 tores
350 146 478 183 dicant
489 147 589 183 idem
600 175 610 190 ,
631 148 668 183 δε
679 146 770 182 alter
781 145 939 181 alterum
950 145 1111 193 explicet
1125 174 1135 189 ‚
1154 143 1347 181 Philandcr
1359 155 1425 180 eos
1436 155 1614 192 tanquam
1627 156 1690 194 par
1699 147 1835 194 gladia-

234 212 361 238 torum
372 203 531 239 invicem
542 201 762 238 committit.
796 199 881 236 Nec
894 201 1044 236 interim
1063 200 1324 237 animadvertit
1342 198 1411 236 hac
1423 200 1728 249 interpretatione
1742 230 1752 245 ‚
1765 213 1833 239 cae»

238 258 385 294 ruleum
400 257 468 294 effe
490 270 533 295 cx
546 257 691 307 picium·
705 256 912 293 elementis.
928 255 1000 292 Sed
1011 255 1158 293 homini
1169 267 1302 305 parum
1320 256 1357 291 in
1370 255 1510 304 piCtura
1521 254 1677 298 versato,
1687 256 1834 294 tametsi

236 313 321 350 alias
332 313 498 352 erudito,
519 312 572 349 fas
584 312 652 348 fuit
664 311 742 349 haec
753 314 923 360 ignorare
936 339 945 355 ‚
968 310 1031 347 nili
1041 311 1230 360 pollicitus
1252 309 1336 348 ess‘et
1348 322 1392 350 ex
1403 308 1566 360 profesio
1588 310 1622 346 se
1636 310 1680 346 de
1691 312 1833 350 colori-

237 368 307 405 bus
317 369 547 418 scripturum.
579 368 769 405 Caeterum
782 367 940 406 Plinius,
963 378 1036 416 qua
1047 366 1096 403 cst
1107 367 1295 415 diligentia
1306 395 1315 410 ‚
1332 378 1418 403 cum
1432 366 1476 403 de
1491 365 1686 403 coloribus
1697 365 1833 404 sermo-

235 435 323 461 nem
335 425 485 461 instituit
497 453 506 467 ‚
527 426 642 474 pretia
652 435 787 460 eorum
800 447 808 460 ‚
832 432 872 461 ut
883 432 975 459 tunc
985 433 1087 460 erant
1098 451 1108 467 ‚
1127 422 1279 474 posteris
1291 422 1429 459 tradere
1440 422 1571 459 voluit.
1603 421 1674 458 Sed
1685 425 1833 461 numeri

235 481 399 529 corrupti
418 479 498 516 sunt
515 489 694 517 notarum
715 478 972 516 similitudine.
1005 478 1174 515 Primum
1198 478 1262 516 ubi
1282 478 1326 514 de
1348 477 1409 515 sile
1429 477 1478 515 fic
1498 476 1619 514 scribit
1643 489 1721 528 cap.
1740 491 1784 515 Χ]
1798 490 1831 515 1.

231 535 294 573 lib.
306 547 395 573 xxxi
411 547 424 571 1
438 548 468 573 1.
492 535 555 578 Sil,
566 536 700 584 inquit,
717 536 867 587 proprie
878 535 990 572 limus
1002 534 1062 572 est.
1077 534 1278 586 Optimum
1291 533 1336 569 ab
1347 545 1394 570 eo
1407 533 1514 582 quod
1530 533 1704 581 Atticum
1716 546 1832 573 voca-

232 601 302 628 tur.
324 591 487 628 Pretium
501 593 537 627 in
549 590 659 627 libras
677 603 768 627 xxxi
783 602 812 626 1.
836 591 1034 640 legendum
1046 600 1160 640 putat.
1192 589 1346 626 Budaeus
1357 589 1534 626 existimat
1547 618 1558 633 ‚
1580 589 1641 627 ubi
1652 592 1759 627 numi
1771 603 1833 639 ge-

229 658 298 683 nus
311 658 389 683 non
401 648 620 697 exprimitur
636 646 838 684 sestertium
851 658 1012 684 numum
1030 646 1317 696 intelligendum
1328 644 1407 682 efl'e.
1440 647 1568 693 Itaque
1579 644 1638 682 liic
1650 643 1829 683 sestertios

230 713 323 739 xxxi
337 714 367 739 1.
388 703 587 752 legendum
600 713 717 753 putat.
739 703 821 752 Ego
832 714 923 741 vero
935 702 1115 742 existimo,
1130 714 1172 739 ex
1185 701 1301 739 tribus
1313 703 1413 739 notis
1424 701 1581 745 denarii,
1597 702 1756 751 primam
1768 702 1828 739 de-

230 760 377 795 narium
397 770 561 796 numum
574 758 787 808 significare,
804 768 845 795 ut
864 761 901 796 &
915 759 1000 796 alias
1013 757 1104 810 saepe
1117 787 1125 795 .
1154 768 1384 807 quamquam
1402 757 1587 795 interdum
1605 757 1701 794 linea
1721 758 1830 794 trans-

229 814 332 851 versa
348 813 525 852 decuffim
537 813 728 852 scinderet.
763 814 836 852 Sed
853 814 898 850 de
910 813 965 851 his
987 814 1101 851 fufius
1121 815 1267 851 cumde
1279 815 1379 851 notis
1391 825 1639 851 numerorum
1652 813 1827 851 scribere-

228 881 314 908 mus
327 895 336 908 ,
357 882 438 919 quae
451 871 653 919 aliquando
673 870 802 908 lectori
814 870 1082 919 impertiemus,
1102 872 1246 906 cumin
1259 881 1345 906 eum
1364 869 1468 907 usum
1487 869 1640 906 condita
1650 868 1719 906 fint
1732 869 1750 905 zi
1761 882 1829 907 no-

228 924 296 962 bis.
327 926 363 962 H
369 938 441 963 unc
452 926 704 975 igiturlocum
718 925 826 962 Plinii
844 926 893 962 ita
913 926 1079 975 legemus
1100 936 1190 961 cum
1203 924 1436 962 distinetione
1456 927 1584 963 numi,
1607 927 1769 974 pretium
1787 927 1824 962 in

221 980 291 1019 lib.
304 993 336 1018 Χ.
359 995 380 1018 Χ
393 994 433 1018 Χ]
450 994 478 1018 1.
499 982 575 1019 hoc
589 980 638 1018 est
658 980 731 1018 fine
743 981 1020 1019 contractione,
1043 982 1202 1032 pretium
1213 982 1250 1017 in
1267 980 1376 1017 libras
1386 980 1524 1018 denarii
1537 980 1616 1017 duo
1629 983 1666 1018 &
1678 982 1824 1030 viginti.

228 1037 377 1074 Eodem
392 1039 529 1087 capite:
545 1037 598 1073 Ex
621 1039 777 1074 caerulco
798 1035 838 1073 fit
860 1036 964 1086 quod
984 1037 1198 1074 lomentum
1217 1046 1397 1074 vocatur:
1429 1034 1618 1073 Perficitur
1637 1038 1798 1074 lavando
1811 1062 1820 1077 ‚

226 1093 443 1137 terendove‚
464 1094 500 1130 δε
513 1091 588 1129 hoc
608 1092 657 1130 est
675 1094 832 1130 caetuleo
844 1092 1047 1129 candidius.
1077 1092 1239 1129 Pretium
1251 1094 1325 1140 ejus
1345 1104 1367 1128 Χ
1378 1104 1400 1129 Χ
1410 1104 1424 1128 1
1437 1103 1451 1127 1
1468 1092 1652 1129 1.caerulei
1671 1106 1692 1129 Χ
1703 1105 1724 1130 v
1734 1106 1746 1130 1
1762 1106 1772 1128 1
1789 1105 1801 1129 1
1811 1122 1820 1130 .

226 1148 377 1185 Notarii
395 1149 510 1198 lapsus
522 1149 634 1186 etiam
646 1148 706 1186 hic
723 1150 773 1185 ita
789 1148 1028 1186 restituendus
1041 1147 1108 1185 est:
1121 1147 1261 1185 denarii
1280 1160 1323 1185 xl
1338 1160 1350 1184 1
1363 1159 1396 1190 13
1411 1147 1556 1185 caerulei
1566 1147 1703 1185 denarii
1715 1149 1820 1187 οξῒο.

225 1203 343 1256 Qiod
363 1206 454 1241 item
466 1203 641 1254 sequitur,
672 1205 805 1256 Nuper
824 1202 975 1241 accessit
997 1206 1035 1241 &
1050 1203 1314 1243 Nestorianum
1327 1233 1336 1249 ‚
1358 1203 1403 1240 ab
1423 1213 1558 1241 autore
1578 1204 1819 1255 apptllatum.

223 1259 281 1296 Fit
293 1261 329 1296 δε
342 1257 565 1311 AEgyptium
584 1259 763 1299 levissima
773 1271 887 1311 parte,
897 1261 1059 1311 pretium
1071 1262 1148 1307 ejus
1167 1274 1189 1297 x
1199 1272 1232 1298 L.
1244 1261 1282 1297 in
1299 1260 1361 1297 lib.
1375 1260 1478 1309 lego,
1492 1259 1631 1296 denarii
1648 1271 1681 1297 L.
1698 1261 1738 1297 In
1755 1259 1820 1297 lib.

223 1316 337 1364 paulo
349 1315 453 1365 post:
479 1317 570 1353 Non
582 1317 725 1366 pridem
738 1318 923 1367 apportari
935 1316 1151 1353 &Indicum
1163 1315 1211 1353 est
1226 1328 1410 1367 coeptum,
1422 1317 1526 1361 cujus
1547 1316 1706 1366 pretium
1719 1327 1785 1352 xvi
1799 1328 1814 1352 1

220 1371 257 1406 in
275 1371 394 1409 libras.
415 1372 538 1422 Lego,
553 1372 692 1411 denarii
710 1371 851 1423 septem
873 1374 911 1409 in
928 1373 1048 1410 libras.
1079 1374 1131 1410 Ita
1145 1372 1342 1422 legendum
1355 1371 1423 1409 effe
1443 1383 1488 1409 ex
1500 1372 1619 1408 Plinio
1637 1370 1818 1410 ostendo:

220 1437 309 1464 cum
323 1426 482 1479 sinopidi
497 1430 658 1479 pretium
670 1427 798 1466 statuat
810 1430 848 1466 in
860 1428 969 1465 libras
986 1428 1161 1466 denarios
1173 1428 1353 1465 tredecim
1369 1427 1534 1478 expresso
1545 1439 1682 1477 genere
1692 1429 1814 1473 numi,

221 1493 302 1533 cap.
315 1490 350 1521 6.
370 1485 434 1521 lib.
448 1497 471 1521 x
485 1496 505 1521 x
516 1497 537 1521 Χ
548 1496 582 1522 v.
619 1485 657 1521 Si
679 1485 781 1522 enim
796 1484 937 1535 [inopis
956 1483 1110 1522 rubricae
1121 1497 1238 1534 genus
1251 1484 1431 1521 tredecim
1445 1483 1599 1521 denariis
1619 1482 1819 1521 aestimaba-

220 1548 278 1575 tur
290 1565 299 1580 ,
313 1540 518 1588 quomodo
530 1538 616 1577 fil&
629 1540 830 1578 caeruleum
842 1552 920 1577 non
931 1541 1098 1591 pluribus
1110 1541 1184 1578 fere
1194 1540 1356 1578 sestertiis
1367 1539 1613 1578 venderetur?
1635 1539 1816 1577 Praeterea

219 1593 313 1632 solet
330 1596 464 1632 Plinius
480 1595 757 1633 fidenariorurn
770 1608 947 1634 numerus
966 1596 1208 1648 rotundetur,
1233 1609 1297 1648 per
1317 1597 1490 1634 denarios
1513 1597 1672 1646 pretium
1694 1596 1813 1646 expri-

218 1662 338 1689 mere,
362 1653 491 1701 potius
510 1664 623 1702 quam
643 1663 708 1702 per
726 1650 915 1690 sestertios.
947 1663 988 1690 ut
1009 1654 1047 1689 in
1059 1664 1106 1690 eo
1128 1654 1241 1693 loco,
1268 1665 1385 1702 quem
1396 1653 1567 1702 proxime
1581 1650 1750 1702 adscripsi
1769 1651 1815 1688 de

215 1704 392 1756 sinopide.
406 1709 526 1757 Igitur
537 1710 574 1746 in
583 1709 764 1758 ‘proximo
775 1710 949 1760 exemplo
961 1709 1132 1746 denarios
1142 1710 1234 1747 oCto
1245 1711 1370 1758 potius
1383 1707 1534 1751 dixiss'en
1546 1718 1658 1756 quam
1671 1720 1692 1744 x
1704 1720 1724 1744 x
1736 1719 1758 1744 Χ
1767 1720 1779 1744 1
1793 1719 1808 1744 1

217 1760 407 1800 sestertios.
439 1763 552 1801 Adde
567 1793 577 1808 ‚
598 1777 686 1801 cum
699 1766 841 1802 caerulei
861 1765 1021 1815 pretium
1043 1778 1064 1801 x
1077 1778 1098 1802 Χ
1115 1777 1129 1801 1
1143 1777 1155 1800 1
1171 1778 1184 1801 1
1201 1766 1238 1801 in
1257 1764 1366 1801 libras
1383 1764 1563 1801 aestimarit
1577 1792 1587 1807 ‚
1607 1763 1811 1811 quomodo

214 1828 293 1854 uno
313 1828 459 1857 tantum
478 1819 639 1857 sestertio
664 1822 824 1870 pretium
845 1820 1000 1858 abfuerit
1020 1820 1039 1857 ἐι
1059 1818 1116 1857 sex
1136 1820 1294 1857 denariis
1314 1850 1322 1863 ,
1341 1831 1429 1857 cum
1447 1819 1592 1856 summa
1611 1818 1810 1855 rotundata

216 1883 298 1908 non
321 1873 394 1910 est?
417 1887 496 1911 non
509 1878 610 1912 enim
629 1875 749 1913 solent
770 1879 884 1928 pretia
901 1888 1024 1913 terum
1045 1876 1220 1914 constitui
1239 1877 1290 1914 ita
1301 1874 1437 1926 precise
1451 1904 1461 1919 ‚
1480 1884 1520 1911 ut
1540 1875 1642 1910 numi
1663 1872 1811 1911 sestertii

212 1930 310 1965 ratio
327 1928 501 1966 habeatur
518 1932 557 1966 in
568 1930 764 1974 majuscula
774 1931 926 1969 summa.
940 1932 999 1969 Est
1011 1934 1048 1970 ὅ(
1060 1932 1174 1976 aliud,
1186 1933 1321 1981 inquit,
1333 1942 1447 1980 genus
1462 1930 1632 1967 lomenti,
1653 1928 1808 1977 quidam

213 1984 341 2020 tritum
360 1995 501 2022 vocant
514 2013 522 2027 ,
545 1986 665 2034 quinis
685 1985 817 2022 assibus
829 1987 1061 2023 aestimatum.
1093 1987 1169 2023 Hic
1186 1994 1340 2034 quoque
1353 1998 1431 2022 non
1442 1984 1522 2021 satis
1542 1985 1740 2021 emendate
1758 1984 1809 2021 le-

214 2039 310 2086 gitur
327 2041 446 2088 quinis
457 2038 594 2076 assibus
606 2065 614 2078 ‚
636 2040 706 2089 pto
719 2043 883 2089 quinque
893 2041 1060 2077 denariis.
1090 2040 1162 2077 Sed
1173 2040 1249 2078 haec
1263 2070 1273 2085 ,
1294 2051 1332 2076 ut
1347 2043 1418 2087 jani
1430 2040 1622 2091 pollicitus
1634 2039 1711 2076 sum
1723 2068 1732 2084 ,
1753 2040 1808 2077 la-

212 2095 283 2131 tius
295 2096 378 2132 alias
391 2095 686 2146 explicabuntur.
702 2096 821 2146 Qod
831 2108 922 2133 vero
941 2095 1102 2144 sequitur
1114 2096 1254 2133 eodem
1265 2097 1354 2132 loco
1368 2122 1374 2136 ,
1389 2095 1588 2145 postquam
1601 2094 1808 2144 indicipre-

211 2151 309 2187 tium
332 2150 510 2188 ostendit:
541 2152 660 2188 Ratio
678 2153 715 2188 in
736 2151 875 2201 pistura
892 2151 936 2189 ad
958 2151 1148 2196 incisuras,
1168 2151 1244 2188 hoc
1263 2151 1314 2189 est
1334 2151 1480 2189 umbras
1491 2150 1537 2187 ab
1556 2151 1698 2187 lumine
1718 2150 1808 2188 divi-

213 2206 364 2243 dendas.
396 2207 488 2243 Haec
508 2207 620 2244 etiam
632 2207 744 2245 leciio
763 2218 875 2257 parva
893 2207 1101 2253 adjeffione
1119 2217 1302 2256 quantum
1314 2216 1454 2244 mutata
1465 2206 1545 2244 est&
1557 2206 1698 2256 prima?
1714 2206 1806 2244 Haee

211 2263 334 2300 enim,
355 2262 399 2298 ab
421 2263 580 2302 lumine,
604 2275 685 2301 non
696 2263 942 2303 tumamoris,
964 2261 1022 2300 scd
1035 2262 1222 2310 cuiusdam
1233 2265 1296 2312 qui
1307 2263 1491 2301 nesciebat
1510 2262 1598 2311 quid
1618 2261 1703 2298 effer
1724 2274 1805 2299 uni-

207 2316 312 2353 bram
332 2318 378 2354 ab
398 2318 538 2354 lumine
560 2318 729 2356 dividere.
762 2320 890 2368 Itaque
911 2320 1054 2370 putavit
1073 2329 1248 2356 autorem
1269 2319 1459 2357 incisuram
1479 2318 1539 2355 hic
1560 2316 1713 2368 posuisse
1731 2329 1802 2367 pro

206 2383 316 2410 tono.
346 2373 502 2422 proinde
513 2373 651 2411 addidit
662 2373 706 2411 de
725 2375 801 2413 suo,
816 2375 862 2411 ab
874 2376 1030 2411 lumine:
1054 2374 1191 2413 infelici
1208 2384 1336 2413 tamen
1355 2374 1527 2419 successu.
1557 2385 1643 2411 nam
1657 2373 1725 2411 hac
1737 2372 1802 2410 ad-

206 2429 350 2465 ditione
362 2429 524 2473 luminis,
540 2430 627 2466 huic
638 2430 728 2467 loco
741 2431 912 2468 tenebras
926 2429 1072 2468 offudit.
1097 2431 1249 2473 Tonus,
1268 2441 1309 2467 ut
1319 2430 1410 2470 dixi,
1427 2431 1599 2467 umbram
1612 2429 1741 2466 dividit
1753 2429 1800 2466 ab

205 2485 366 2521 lumine:
388 2484 528 2521 scissura
540 2485 641 2522 aliud
654 2486 703 2522 cst
714 2497 827 2535 quam
840 2497 964 2524 tonus.
1004 2488 1095 2523 Non
1108 2488 1210 2524 enim
1223 2486 1352 2523 dividit
1374 2485 1547 2523 umbram
1568 2486 1613 2522 ab
1634 2486 1775 2522 lumine
1787 2509 1796 2523 ‚

203 2538 263 2576 scd
283 2540 455 2577 umbram
466 2539 591 2592 ipsam,
616 2543 652 2578 ὃς
665 2541 739 2578 hoc
752 2541 803 2578 est
813 2543 961 2591 proprie
973 2541 1148 2586 scindere,
1161 2541 1250 2579 illud
1261 2542 1431 2579 dividere.
1443 2542 1496 2578 Sit
1508 2542 1670 2592 exempli
1682 2541 1798 2590 gratia

204 2594 319 2643 figura
337 2598 411 2632 oris
430 2596 678 2647 exprimenda.
712 2596 865 2633 ducetur
876 2599 1035 2646 primum
1056 2598 1171 2636 linea,
1195 2610 1275 2647 quae
1296 2598 1435 2635 labium
1456 2595 1620 2648 superius
1640 2598 1685 2634 ab
1706 2595 1797 2632 infe-

202 2651 300 2688 riore
317 2651 463 2688 dividat.
496 2651 628 2689 deinde
639 2652 685 2689 ab
696 2654 947 2690 eminentiore
958 2663 1061 2702 parte
1074 2653 1258 2690 labiorum
1271 2652 1486 2704 incipiendo
1501 2681 1509 2694 ‚
1523 2653 1566 2688 ad
1578 2653 1794 2688 interiorem

199 2716 342 2754 partem
364 2707 737 2746 umbraintendetur‚
760 2719 800 2744 ut
822 2707 1006 2756 utriusque
1019 2709 1105 2745 labii
1121 2708 1298 2747 intensior
1311 2708 1441 2745 umbra
1453 2707 1637 2744 desinatin
1655 2709 1793 2743 lineam

199 2761 315 2804 illam,
327 2774 410 2809 quae
426 2763 552 2800 dividit
564 2763 703 2801 labium
716 2762 875 2813 superius
886 2764 931 2800 ab
943 2763 1136 2808 inferiore,
1148 2764 1184 2801 &
1197 2764 1370 2801 umbram
1384 2765 1430 2802 ab
1445 2763 1591 2801 umbra,
1612 2773 1689 2798 non
1710 2771 1792 2796 um-

200 2815 304 2853 bram
324 2816 492 2854 &lumine
505 2847 514 2861 ,
538 2829 578 2856 ut
598 2818 686 2856 falso
699 2820 915 2857 existimavit
928 2819 1007 2858 ille,
1034 2819 1059 2856 si
1073 2821 1153 2857 Diis
1168 2821 1299 2870 placet,
1315 2819 1559 2870 paraphrastes
1570 2817 1684 2854 Plinii.
1716 2816 1790 2852 Pro

200 2871 391 2910 coloribus
410 2874 522 2910 ctiam
542 2884 684 2913 veteres
695 2875 882 2913 interdum
902 2886 958 2912 res
972 2875 1157 2914 coloratas
1169 2875 1402 2927 usurparunt:
1421 2884 1460 2912 ut
1475 2875 1514 2911 in
1531 2883 1643 2923 opere
1656 2872 1790 2963 veIrmi-

1646 2937 1692 2964 cu
1709 2935 1788 2986 ato,
