<?xml version="1.0" encoding="UTF-8"?>
<!DOCTYPE html PUBLIC "-//W3C//DTD XHTML 1.0 Transitional//EN"
    "http://www.w3.org/TR/xhtml1/DTD/xhtml1-transitional.dtd">
<html xmlns="http://www.w3.org/1999/xhtml" xml:lang="en" lang="en">
 <head>
  <title>
</title>
<meta http-equiv="Content-Type" content="text/html;charset=utf-8" />
  <meta name='ocr-system' content='tesseract 3.04.00' />
  <meta name='ocr-capabilities' content='ocr_page ocr_carea ocr_par ocr_line ocrx_word'/>
</head>
<body>
  <div class='ocr_page' id='page_1' title='image "./vitruviipollioni00vitr_0108.png"; bbox 0 0 2023 3162; ppageno 0'>
   <div class='ocr_carea' id='block_1_1' title="bbox 174 625 294 649">
    <p class='ocr_par' dir='ltr' id='par_1_1' title="bbox 174 625 294 649">
     <span class='ocr_line' id='line_1_1' title="bbox 174 625 294 649; baseline -0.008 0"><span class='ocrx_word' id='word_1_1' title='bbox 174 626 202 649; x_wconf 69' lang='lat'>1⁷.</span> <span class='ocrx_word' id='word_1_2' title='bbox 216 625 294 649; x_wconf 74' lang='lat' dir='ltr'>Nom.</span> 
     </span>
    </p>
   </div>
   <div class='ocr_carea' id='block_1_2' title="bbox 313 93 1554 142">
    <p class='ocr_par' dir='ltr' id='par_1_2' title="bbox 313 93 1554 142">
     <span class='ocr_line' id='line_1_2' title="bbox 313 93 1554 142; baseline -0.004 -7"><span class='ocrx_word' id='word_1_3' title='bbox 313 109 364 142; x_wconf 65' lang='lat'>(30</span> <span class='ocrx_word' id='word_1_4' title='bbox 710 93 1554 136; x_wconf 76' lang='lat' dir='ltr'>M.Vi·rRtJv11P0Lr10N1s</span> 
     </span>
    </p>
   </div>
   <div class='ocr_carea' id='block_1_3' title="bbox 308 161 1937 1988">
    <p class='ocr_par' dir='ltr' id='par_1_3' title="bbox 308 161 1937 1988">
     <span class='ocr_line' id='line_1_3' title="bbox 312 161 1896 217; baseline -0.002 -14"><span class='ocrx_word' id='word_1_5' title='bbox 312 170 351 205; x_wconf 87' lang='lat' dir='ltr'>in</span> <span class='ocrx_word' id='word_1_6' title='bbox 361 166 528 217; x_wconf 86' lang='lat' dir='ltr'>epistyliis</span> <span class='ocrx_word' id='word_1_7' title='bbox 539 174 650 216; x_wconf 81' lang='lat' dir='ltr'>guttae</span> <span class='ocrx_word' id='word_1_8' title='bbox 670 165 820 202; x_wconf 88' lang='lat' dir='ltr'>Dorico</span> <span class='ocrx_word' id='word_1_9' title='bbox 831 174 939 200; x_wconf 88' lang='lat' dir='ltr'>more</span> <span class='ocrx_word' id='word_1_10' title='bbox 949 162 1239 211; x_wconf 79' lang='lat' dir='ltr'>distinguuntur:</span> <span class='ocrx_word' id='word_1_11' title='bbox 1258 170 1321 199; x_wconf 88' lang='lat' dir='ltr'>aut</span> <span class='ocrx_word' id='word_1_12' title='bbox 1333 173 1376 198; x_wconf 84' lang='lat' dir='ltr'>ex</span> <span class='ocrx_word' id='word_1_13' title='bbox 1386 163 1521 198; x_wconf 89' lang='lat' dir='ltr'>Ionicis</span> <span class='ocrx_word' id='word_1_14' title='bbox 1533 161 1702 200; x_wconf 86' lang='lat' dir='ltr'>institutis</span> <span class='ocrx_word' id='word_1_15' title='bbox 1724 161 1896 215; x_wconf 88' lang='lat' dir='ltr'>Zophori</span> 
     </span>
     <span class='ocr_line' id='line_1_4' title="bbox 312 214 1895 274; baseline -0.002 -16"><span class='ocrx_word' id='word_1_16' title='bbox 312 222 497 274; x_wconf 85' lang='lat' dir='ltr'>scalpturis</span> <span class='ocrx_word' id='word_1_17' title='bbox 508 222 628 259; x_wconf 86' lang='lat' dir='ltr'>ornati</span> <span class='ocrx_word' id='word_1_18' title='bbox 638 232 726 257; x_wconf 89' lang='lat' dir='ltr'>cum</span> <span class='ocrx_word' id='word_1_19' title='bbox 736 219 930 257; x_wconf 80' lang='lat' dir='ltr'>denticulis</span> <span class='ocrx_word' id='word_1_20' title='bbox 941 220 979 254; x_wconf 74' lang='grc' dir='ltr'>ὅ(</span> <span class='ocrx_word' id='word_1_21' title='bbox 990 218 1141 254; x_wconf 85' lang='lat' dir='ltr'>coronis</span> <span class='ocrx_word' id='word_1_22' title='bbox 1152 216 1425 254; x_wconf 86' lang='lat' dir='ltr'>distribuuntur.</span> <span class='ocrx_word' id='word_1_23' title='bbox 1446 217 1498 253; x_wconf 84' lang='lat' dir='ltr'>Ita</span> <span class='ocrx_word' id='word_1_24' title='bbox 1510 214 1530 253; x_wconf 84' lang='grc' dir='ltr'>ὲ</span> <span class='ocrx_word' id='word_1_25' title='bbox 1541 218 1738 266; x_wconf 83' lang='lat' dir='ltr'>generibus</span> <span class='ocrx_word' id='word_1_26' title='bbox 1748 220 1895 257; x_wconf 82' lang='lat' dir='ltr'>duobus</span> 
     </span>
     <span class='ocr_line' id='line_1_5' title="bbox 312 271 1896 328; baseline -0.002 -13"><span class='ocrx_word' id='word_1_27' title='bbox 312 280 479 328; x_wconf 88' lang='lat' dir='ltr'>capitulo</span> <span class='ocrx_word' id='word_1_28' title='bbox 490 275 722 327; x_wconf 71' lang='lat' dir='ltr'>interposito,</span> <span class='ocrx_word' id='word_1_29' title='bbox 735 276 887 312; x_wconf 86' lang='lat' dir='ltr'>tertium</span> <span class='ocrx_word' id='word_1_30' title='bbox 895 284 1015 323; x_wconf 84' lang='lat' dir='ltr'>genus</span> <span class='ocrx_word' id='word_1_31' title='bbox 1026 273 1064 308; x_wconf 82' lang='lat' dir='ltr'>in</span> <span class='ocrx_word' id='word_1_32' title='bbox 1075 271 1254 322; x_wconf 79' lang='lat' dir='ltr'>operibus</span> <span class='ocrx_word' id='word_1_33' title='bbox 1265 271 1314 308; x_wconf 86' lang='lat' dir='ltr'>est</span> <span class='ocrx_word' id='word_1_34' title='bbox 1323 281 1575 322; x_wconf 86' lang='lat' dir='ltr'>procreatum.</span> <span class='ocrx_word' id='word_1_35' title='bbox 1588 273 1617 309; x_wconf 85' lang='lat' dir='ltr'><strong>E</strong></span> <span class='ocrx_word' id='word_1_36' title='bbox 1629 274 1896 312; x_wconf 87' lang='lat' dir='ltr'>columnarum</span> 
     </span>
     <span class='ocr_line' id='line_1_6' title="bbox 311 326 1893 377; baseline -0.003 -6"><span class='ocrx_word' id='word_1_37' title='bbox 311 337 414 371; x_wconf 87' lang='lat' dir='ltr'>enim</span> <span class='ocrx_word' id='word_1_38' title='bbox 423 331 711 371; x_wconf 76' lang='lat' dir='ltr'>formationibus</span> <span class='ocrx_word' id='word_1_39' title='bbox 723 330 833 366; x_wconf 83' lang='lat' dir='ltr'>trium</span> <span class='ocrx_word' id='word_1_40' title='bbox 846 339 1029 377; x_wconf 79' lang='lat' dir='ltr'>generum</span> <span class='ocrx_word' id='word_1_41' title='bbox 1040 326 1144 365; x_wconf 60' lang='lat' dir='ltr'>faffi‘cae</span> <span class='ocrx_word' id='word_1_42' title='bbox 1156 326 1236 364; x_wconf 85' lang='lat' dir='ltr'>sunt</span> <span class='ocrx_word' id='word_1_43' title='bbox 1248 329 1530 365; x_wconf 84' lang='lat' dir='ltr'>nominationes</span> <span class='ocrx_word' id='word_1_44' title='bbox 1541 356 1551 372; x_wconf 90' lang='lat'>‚</span> <span class='ocrx_word' id='word_1_45' title='bbox 1575 329 1717 365; x_wconf 84' lang='lat' dir='ltr'>Dorica</span> <span class='ocrx_word' id='word_1_46' title='bbox 1730 356 1740 371; x_wconf 90' lang='lat'>‚</span> <span class='ocrx_word' id='word_1_47' title='bbox 1750 330 1893 370; x_wconf 86' lang='lat' dir='ltr'>Ionica,</span> 
     </span>
     <span class='ocr_line' id='line_1_7' title="bbox 314 382 1895 435; baseline -0.003 -9"><span class='ocrx_word' id='word_1_48' title='bbox 314 389 526 433; x_wconf 83' lang='lat' dir='ltr'>Corinthia,</span> <span class='ocrx_word' id='word_1_49' title='bbox 541 388 560 424; x_wconf 78' lang='lat' dir='ltr'>e</span> <span class='ocrx_word' id='word_1_50' title='bbox 574 386 709 435; x_wconf 87' lang='lat' dir='ltr'>quibus</span> <span class='ocrx_word' id='word_1_51' title='bbox 720 386 838 434; x_wconf 88' lang='lat' dir='ltr'>prima</span> <span class='ocrx_word' id='word_1_52' title='bbox 848 386 884 420; x_wconf 78' lang='grc' dir='ltr'>δ(</span> <span class='ocrx_word' id='word_1_53' title='bbox 899 384 1099 431; x_wconf 87' lang='lat' dir='ltr'>antiquitus</span> <span class='ocrx_word' id='word_1_54' title='bbox 1112 384 1255 420; x_wconf 80' lang='lat' dir='ltr'>Dorica</span> <span class='ocrx_word' id='word_1_55' title='bbox 1266 382 1314 419; x_wconf 88' lang='lat' dir='ltr'>cst</span> <span class='ocrx_word' id='word_1_56' title='bbox 1325 393 1419 420; x_wconf 88' lang='lat' dir='ltr'>nata.</span> <span class='ocrx_word' id='word_1_57' title='bbox 1437 384 1618 432; x_wconf 86' lang='lat' dir='ltr'>Namque</span> <span class='ocrx_word' id='word_1_58' title='bbox 1633 382 1776 420; x_wconf 78' lang='lat' dir='ltr'>Achaia</span> <span class='ocrx_word' id='word_1_59' title='bbox 1788 385 1895 422; x_wconf 89' lang='lat' dir='ltr'>Pelo-</span> 
     </span>
     <span class='ocr_line' id='line_1_8' title="bbox 314 438 1896 494; baseline -0.003 -12"><span class='ocrx_word' id='word_1_60' title='bbox 314 444 557 494; x_wconf 84' lang='lat' dir='ltr'>ponnesoque</span> <span class='ocrx_word' id='word_1_61' title='bbox 568 451 650 478; x_wconf 83' lang='lat' dir='ltr'>tota</span> <span class='ocrx_word' id='word_1_62' title='bbox 669 442 728 485; x_wconf 83' lang='lat' dir='ltr'>[c]</span> <span class='ocrx_word' id='word_1_63' title='bbox 751 441 883 476; x_wconf 89' lang='lat' dir='ltr'>Dorus</span> <span class='ocrx_word' id='word_1_64' title='bbox 895 438 1060 476; x_wconf 91' lang='lat' dir='ltr'>Hellenis</span> <span class='ocrx_word' id='word_1_65' title='bbox 1071 441 1109 476; x_wconf 69' lang='grc' dir='ltr'>ὃς</span> <span class='ocrx_word' id='word_1_66' title='bbox 1121 438 1278 489; x_wconf 87' lang='lat' dir='ltr'>Opticcs</span> <span class='ocrx_word' id='word_1_67' title='bbox 1291 438 1471 488; x_wconf 82' lang='lat' dir='ltr'>Nyniphae</span> <span class='ocrx_word' id='word_1_68' title='bbox 1483 438 1576 476; x_wconf 86' lang='lat' dir='ltr'>filius</span> <span class='ocrx_word' id='word_1_69' title='bbox 1587 440 1771 488; x_wconf 79' lang='lat' dir='ltr'>regnavit.</span> <span class='ocrx_word' id='word_1_70' title='bbox 1796 440 1896 489; x_wconf 88' lang='lat' dir='ltr'>isque</span> 
     </span>
     <span class='ocr_line' id='line_1_9' title="bbox 313 493 1897 549; baseline -0.001 -13"><span class='ocrx_word' id='word_1_71' title='bbox 313 500 425 549; x_wconf 83' lang='lat' dir='ltr'>Argis</span> <span class='ocrx_word' id='word_1_72' title='bbox 435 497 575 536; x_wconf 86' lang='lat' dir='ltr'>vetusta</span> <span class='ocrx_word' id='word_1_73' title='bbox 585 497 730 533; x_wconf 88' lang='lat' dir='ltr'>civitate</span> <span class='ocrx_word' id='word_1_74' title='bbox 738 493 891 548; x_wconf 85' lang='lat' dir='ltr'>Junonis</span> <span class='ocrx_word' id='word_1_75' title='bbox 907 495 1088 545; x_wconf 88' lang='lat' dir='ltr'>templum</span> <span class='ocrx_word' id='word_1_76' title='bbox 1101 494 1295 532; x_wconf 80' lang='lat' dir='ltr'>oedificavit</span> <span class='ocrx_word' id='word_1_77' title='bbox 1309 523 1318 538; x_wconf 88' lang='lat'>‚</span> <span class='ocrx_word' id='word_1_78' title='bbox 1340 496 1416 541; x_wconf 78' lang='lat' dir='ltr'>ejus</span> <span class='ocrx_word' id='word_1_79' title='bbox 1426 495 1571 544; x_wconf 82' lang='lat' dir='ltr'>generis</span> <span class='ocrx_word' id='word_1_80' title='bbox 1589 494 1751 531; x_wconf 82' lang='lat' dir='ltr'>fortuito</span> <span class='ocrx_word' id='word_1_81' title='bbox 1767 494 1897 534; x_wconf 76' lang='lat' dir='ltr'>forma:</span> 
     </span>
     <span class='ocr_line' id='line_1_10' title="bbox 311 549 1898 600; baseline -0.001 -10"><span class='ocrx_word' id='word_1_82' title='bbox 311 555 473 592; x_wconf 77' lang='lat' dir='ltr'>Fanum:</span> <span class='ocrx_word' id='word_1_83' title='bbox 495 551 626 589; x_wconf 90' lang='lat' dir='ltr'>deinde</span> <span class='ocrx_word' id='word_1_84' title='bbox 636 549 764 587; x_wconf 86' lang='lat' dir='ltr'>iisdem</span> <span class='ocrx_word' id='word_1_85' title='bbox 773 550 967 600; x_wconf 80' lang='lat' dir='ltr'>generibus</span> <span class='ocrx_word' id='word_1_86' title='bbox 979 551 1016 586; x_wconf 89' lang='lat' dir='ltr'>in</span> <span class='ocrx_word' id='word_1_87' title='bbox 1030 552 1167 587; x_wconf 85' lang='lat' dir='ltr'>caeteris</span> <span class='ocrx_word' id='word_1_88' title='bbox 1180 549 1333 587; x_wconf 76' lang='lat' dir='ltr'>AchaIae</span> <span class='ocrx_word' id='word_1_89' title='bbox 1346 550 1557 588; x_wconf 86' lang='lat' dir='ltr'>civitatibus</span> <span class='ocrx_word' id='word_1_90' title='bbox 1568 576 1578 597; x_wconf 78' lang='lat'>².</span> <span class='ocrx_word' id='word_1_91' title='bbox 1591 561 1679 586; x_wconf 90' lang='lat' dir='ltr'>cum</span> <span class='ocrx_word' id='word_1_92' title='bbox 1689 551 1898 588; x_wconf 81' lang='lat' dir='ltr'>etiamnum</span> 
     </span>
     <span class='ocr_line' id='line_1_11' title="bbox 309 603 1897 656; baseline -0.002 -9"><span class='ocrx_word' id='word_1_93' title='bbox 309 622 387 647; x_wconf 89' lang='lat' dir='ltr'>non</span> <span class='ocrx_word' id='word_1_94' title='bbox 408 608 464 645; x_wconf 78' lang='lat' dir='ltr'>eff</span> <span class='ocrx_word' id='word_1_95' title='bbox 457 619 492 646; x_wconf 94' lang='lat' dir='ltr'>et</span> <span class='ocrx_word' id='word_1_96' title='bbox 510 608 600 656; x_wconf 90' lang='lat' dir='ltr'>Sym</span> <span class='ocrx_word' id='word_1_97' title='bbox 607 608 821 644; x_wconf 90' lang='lat' dir='ltr'>metriarum</span> <span class='ocrx_word' id='word_1_98' title='bbox 841 607 936 643; x_wconf 85' lang='lat' dir='ltr'>ratio</span> <span class='ocrx_word' id='word_1_99' title='bbox 957 616 1043 642; x_wconf 83' lang='lat' dir='ltr'>nata</span> <span class='ocrx_word' id='word_1_100' title='bbox 1058 635 1065 642; x_wconf 91' lang='lat'>.</span> <span class='ocrx_word' id='word_1_101' title='bbox 1096 605 1227 642; x_wconf 83' lang='lat' dir='ltr'>Postea</span> <span class='ocrx_word' id='word_1_102' title='bbox 1252 615 1375 643; x_wconf 87' lang='lat' dir='ltr'>autem</span> <span class='ocrx_word' id='word_1_103' title='bbox 1396 604 1635 643; x_wconf 80' lang='lat' dir='ltr'>Athenienses</span> <span class='ocrx_word' id='word_1_104' title='bbox 1657 617 1701 642; x_wconf 85' lang='lat' dir='ltr'>ex</span> <span class='ocrx_word' id='word_1_105' title='bbox 1722 603 1897 655; x_wconf 69' lang='lat' dir='ltr'>responsis</span> 
     </span>
     <span class='ocr_line' id='line_1_12' title="bbox 310 660 1898 715; baseline -0.003 -13"><span class='ocrx_word' id='word_1_106' title='bbox 310 664 504 715; x_wconf 85' lang='lat' dir='ltr'>Apollinis</span> <span class='ocrx_word' id='word_1_107' title='bbox 523 661 722 712; x_wconf 82' lang='lat' dir='ltr'>Delphici,</span> <span class='ocrx_word' id='word_1_108' title='bbox 756 662 959 699; x_wconf 88' lang='lat' dir='ltr'>communi</span> <span class='ocrx_word' id='word_1_109' title='bbox 977 660 1134 698; x_wconf 91' lang='lat' dir='ltr'>consilio</span> <span class='ocrx_word' id='word_1_110' title='bbox 1155 662 1271 698; x_wconf 89' lang='lat' dir='ltr'>totius</span> <span class='ocrx_word' id='word_1_111' title='bbox 1302 660 1482 697; x_wconf 87' lang='lat' dir='ltr'>Hellados</span> <span class='ocrx_word' id='word_1_112' title='bbox 1495 690 1504 705; x_wconf 88' lang='lat'>‚</span> <span class='ocrx_word' id='word_1_113' title='bbox 1525 660 1705 698; x_wconf 80' lang='lat' dir='ltr'>tredecim</span> <span class='ocrx_word' id='word_1_114' title='bbox 1726 662 1898 699; x_wconf 83' lang='lat' dir='ltr'>colonias</span> 
     </span>
     <span class='ocr_line' id='line_1_13' title="bbox 310 715 1922 769; baseline -0.002 -12"><span class='ocrx_word' id='word_1_115' title='bbox 310 731 389 757; x_wconf 88' lang='lat' dir='ltr'>uno</span> <span class='ocrx_word' id='word_1_116' title='bbox 400 719 619 769; x_wconf 85' lang='lat' dir='ltr'>teniporein</span> <span class='ocrx_word' id='word_1_117' title='bbox 631 716 759 754; x_wconf 78' lang='lat' dir='ltr'>Asiam</span> <span class='ocrx_word' id='word_1_118' title='bbox 769 716 1001 754; x_wconf 86' lang='lat' dir='ltr'>deduxerunt</span> <span class='ocrx_word' id='word_1_119' title='bbox 1015 745 1024 761; x_wconf 91' lang='lat'>,</span> <span class='ocrx_word' id='word_1_120' title='bbox 1035 716 1217 766; x_wconf 88' lang='lat' dir='ltr'>ducesque</span> <span class='ocrx_word' id='word_1_121' title='bbox 1228 718 1265 752; x_wconf 92' lang='lat' dir='ltr'>in</span> <span class='ocrx_word' id='word_1_122' title='bbox 1279 715 1426 765; x_wconf 75' lang='lat' dir='ltr'>lingulis</span> <span class='ocrx_word' id='word_1_123' title='bbox 1440 717 1599 754; x_wconf 90' lang='lat' dir='ltr'>coloniis</span> <span class='ocrx_word' id='word_1_124' title='bbox 1612 716 1895 758; x_wconf 86' lang='lat' dir='ltr'>constituerunt,</span> <span class='ocrx_word' id='word_1_125' title='bbox 1918 734 1922 737; x_wconf 95' lang='lat'>·</span> 
     </span>
     <span class='ocr_line' id='line_1_14' title="bbox 312 769 1898 823; baseline -0.001 -11"><span class='ocrx_word' id='word_1_126' title='bbox 312 775 348 812; x_wconf 86' lang='lat'>&amp;</span> <span class='ocrx_word' id='word_1_127' title='bbox 371 774 554 812; x_wconf 85' lang='lat' dir='ltr'>summam</span> <span class='ocrx_word' id='word_1_128' title='bbox 571 774 716 823; x_wconf 86' lang='lat' dir='ltr'>imperii</span> <span class='ocrx_word' id='word_1_129' title='bbox 736 782 880 822; x_wconf 87' lang='lat' dir='ltr'>partem</span> <span class='ocrx_word' id='word_1_130' title='bbox 903 769 967 817; x_wconf 83' lang='lat' dir='ltr'>[d]</span> <span class='ocrx_word' id='word_1_131' title='bbox 986 773 1069 809; x_wconf 88' lang='lat' dir='ltr'>Ioni</span> <span class='ocrx_word' id='word_1_132' title='bbox 1080 799 1088 812; x_wconf 92' lang='lat'>,</span> <span class='ocrx_word' id='word_1_133' title='bbox 1111 772 1227 810; x_wconf 86' lang='lat' dir='ltr'>Xuthi</span> <span class='ocrx_word' id='word_1_134' title='bbox 1247 772 1283 809; x_wconf 64' lang='grc' dir='ltr'>δέ</span> <span class='ocrx_word' id='word_1_135' title='bbox 1297 772 1440 810; x_wconf 82' lang='lat' dir='ltr'>Creiisae</span> <span class='ocrx_word' id='word_1_136' title='bbox 1458 772 1538 810; x_wconf 88' lang='lat' dir='ltr'>filio</span> <span class='ocrx_word' id='word_1_137' title='bbox 1552 802 1560 816; x_wconf 88' lang='lat'>‚</span> <span class='ocrx_word' id='word_1_138' title='bbox 1572 772 1751 809; x_wconf 88' lang='lat' dir='ltr'>dederunt</span> <span class='ocrx_word' id='word_1_139' title='bbox 1761 801 1771 816; x_wconf 90' lang='lat'>‚</span> <span class='ocrx_word' id='word_1_140' title='bbox 1784 784 1898 821; x_wconf 88' lang='lat' dir='ltr'>quem</span> 
     </span>
     <span class='ocr_line' id='line_1_15' title="bbox 310 826 1899 879; baseline -0.001 -11"><span class='ocrx_word' id='word_1_141' title='bbox 310 831 423 868; x_wconf 86' lang='lat' dir='ltr'>ctiam</span> <span class='ocrx_word' id='word_1_142' title='bbox 434 829 577 879; x_wconf 89' lang='lat' dir='ltr'>Apollo</span> <span class='ocrx_word' id='word_1_143' title='bbox 588 828 744 878; x_wconf 87' lang='lat' dir='ltr'>Delphis</span> <span class='ocrx_word' id='word_1_144' title='bbox 754 826 859 864; x_wconf 87' lang='lat' dir='ltr'>suum</span> <span class='ocrx_word' id='word_1_145' title='bbox 867 827 988 865; x_wconf 87' lang='lat' dir='ltr'>filium</span> <span class='ocrx_word' id='word_1_146' title='bbox 997 829 1034 863; x_wconf 89' lang='lat' dir='ltr'>in</span> <span class='ocrx_word' id='word_1_147' title='bbox 1042 827 1221 879; x_wconf 83' lang='lat' dir='ltr'>responsis</span> <span class='ocrx_word' id='word_1_148' title='bbox 1232 826 1281 863; x_wconf 89' lang='lat' dir='ltr'>est</span> <span class='ocrx_word' id='word_1_149' title='bbox 1290 826 1477 878; x_wconf 73' lang='lat' dir='ltr'>professus,</span> <span class='ocrx_word' id='word_1_150' title='bbox 1492 826 1591 876; x_wconf 86' lang='lat' dir='ltr'>isque</span> <span class='ocrx_word' id='word_1_151' title='bbox 1604 840 1661 865; x_wconf 86' lang='lat' dir='ltr'>eas</span> <span class='ocrx_word' id='word_1_152' title='bbox 1675 828 1848 866; x_wconf 85' lang='lat' dir='ltr'>colonias</span> <span class='ocrx_word' id='word_1_153' title='bbox 1858 830 1899 866; x_wconf 88' lang='lat' dir='ltr'>in</span> 
     </span>
     <span class='ocr_line' id='line_1_16' title="bbox 309 881 1898 933; baseline -0.002 -10"><span class='ocrx_word' id='word_1_154' title='bbox 309 885 436 923; x_wconf 78' lang='lat' dir='ltr'>Aliam</span> <span class='ocrx_word' id='word_1_155' title='bbox 447 885 610 929; x_wconf 86' lang='lat' dir='ltr'>deduxit,</span> <span class='ocrx_word' id='word_1_156' title='bbox 623 886 661 922; x_wconf 67' lang='grc' dir='ltr'>ὃς</span> <span class='ocrx_word' id='word_1_157' title='bbox 673 884 788 921; x_wconf 87' lang='lat' dir='ltr'>Cariae</span> <span class='ocrx_word' id='word_1_158' title='bbox 798 883 888 920; x_wconf 89' lang='lat' dir='ltr'>fines</span> <span class='ocrx_word' id='word_1_159' title='bbox 899 885 1118 933; x_wconf 79' lang='lat' dir='ltr'>occupavit,</span> <span class='ocrx_word' id='word_1_160' title='bbox 1131 883 1257 932; x_wconf 88' lang='lat' dir='ltr'>ibique</span> <span class='ocrx_word' id='word_1_161' title='bbox 1268 884 1434 921; x_wconf 84' lang='lat' dir='ltr'>civitates</span> <span class='ocrx_word' id='word_1_162' title='bbox 1446 881 1679 933; x_wconf 69' lang='lat' dir='ltr'>amplissimas</span> <span class='ocrx_word' id='word_1_163' title='bbox 1691 883 1898 928; x_wconf 87' lang='lat' dir='ltr'>constituit,</span> 
     </span>
     <span class='ocr_line' id='line_1_17' title="bbox 309 937 1900 992; baseline -0.003 -13"><span class='ocrx_word' id='word_1_164' title='bbox 309 941 509 992; x_wconf 85' lang='lat' dir='ltr'>Ephesum,</span> <span class='ocrx_word' id='word_1_165' title='bbox 519 942 711 984; x_wconf 89' lang='lat' dir='ltr'>Miletum,</span> <span class='ocrx_word' id='word_1_166' title='bbox 723 940 898 987; x_wconf 89' lang='lat' dir='ltr'>Myunta‚</span> <span class='ocrx_word' id='word_1_167' title='bbox 915 938 1012 987; x_wconf 78' lang='lat' dir='ltr'>(quae</span> <span class='ocrx_word' id='word_1_168' title='bbox 1024 939 1118 975; x_wconf 89' lang='lat' dir='ltr'>olim</span> <span class='ocrx_word' id='word_1_169' title='bbox 1129 939 1174 976; x_wconf 90' lang='lat' dir='ltr'>ab</span> <span class='ocrx_word' id='word_1_170' title='bbox 1186 950 1282 987; x_wconf 87' lang='lat' dir='ltr'>aqua</span> <span class='ocrx_word' id='word_1_171' title='bbox 1294 938 1342 974; x_wconf 83' lang='lat' dir='ltr'>est</span> <span class='ocrx_word' id='word_1_172' title='bbox 1353 938 1541 978; x_wconf 86' lang='lat' dir='ltr'>devorata,</span> <span class='ocrx_word' id='word_1_173' title='bbox 1556 941 1663 985; x_wconf 77' lang='lat' dir='ltr'>cuius</span> <span class='ocrx_word' id='word_1_174' title='bbox 1674 937 1769 976; x_wconf 85' lang='lat' dir='ltr'>saera</span> <span class='ocrx_word' id='word_1_175' title='bbox 1781 941 1818 976; x_wconf 74' lang='lat' dir='ltr'>&lt;Sc</span> <span class='ocrx_word' id='word_1_176' title='bbox 1828 938 1900 975; x_wconf 86' lang='lat' dir='ltr'>suf-</span> 
     </span>
     <span class='ocr_line' id='line_1_18' title="bbox 311 994 1896 1046; baseline -0.001 -13"><span class='ocrx_word' id='word_1_177' title='bbox 311 997 469 1046; x_wconf 81' lang='lat' dir='ltr'>fragium</span> <span class='ocrx_word' id='word_1_178' title='bbox 490 995 642 1034; x_wconf 82' lang='lat' dir='ltr'>Milesiis</span> <span class='ocrx_word' id='word_1_179' title='bbox 655 997 763 1032; x_wconf 90' lang='lat' dir='ltr'>lones</span> <span class='ocrx_word' id='word_1_180' title='bbox 783 994 1056 1042; x_wconf 74' lang='lat' dir='ltr'>attribuerunt)</span> <span class='ocrx_word' id='word_1_181' title='bbox 1075 994 1245 1030; x_wconf 89' lang='lat' dir='ltr'>Prienem</span> <span class='ocrx_word' id='word_1_182' title='bbox 1259 1023 1268 1038; x_wconf 87' lang='lat'><em>‚</em></span> <span class='ocrx_word' id='word_1_183' title='bbox 1291 995 1445 1031; x_wconf 85' lang='lat' dir='ltr'>Samum</span> <span class='ocrx_word' id='word_1_184' title='bbox 1458 1023 1468 1039; x_wconf 92' lang='lat'>‚</span> <span class='ocrx_word' id='word_1_185' title='bbox 1487 995 1603 1031; x_wconf 85' lang='lat' dir='ltr'>Teon</span> <span class='ocrx_word' id='word_1_186' title='bbox 1617 1023 1627 1038; x_wconf 87' lang='lat'>‚</span> <span class='ocrx_word' id='word_1_187' title='bbox 1649 994 1896 1044; x_wconf 84' lang='lat' dir='ltr'>Colophona,</span> 
     </span>
     <span class='ocr_line' id='line_1_19' title="bbox 312 1048 1902 1101; baseline -0.001 -11"><span class='ocrx_word' id='word_1_188' title='bbox 312 1053 453 1090; x_wconf 88' lang='lat' dir='ltr'>Chium</span> <span class='ocrx_word' id='word_1_189' title='bbox 468 1081 477 1096; x_wconf 92' lang='lat'>‚</span> <span class='ocrx_word' id='word_1_190' title='bbox 498 1051 666 1100; x_wconf 81' lang='lat' dir='ltr'>Erythras</span> <span class='ocrx_word' id='word_1_191' title='bbox 679 1076 687 1090; x_wconf 89' lang='lat'><strong>‚</strong></span> <span class='ocrx_word' id='word_1_192' title='bbox 712 1049 903 1088; x_wconf 89' lang='lat' dir='ltr'>Phoceam</span> <span class='ocrx_word' id='word_1_193' title='bbox 917 1079 928 1095; x_wconf 89' lang='lat'><em>,</em></span> <span class='ocrx_word' id='word_1_194' title='bbox 947 1049 1220 1089; x_wconf 83' lang='lat' dir='ltr'>Clazomenas,</span> <span class='ocrx_word' id='word_1_195' title='bbox 1236 1048 1443 1088; x_wconf 84' lang='lat' dir='ltr'>Lebedum,</span> <span class='ocrx_word' id='word_1_196' title='bbox 1460 1051 1629 1087; x_wconf 88' lang='lat' dir='ltr'>Meliten.</span> <span class='ocrx_word' id='word_1_197' title='bbox 1663 1050 1755 1087; x_wconf 79' lang='lat' dir='ltr'>Haec</span> <span class='ocrx_word' id='word_1_198' title='bbox 1767 1051 1902 1101; x_wconf 75' lang='lat' dir='ltr'>Melite</span> 
     </span>
     <span class='ocr_line' id='line_1_20' title="bbox 308 1105 1899 1158; baseline -0.001 -13"><span class='ocrx_word' id='word_1_199' title='bbox 308 1118 461 1158; x_wconf 88' lang='lat' dir='ltr'>propter</span> <span class='ocrx_word' id='word_1_200' title='bbox 472 1108 610 1145; x_wconf 87' lang='lat' dir='ltr'>civium</span> <span class='ocrx_word' id='word_1_201' title='bbox 623 1108 871 1156; x_wconf 82' lang='lat' dir='ltr'>arrogantiam</span> <span class='ocrx_word' id='word_1_202' title='bbox 884 1131 891 1144; x_wconf 88' lang='lat'>‚</span> <span class='ocrx_word' id='word_1_203' title='bbox 915 1105 962 1142; x_wconf 88' lang='lat' dir='ltr'>ab</span> <span class='ocrx_word' id='word_1_204' title='bbox 974 1105 1027 1143; x_wconf 87' lang='lat' dir='ltr'>his</span> <span class='ocrx_word' id='word_1_205' title='bbox 1039 1106 1247 1144; x_wconf 81' lang='lat' dir='ltr'>civitatibus</span> <span class='ocrx_word' id='word_1_206' title='bbox 1260 1105 1360 1141; x_wconf 90' lang='lat' dir='ltr'>bello</span> <span class='ocrx_word' id='word_1_207' title='bbox 1371 1105 1512 1143; x_wconf 69' lang='lat' dir='ltr'>indicto</span> <span class='ocrx_word' id='word_1_208' title='bbox 1526 1106 1725 1142; x_wconf 90' lang='lat' dir='ltr'>communi</span> <span class='ocrx_word' id='word_1_209' title='bbox 1738 1106 1899 1144; x_wconf 88' lang='lat' dir='ltr'>consilio</span> 
     </span>
     <span class='ocr_line' id='line_1_21' title="bbox 308 1160 1902 1212; baseline -0.001 -11"><span class='ocrx_word' id='word_1_210' title='bbox 308 1163 357 1201; x_wconf 83' lang='lat' dir='ltr'>cst</span> <span class='ocrx_word' id='word_1_211' title='bbox 369 1161 516 1201; x_wconf 88' lang='lat' dir='ltr'>sublata.</span> <span class='ocrx_word' id='word_1_212' title='bbox 533 1165 636 1210; x_wconf 78' lang='lat' dir='ltr'>cnjus</span> <span class='ocrx_word' id='word_1_213' title='bbox 647 1163 742 1199; x_wconf 93' lang='lat' dir='ltr'>loco</span> <span class='ocrx_word' id='word_1_214' title='bbox 751 1161 880 1212; x_wconf 86' lang='lat' dir='ltr'>postea</span> <span class='ocrx_word' id='word_1_215' title='bbox 889 1163 982 1210; x_wconf 80' lang='lat' dir='ltr'>regis</span> <span class='ocrx_word' id='word_1_216' title='bbox 993 1161 1158 1199; x_wconf 81' lang='lat' dir='ltr'>Attali&amp;</span> <span class='ocrx_word' id='word_1_217' title='bbox 1171 1160 1349 1198; x_wconf 64' lang='lat' dir='ltr'>Arsinoes</span> <span class='ocrx_word' id='word_1_218' title='bbox 1362 1161 1836 1209; x_wconf 84' lang='lat' dir='ltr'>beneficio,Smytneorum</span> <span class='ocrx_word' id='word_1_219' title='bbox 1849 1164 1902 1199; x_wconf 90' lang='lat' dir='ltr'>ci-</span> 
     </span>
     <span class='ocr_line' id='line_1_22' title="bbox 310 1215 1901 1266; baseline -0.001 -9"><span class='ocrx_word' id='word_1_220' title='bbox 310 1220 403 1258; x_wconf 90' lang='lat' dir='ltr'>vitas</span> <span class='ocrx_word' id='word_1_221' title='bbox 413 1221 506 1256; x_wconf 92' lang='lat' dir='ltr'>inter</span> <span class='ocrx_word' id='word_1_222' title='bbox 516 1220 624 1256; x_wconf 83' lang='lat' dir='ltr'>Ionas</span> <span class='ocrx_word' id='word_1_223' title='bbox 636 1217 685 1254; x_wconf 87' lang='lat' dir='ltr'>est</span> <span class='ocrx_word' id='word_1_224' title='bbox 695 1227 850 1266; x_wconf 83' lang='lat' dir='ltr'>recepta.</span> <span class='ocrx_word' id='word_1_225' title='bbox 885 1217 953 1254; x_wconf 87' lang='lat' dir='ltr'>Hae</span> <span class='ocrx_word' id='word_1_226' title='bbox 964 1218 1144 1261; x_wconf 87' lang='lat' dir='ltr'>civitates,</span> <span class='ocrx_word' id='word_1_227' title='bbox 1160 1229 1250 1254; x_wconf 87' lang='lat' dir='ltr'>cum</span> <span class='ocrx_word' id='word_1_228' title='bbox 1262 1217 1374 1253; x_wconf 86' lang='lat' dir='ltr'>Caras</span> <span class='ocrx_word' id='word_1_229' title='bbox 1387 1216 1422 1253; x_wconf 85' lang='lat'><strong>&amp;</strong></span> <span class='ocrx_word' id='word_1_230' title='bbox 1434 1217 1591 1265; x_wconf 81' lang='lat' dir='ltr'>Lelegas</span> <span class='ocrx_word' id='word_1_231' title='bbox 1599 1215 1783 1263; x_wconf 73' lang='lat' dir='ltr'>ejecissent</span> <span class='ocrx_word' id='word_1_232' title='bbox 1795 1247 1806 1262; x_wconf 92' lang='lat'>,</span> <span class='ocrx_word' id='word_1_233' title='bbox 1818 1229 1901 1256; x_wconf 88' lang='lat' dir='ltr'>eam</span> 
     </span>
     <span class='ocr_line' id='line_1_23' title="bbox 313 1272 1905 1323; baseline 0 -12"><span class='ocrx_word' id='word_1_234' title='bbox 313 1284 416 1312; x_wconf 83' lang='lat' dir='ltr'>terrae</span> <span class='ocrx_word' id='word_1_235' title='bbox 426 1275 622 1323; x_wconf 84' lang='lat' dir='ltr'>regionem</span> <span class='ocrx_word' id='word_1_236' title='bbox 634 1274 654 1310; x_wconf 74' lang='lat' dir='ltr'>a</span> <span class='ocrx_word' id='word_1_237' title='bbox 664 1273 758 1310; x_wconf 89' lang='lat' dir='ltr'>duce</span> <span class='ocrx_word' id='word_1_238' title='bbox 769 1273 836 1310; x_wconf 81' lang='lat' dir='ltr'>suo</span> <span class='ocrx_word' id='word_1_239' title='bbox 849 1273 938 1309; x_wconf 89' lang='lat' dir='ltr'>Ione</span> <span class='ocrx_word' id='word_1_240' title='bbox 948 1273 1173 1323; x_wconf 84' lang='lat' dir='ltr'>appellarunt</span> <span class='ocrx_word' id='word_1_241' title='bbox 1183 1274 1336 1310; x_wconf 83' lang='lat' dir='ltr'>Ioniam.</span> <span class='ocrx_word' id='word_1_242' title='bbox 1357 1272 1485 1322; x_wconf 87' lang='lat' dir='ltr'>Ibique</span> <span class='ocrx_word' id='word_1_243' title='bbox 1495 1273 1631 1323; x_wconf 88' lang='lat' dir='ltr'>templa</span> <span class='ocrx_word' id='word_1_244' title='bbox 1642 1273 1816 1309; x_wconf 81' lang='lat' dir='ltr'>Deorum</span> <span class='ocrx_word' id='word_1_245' title='bbox 1827 1275 1905 1316; x_wconf 51' lang='lat' dir='ltr'>im-¹</span> 
     </span>
     <span class='ocr_line' id='line_1_24' title="bbox 311 1327 1900 1379; baseline -0.001 -12"><span class='ocrx_word' id='word_1_246' title='bbox 311 1331 532 1368; x_wconf 88' lang='lat' dir='ltr'>mortalium</span> <span class='ocrx_word' id='word_1_247' title='bbox 545 1328 1009 1378; x_wconf 73' lang='lat' dir='ltr'>constituente5‚ceperunt</span> <span class='ocrx_word' id='word_1_248' title='bbox 1022 1329 1118 1365; x_wconf 81' lang='lat' dir='ltr'>Pana</span> <span class='ocrx_word' id='word_1_249' title='bbox 1129 1327 1360 1366; x_wconf 75' lang='lat' dir='ltr'>aedificarez&amp;</span> <span class='ocrx_word' id='word_1_250' title='bbox 1371 1328 1706 1379; x_wconf 89' lang='lat' dir='ltr'>primumApollini</span> <span class='ocrx_word' id='word_1_251' title='bbox 1717 1328 1900 1366; x_wconf 89' lang='lat' dir='ltr'>Panionio</span> 
     </span>
     <span class='ocr_line' id='line_1_25' title="bbox 314 1383 1899 1433; baseline 0.001 -10"><span class='ocrx_word' id='word_1_252' title='bbox 314 1385 431 1423; x_wconf 83' lang='lat' dir='ltr'>aedem</span> <span class='ocrx_word' id='word_1_253' title='bbox 444 1414 454 1430; x_wconf 91' lang='lat'>‚</span> <span class='ocrx_word' id='word_1_254' title='bbox 475 1386 528 1423; x_wconf 91' lang='lat' dir='ltr'>uti</span> <span class='ocrx_word' id='word_1_255' title='bbox 538 1384 703 1423; x_wconf 88' lang='lat' dir='ltr'>viderant</span> <span class='ocrx_word' id='word_1_256' title='bbox 713 1386 750 1421; x_wconf 93' lang='lat' dir='ltr'>in</span> <span class='ocrx_word' id='word_1_257' title='bbox 763 1383 905 1422; x_wconf 86' lang='lat' dir='ltr'>Achaia</span> <span class='ocrx_word' id='word_1_258' title='bbox 917 1413 927 1428; x_wconf 86' lang='lat'>‚</span> <span class='ocrx_word' id='word_1_259' title='bbox 948 1383 1220 1422; x_wconf 87' lang='lat' dir='ltr'>constituerunt</span> <span class='ocrx_word' id='word_1_260' title='bbox 1231 1414 1241 1430; x_wconf 90' lang='lat'>‚</span> <span class='ocrx_word' id='word_1_261' title='bbox 1264 1387 1300 1422; x_wconf 72' lang='grc' dir='ltr'>δε</span> <span class='ocrx_word' id='word_1_262' title='bbox 1314 1395 1398 1421; x_wconf 86' lang='lat' dir='ltr'>eam</span> <span class='ocrx_word' id='word_1_263' title='bbox 1412 1385 1596 1421; x_wconf 85' lang='lat' dir='ltr'>Doricam</span> <span class='ocrx_word' id='word_1_264' title='bbox 1607 1383 1899 1433; x_wconf 82' lang='lat' dir='ltr'>appellaverunt.</span> 
     </span>
     <span class='ocr_line' id='line_1_26' title="bbox 312 1439 1900 1490; baseline -0.001 -12"><span class='ocrx_word' id='word_1_265' title='bbox 312 1441 418 1490; x_wconf 90' lang='lat' dir='ltr'>quod</span> <span class='ocrx_word' id='word_1_266' title='bbox 426 1442 463 1477; x_wconf 91' lang='lat' dir='ltr'>in</span> <span class='ocrx_word' id='word_1_267' title='bbox 476 1442 650 1477; x_wconf 90' lang='lat' dir='ltr'>Dorieon</span> <span class='ocrx_word' id='word_1_268' title='bbox 662 1439 867 1478; x_wconf 84' lang='lat' dir='ltr'>civitatibus</span> <span class='ocrx_word' id='word_1_269' title='bbox 878 1441 1040 1490; x_wconf 90' lang='lat' dir='ltr'>primum</span> <span class='ocrx_word' id='word_1_270' title='bbox 1052 1439 1186 1477; x_wconf 64' lang='lat' dir='ltr'>finam</span> <span class='ocrx_word' id='word_1_271' title='bbox 1199 1453 1247 1478; x_wconf 93' lang='lat' dir='ltr'>eo</span> <span class='ocrx_word' id='word_1_272' title='bbox 1260 1451 1394 1490; x_wconf 80' lang='lat' dir='ltr'>genere</span> <span class='ocrx_word' id='word_1_273' title='bbox 1404 1440 1588 1479; x_wconf 90' lang='lat' dir='ltr'>viderunt.</span> <span class='ocrx_word' id='word_1_274' title='bbox 1619 1440 1658 1476; x_wconf 93' lang='lat' dir='ltr'>In</span> <span class='ocrx_word' id='word_1_275' title='bbox 1670 1451 1711 1476; x_wconf 85' lang='lat' dir='ltr'>ea</span> <span class='ocrx_word' id='word_1_276' title='bbox 1721 1439 1798 1477; x_wconf 83' lang='lat' dir='ltr'>aede</span> <span class='ocrx_word' id='word_1_277' title='bbox 1810 1452 1900 1477; x_wconf 89' lang='lat' dir='ltr'>cum</span> 
     </span>
     <span class='ocr_line' id='line_1_27' title="bbox 309 1494 1902 1545; baseline 0 -11"><span class='ocrx_word' id='word_1_278' title='bbox 309 1496 507 1534; x_wconf 76' lang='lat' dir='ltr'>voluissent</span> <span class='ocrx_word' id='word_1_279' title='bbox 517 1496 711 1534; x_wconf 89' lang='lat' dir='ltr'>columnas</span> <span class='ocrx_word' id='word_1_280' title='bbox 721 1495 924 1540; x_wconf 84' lang='lat' dir='ltr'>collocare,</span> <span class='ocrx_word' id='word_1_281' title='bbox 939 1507 1016 1532; x_wconf 90' lang='lat' dir='ltr'>non</span> <span class='ocrx_word' id='word_1_282' title='bbox 1028 1495 1205 1534; x_wconf 86' lang='lat' dir='ltr'>habentes</span> <span class='ocrx_word' id='word_1_283' title='bbox 1216 1496 1454 1545; x_wconf 84' lang='lat' dir='ltr'>Symmetrias</span> <span class='ocrx_word' id='word_1_284' title='bbox 1465 1507 1596 1533; x_wconf 89' lang='lat' dir='ltr'>earum</span> <span class='ocrx_word' id='word_1_285' title='bbox 1608 1524 1619 1540; x_wconf 93' lang='lat'><strong><em>,</em></strong></span> <span class='ocrx_word' id='word_1_286' title='bbox 1644 1494 1681 1531; x_wconf 73' lang='grc' dir='ltr'>ἃ</span> <span class='ocrx_word' id='word_1_287' title='bbox 1693 1506 1902 1544; x_wconf 70' lang='lat' dir='ltr'>quaerentes</span> 
     </span>
     <span class='ocr_line' id='line_1_28' title="bbox 309 1549 1901 1603; baseline 0 -15"><span class='ocrx_word' id='word_1_288' title='bbox 309 1551 443 1601; x_wconf 84' lang='lat' dir='ltr'>quibus</span> <span class='ocrx_word' id='word_1_289' title='bbox 453 1551 660 1590; x_wconf 86' lang='lat' dir='ltr'>rationibus</span> <span class='ocrx_word' id='word_1_290' title='bbox 673 1550 818 1588; x_wconf 87' lang='lat' dir='ltr'>efficere</span> <span class='ocrx_word' id='word_1_291' title='bbox 829 1551 971 1603; x_wconf 78' lang='lat' dir='ltr'>poffent</span> <span class='ocrx_word' id='word_1_292' title='bbox 982 1580 991 1595; x_wconf 90' lang='lat'>,</span> <span class='ocrx_word' id='word_1_293' title='bbox 1010 1553 1110 1589; x_wconf 86' lang='lat' dir='ltr'>uti&amp;</span> <span class='ocrx_word' id='word_1_294' title='bbox 1122 1552 1168 1589; x_wconf 89' lang='lat' dir='ltr'>ad</span> <span class='ocrx_word' id='word_1_295' title='bbox 1189 1564 1286 1589; x_wconf 89' lang='lat' dir='ltr'>onus</span> <span class='ocrx_word' id='word_1_296' title='bbox 1297 1551 1496 1589; x_wconf 88' lang='lat' dir='ltr'>ferendum</span> <span class='ocrx_word' id='word_1_297' title='bbox 1509 1549 1774 1588; x_wconf 81' lang='lat' dir='ltr'>effentidoneae</span> <span class='ocrx_word' id='word_1_298' title='bbox 1786 1581 1796 1596; x_wconf 94' lang='lat'><em>,</em></span> <span class='ocrx_word' id='word_1_299' title='bbox 1814 1551 1851 1588; x_wconf 74' lang='grc' dir='ltr'>δε</span> <span class='ocrx_word' id='word_1_300' title='bbox 1861 1554 1901 1588; x_wconf 87' lang='lat' dir='ltr'>in</span> 
     </span>
     <span class='ocr_line' id='line_1_29' title="bbox 311 1605 1937 1661; baseline 0.001 -18"><span class='ocrx_word' id='word_1_301' title='bbox 311 1607 456 1657; x_wconf 59' lang='lat' dir='ltr'>aspectu</span> <span class='ocrx_word' id='word_1_302' title='bbox 467 1608 663 1659; x_wconf 88' lang='lat' dir='ltr'>probatam</span> <span class='ocrx_word' id='word_1_303' title='bbox 674 1607 852 1644; x_wconf 86' lang='lat' dir='ltr'>haberent</span> <span class='ocrx_word' id='word_1_304' title='bbox 861 1606 1106 1645; x_wconf 87' lang='lat' dir='ltr'>venustatem:</span> <span class='ocrx_word' id='word_1_305' title='bbox 1127 1607 1281 1645; x_wconf 86' lang='lat' dir='ltr'>dimensi</span> <span class='ocrx_word' id='word_1_306' title='bbox 1292 1605 1371 1644; x_wconf 90' lang='lat' dir='ltr'>sunt</span> <span class='ocrx_word' id='word_1_307' title='bbox 1380 1608 1490 1646; x_wconf 87' lang='lat' dir='ltr'>virilis</span> <span class='ocrx_word' id='word_1_308' title='bbox 1507 1606 1609 1657; x_wconf 87' lang='lat' dir='ltr'>pedis</span> <span class='ocrx_word' id='word_1_309' title='bbox 1621 1606 1818 1656; x_wconf 84' lang='lat' dir='ltr'>vestigium</span> <span class='ocrx_word' id='word_1_310' title='bbox 1831 1633 1838 1647; x_wconf 88' lang='lat'>‚</span> <span class='ocrx_word' id='word_1_311' title='bbox 1861 1609 1901 1645; x_wconf 69' lang='lat' dir='ltr'>&lt;Sc</span> <span class='ocrx_word' id='word_1_312' title='bbox 1936 1658 1937 1661; x_wconf 11' lang='grc' dir='ltr'><strong>Ἴ</strong></span> 
     </span>
     <span class='ocr_line' id='line_1_30' title="bbox 314 1661 1900 1713; baseline 0.001 -14"><span class='ocrx_word' id='word_1_313' title='bbox 314 1674 402 1700; x_wconf 91' lang='lat' dir='ltr'>curri</span> <span class='ocrx_word' id='word_1_314' title='bbox 414 1662 626 1700; x_wconf 74' lang='lat' dir='ltr'>inveniss&#39;ent</span> <span class='ocrx_word' id='word_1_315' title='bbox 637 1662 773 1713; x_wconf 89' lang='lat' dir='ltr'>pedem</span> <span class='ocrx_word' id='word_1_316' title='bbox 793 1661 931 1699; x_wconf 85' lang='lat' dir='ltr'>sextam</span> <span class='ocrx_word' id='word_1_317' title='bbox 948 1673 1089 1713; x_wconf 87' lang='lat' dir='ltr'>partem</span> <span class='ocrx_word' id='word_1_318' title='bbox 1099 1662 1166 1700; x_wconf 76' lang='lat' dir='ltr'>ess&#39;e</span> <span class='ocrx_word' id='word_1_319' title='bbox 1175 1663 1375 1700; x_wconf 88' lang='lat' dir='ltr'>altitudinis</span> <span class='ocrx_word' id='word_1_320' title='bbox 1394 1664 1432 1700; x_wconf 92' lang='lat' dir='ltr'>in</span> <span class='ocrx_word' id='word_1_321' title='bbox 1443 1662 1600 1700; x_wconf 88' lang='lat' dir='ltr'>homine</span> <span class='ocrx_word' id='word_1_322' title='bbox 1612 1691 1622 1706; x_wconf 89' lang='lat'>,</span> <span class='ocrx_word' id='word_1_323' title='bbox 1641 1663 1692 1699; x_wconf 91' lang='lat' dir='ltr'>ita</span> <span class='ocrx_word' id='word_1_324' title='bbox 1706 1664 1744 1699; x_wconf 91' lang='lat' dir='ltr'>in</span> <span class='ocrx_word' id='word_1_325' title='bbox 1754 1663 1900 1700; x_wconf 88' lang='lat' dir='ltr'>colum-</span> 
     </span>
     <span class='ocr_line' id='line_1_31' title="bbox 311 1716 1900 1768; baseline 0 -14"><span class='ocrx_word' id='word_1_326' title='bbox 311 1729 398 1755; x_wconf 86' lang='lat' dir='ltr'>nam</span> <span class='ocrx_word' id='word_1_327' title='bbox 410 1718 685 1755; x_wconf 87' lang='lat' dir='ltr'>transtulerunt:</span> <span class='ocrx_word' id='word_1_328' title='bbox 708 1719 746 1755; x_wconf 69' lang='grc' dir='ltr'>δε</span> <span class='ocrx_word' id='word_1_329' title='bbox 756 1730 829 1768; x_wconf 89' lang='lat' dir='ltr'>qua</span> <span class='ocrx_word' id='word_1_330' title='bbox 840 1717 1076 1756; x_wconf 71' lang='lat' dir='ltr'>crassitudine</span> <span class='ocrx_word' id='word_1_331' title='bbox 1086 1718 1255 1756; x_wconf 88' lang='lat' dir='ltr'>fecerunt</span> <span class='ocrx_word' id='word_1_332' title='bbox 1266 1722 1323 1764; x_wconf 85' lang='lat' dir='ltr'>[e]</span> <span class='ocrx_word' id='word_1_333' title='bbox 1337 1718 1452 1755; x_wconf 79' lang='lat' dir='ltr'>basim</span> <span class='ocrx_word' id='word_1_334' title='bbox 1465 1717 1581 1768; x_wconf 81' lang='lat' dir='ltr'>scapi,</span> <span class='ocrx_word' id='word_1_335' title='bbox 1597 1727 1742 1755; x_wconf 87' lang='lat' dir='ltr'>tantum</span> <span class='ocrx_word' id='word_1_336' title='bbox 1753 1729 1837 1756; x_wconf 88' lang='lat' dir='ltr'>eam</span> <span class='ocrx_word' id='word_1_337' title='bbox 1848 1716 1900 1754; x_wconf 90' lang='lat' dir='ltr'>se-</span> 
     </span>
     <span class='ocr_line' id='line_1_32' title="bbox 311 1773 1898 1824; baseline -0.001 -15"><span class='ocrx_word' id='word_1_338' title='bbox 311 1774 388 1809; x_wconf 79' lang='lat' dir='ltr'>xies</span> <span class='ocrx_word' id='word_1_339' title='bbox 407 1784 495 1810; x_wconf 88' lang='lat' dir='ltr'>cum</span> <span class='ocrx_word' id='word_1_340' title='bbox 515 1774 678 1823; x_wconf 84' lang='lat' dir='ltr'>capitulo</span> <span class='ocrx_word' id='word_1_341' title='bbox 698 1775 737 1810; x_wconf 90' lang='lat' dir='ltr'>in</span> <span class='ocrx_word' id='word_1_342' title='bbox 755 1774 993 1811; x_wconf 88' lang='lat' dir='ltr'>altitudinem</span> <span class='ocrx_word' id='word_1_343' title='bbox 1013 1775 1230 1812; x_wconf 85' lang='lat' dir='ltr'>extulerunt.</span> <span class='ocrx_word' id='word_1_344' title='bbox 1261 1773 1334 1824; x_wconf 90' lang='lat' dir='ltr'>[f]</span> <span class='ocrx_word' id='word_1_345' title='bbox 1354 1775 1406 1811; x_wconf 83' lang='lat' dir='ltr'>Ita</span> <span class='ocrx_word' id='word_1_346' title='bbox 1424 1774 1569 1811; x_wconf 86' lang='lat' dir='ltr'>Dorica</span> <span class='ocrx_word' id='word_1_347' title='bbox 1589 1774 1764 1810; x_wconf 88' lang='lat' dir='ltr'>columna</span> <span class='ocrx_word' id='word_1_348' title='bbox 1784 1773 1898 1811; x_wconf 87' lang='lat' dir='ltr'>virilis</span> 
     </span>
     <span class='ocr_line' id='line_1_33' title="bbox 311 1827 1897 1879; baseline 0.001 -15"><span class='ocrx_word' id='word_1_349' title='bbox 311 1830 480 1878; x_wconf 88' lang='lat' dir='ltr'>corporis</span> <span class='ocrx_word' id='word_1_350' title='bbox 492 1828 781 1879; x_wconf 89' lang='lat' dir='ltr'>proportionem</span> <span class='ocrx_word' id='word_1_351' title='bbox 794 1854 802 1868; x_wconf 92' lang='lat'>‚</span> <span class='ocrx_word' id='word_1_352' title='bbox 827 1829 864 1865; x_wconf 65' lang='grc' dir='ltr'>ὃς</span> <span class='ocrx_word' id='word_1_353' title='bbox 874 1829 1091 1867; x_wconf 85' lang='lat' dir='ltr'>firmitatem</span> <span class='ocrx_word' id='word_1_354' title='bbox 1110 1828 1147 1866; x_wconf 88' lang='lat'>&amp;</span> <span class='ocrx_word' id='word_1_355' title='bbox 1166 1829 1393 1867; x_wconf 88' lang='lat' dir='ltr'>venustatem</span> <span class='ocrx_word' id='word_1_356' title='bbox 1410 1830 1448 1864; x_wconf 92' lang='lat' dir='ltr'>in</span> <span class='ocrx_word' id='word_1_357' title='bbox 1459 1827 1622 1865; x_wconf 80' lang='lat' dir='ltr'>aedificiis</span> <span class='ocrx_word' id='word_1_358' title='bbox 1632 1827 1795 1876; x_wconf 80' lang='lat' dir='ltr'>praestare</span> <span class='ocrx_word' id='word_1_359' title='bbox 1815 1840 1897 1865; x_wconf 86' lang='lat' dir='ltr'>coe-</span> 
     </span>
     <span class='ocr_line' id='line_1_34' title="bbox 309 1883 1897 1934; baseline 0 -15"><span class='ocrx_word' id='word_1_360' title='bbox 309 1885 375 1934; x_wconf 90' lang='lat' dir='ltr'>pit.</span> <span class='ocrx_word' id='word_1_361' title='bbox 406 1884 497 1920; x_wconf 88' lang='lat' dir='ltr'>Item</span> <span class='ocrx_word' id='word_1_362' title='bbox 507 1883 634 1933; x_wconf 87' lang='lat' dir='ltr'>postea</span> <span class='ocrx_word' id='word_1_363' title='bbox 646 1884 776 1920; x_wconf 85' lang='lat' dir='ltr'>Dianae</span> <span class='ocrx_word' id='word_1_364' title='bbox 790 1883 1014 1920; x_wconf 88' lang='lat' dir='ltr'>constituere</span> <span class='ocrx_word' id='word_1_365' title='bbox 1025 1884 1141 1921; x_wconf 78' lang='lat' dir='ltr'>aedem</span> <span class='ocrx_word' id='word_1_366' title='bbox 1155 1894 1358 1933; x_wconf 68' lang='lat' dir='ltr'>quaerentes</span> <span class='ocrx_word' id='word_1_367' title='bbox 1370 1912 1380 1928; x_wconf 89' lang='lat'>,</span> <span class='ocrx_word' id='word_1_368' title='bbox 1400 1884 1490 1921; x_wconf 91' lang='lat' dir='ltr'>novi</span> <span class='ocrx_word' id='word_1_369' title='bbox 1502 1883 1642 1932; x_wconf 79' lang='lat' dir='ltr'>generis</span> <span class='ocrx_word' id='word_1_370' title='bbox 1654 1884 1826 1933; x_wconf 83' lang='lat' dir='ltr'>speciem,</span> <span class='ocrx_word' id='word_1_371' title='bbox 1840 1883 1897 1919; x_wconf 87' lang='lat' dir='ltr'>iis-</span> 
     </span>
     <span class='ocr_line' id='line_1_35' title="bbox 311 1937 1897 1988; baseline 0 -12"><span class='ocrx_word' id='word_1_372' title='bbox 311 1939 398 1976; x_wconf 90' lang='lat' dir='ltr'>dem</span> <span class='ocrx_word' id='word_1_373' title='bbox 410 1938 586 1988; x_wconf 81' lang='lat' dir='ltr'>vestigiis‚</span> <span class='ocrx_word' id='word_1_374' title='bbox 609 1937 653 1974; x_wconf 90' lang='lat' dir='ltr'>ad</span> <span class='ocrx_word' id='word_1_375' title='bbox 663 1938 885 1975; x_wconf 89' lang='lat' dir='ltr'>muliebrem</span> <span class='ocrx_word' id='word_1_376' title='bbox 895 1938 1153 1975; x_wconf 88' lang='lat' dir='ltr'>transtulerunt</span> <span class='ocrx_word' id='word_1_377' title='bbox 1162 1940 1421 1988; x_wconf 84' lang='lat' dir='ltr'>gracilitatem:</span> <span class='ocrx_word' id='word_1_378' title='bbox 1435 1940 1471 1975; x_wconf 88' lang='lat'>&amp;</span> <span class='ocrx_word' id='word_1_379' title='bbox 1482 1937 1647 1974; x_wconf 89' lang='lat' dir='ltr'>fecerunt</span> <span class='ocrx_word' id='word_1_380' title='bbox 1655 1941 1820 1988; x_wconf 88' lang='lat' dir='ltr'>primum</span> <span class='ocrx_word' id='word_1_381' title='bbox 1833 1951 1897 1976; x_wconf 90' lang='lat' dir='ltr'>co-</span> 
     </span>
    </p>
   </div>
   <div class='ocr_carea' id='block_1_4' title="bbox 308 1992 1899 2088">
    <p class='ocr_par' dir='ltr' id='par_1_4' title="bbox 308 1992 1899 2088">
     <span class='ocr_line' id='line_1_36' title="bbox 308 1992 1898 2045; baseline 0.001 -15"><span class='ocrx_word' id='word_1_382' title='bbox 308 1995 447 2032; x_wconf 84' lang='lat' dir='ltr'>lumnae</span> <span class='ocrx_word' id='word_1_383' title='bbox 459 1992 732 2032; x_wconf 75' lang='lat' dir='ltr'>crassitudinem</span> <span class='ocrx_word' id='word_1_384' title='bbox 742 1993 940 2031; x_wconf 81' lang='lat' dir='ltr'>altitudinis</span> <span class='ocrx_word' id='word_1_385' title='bbox 951 1994 1080 2031; x_wconf 62' lang='lat' dir='ltr'>octava</span> <span class='ocrx_word' id='word_1_386' title='bbox 1091 2004 1191 2043; x_wconf 83' lang='lat' dir='ltr'>parte</span> <span class='ocrx_word' id='word_1_387' title='bbox 1204 2009 1211 2031; x_wconf 81' lang='lat' dir='ltr'><em>z</em></span> <span class='ocrx_word' id='word_1_388' title='bbox 1229 2004 1269 2031; x_wconf 87' lang='lat' dir='ltr'>ut</span> <span class='ocrx_word' id='word_1_389' title='bbox 1279 1993 1457 2032; x_wconf 85' lang='lat' dir='ltr'>haberent</span> <span class='ocrx_word' id='word_1_390' title='bbox 1467 1993 1629 2045; x_wconf 88' lang='lat' dir='ltr'>speciem</span> <span class='ocrx_word' id='word_1_391' title='bbox 1643 1994 1898 2040; x_wconf 82' lang='lat' dir='ltr'>excelsiorem,</span> 
     </span>
     <span class='ocr_line' id='line_1_37' title="bbox 1825 2050 1899 2088; baseline 0.014 -1"><span class='ocrx_word' id='word_1_392' title='bbox 1825 2050 1899 2088; x_wconf 90' lang='lat' dir='ltr'>basi</span> 
     </span>
    </p>
   </div>
   <div class='ocr_carea' id='block_1_5' title="bbox 295 2131 1898 3062">
    <p class='ocr_par' dir='ltr' id='par_1_5' title="bbox 348 2131 1898 2495">
     <span class='ocr_line' id='line_1_38' title="bbox 349 2131 1898 2172; baseline 0.002 -13"><span class='ocrx_word' id='word_1_393' title='bbox 349 2133 390 2171; x_wconf 80' lang='lat' dir='ltr'>gis</span> <span class='ocrx_word' id='word_1_394' title='bbox 399 2132 494 2159; x_wconf 84' lang='lat' dir='ltr'>rationi</span> <span class='ocrx_word' id='word_1_395' title='bbox 505 2131 711 2160; x_wconf 83' lang='lat' dir='ltr'>consentancum</span> <span class='ocrx_word' id='word_1_396' title='bbox 723 2131 860 2161; x_wconf 82' lang='lat' dir='ltr'>videbatur</span> <span class='ocrx_word' id='word_1_397' title='bbox 872 2153 878 2164; x_wconf 89' lang='lat'>,</span> <span class='ocrx_word' id='word_1_398' title='bbox 898 2142 960 2161; x_wconf 88' lang='lat' dir='ltr'>cum</span> <span class='ocrx_word' id='word_1_399' title='bbox 972 2131 1087 2161; x_wconf 75' lang='lat' dir='ltr'>reserant</span> <span class='ocrx_word' id='word_1_400' title='bbox 1106 2134 1285 2163; x_wconf 83' lang='lat' dir='ltr'>canteriorum</span> <span class='ocrx_word' id='word_1_401' title='bbox 1295 2135 1382 2172; x_wconf 80' lang='lat' dir='ltr'>capita</span> <span class='ocrx_word' id='word_1_402' title='bbox 1394 2155 1400 2166; x_wconf 85' lang='lat'>,</span> <span class='ocrx_word' id='word_1_403' title='bbox 1417 2134 1486 2162; x_wconf 89' lang='lat' dir='ltr'>unde</span> <span class='ocrx_word' id='word_1_404' title='bbox 1499 2133 1658 2162; x_wconf 84' lang='lat' dir='ltr'>stillicidium</span> <span class='ocrx_word' id='word_1_405' title='bbox 1667 2132 1725 2161; x_wconf 83' lang='lat' dir='ltr'>fieri</span> <span class='ocrx_word' id='word_1_406' title='bbox 1735 2142 1841 2161; x_wconf 83' lang='lat' dir='ltr'>certum</span> <span class='ocrx_word' id='word_1_407' title='bbox 1852 2135 1898 2165; x_wconf 83' lang='lat' dir='ltr'>est.</span> 
     </span>
     <span class='ocr_line' id='line_1_39' title="bbox 350 2171 1898 2218; baseline 0.002 -19"><span class='ocrx_word' id='word_1_408' title='bbox 350 2171 480 2211; x_wconf 73' lang='lat' dir='ltr'>triglyphi</span> <span class='ocrx_word' id='word_1_409' title='bbox 492 2182 555 2200; x_wconf 85' lang='lat' dir='ltr'>vero</span> <span class='ocrx_word' id='word_1_410' title='bbox 565 2174 715 2218; x_wconf 68' lang='lat' dir='ltr'>tignorum.</span> <span class='ocrx_word' id='word_1_411' title='bbox 738 2173 767 2201; x_wconf 87' lang='lat' dir='ltr'>Id</span> <span class='ocrx_word' id='word_1_412' title='bbox 779 2184 809 2201; x_wconf 87' lang='lat' dir='ltr'>ex</span> <span class='ocrx_word' id='word_1_413' title='bbox 820 2173 1013 2201; x_wconf 80' lang='lat' dir='ltr'>recentioribus</span> <span class='ocrx_word' id='word_1_414' title='bbox 1031 2174 1212 2209; x_wconf 66' lang='lat' dir='ltr'>Balthafizrem</span> <span class='ocrx_word' id='word_1_415' title='bbox 1229 2176 1356 2212; x_wconf 60' lang='lat' dir='ltr'>§mensem</span> <span class='ocrx_word' id='word_1_416' title='bbox 1364 2171 1452 2203; x_wconf 79' lang='lat' dir='ltr'>feciffe</span> <span class='ocrx_word' id='word_1_417' title='bbox 1462 2175 1646 2202; x_wconf 84' lang='lat' dir='ltr'>animadverto</span> <span class='ocrx_word' id='word_1_418' title='bbox 1658 2194 1664 2204; x_wconf 83' lang='grc'><strong><em>,</em></strong></span> <span class='ocrx_word' id='word_1_419' title='bbox 1679 2173 1720 2202; x_wconf 79' lang='lat' dir='ltr'>sed</span> <span class='ocrx_word' id='word_1_420' title='bbox 1731 2183 1838 2202; x_wconf 83' lang='lat' dir='ltr'>eatenus</span> <span class='ocrx_word' id='word_1_421' title='bbox 1853 2195 1860 2208; x_wconf 90' lang='lat'>,</span> <span class='ocrx_word' id='word_1_422' title='bbox 1879 2174 1898 2202; x_wconf 78' lang='lat' dir='ltr'>fi</span> 
     </span>
     <span class='ocr_line' id='line_1_40' title="bbox 350 2211 1898 2253; baseline 0.002 -14"><span class='ocrx_word' id='word_1_423' title='bbox 350 2211 549 2251; x_wconf 78' lang='lat' dir='ltr'>triglyphorum</span> <span class='ocrx_word' id='word_1_424' title='bbox 559 2211 622 2240; x_wconf 83' lang='lat' dir='ltr'>esset</span> <span class='ocrx_word' id='word_1_425' title='bbox 632 2213 705 2241; x_wconf 89' lang='lat' dir='ltr'>loco.</span> <span class='ocrx_word' id='word_1_426' title='bbox 715 2213 831 2242; x_wconf 81' lang='lat' dir='ltr'>Alterius</span> <span class='ocrx_word' id='word_1_427' title='bbox 841 2214 912 2243; x_wconf 87' lang='lat' dir='ltr'>enim</span> <span class='ocrx_word' id='word_1_428' title='bbox 923 2215 1027 2253; x_wconf 80' lang='lat' dir='ltr'>generis</span> <span class='ocrx_word' id='word_1_429' title='bbox 1038 2214 1095 2242; x_wconf 85' lang='lat' dir='ltr'>sunt</span> <span class='ocrx_word' id='word_1_430' title='bbox 1108 2215 1212 2247; x_wconf 85' lang='lat' dir='ltr'>mutuli,</span> <span class='ocrx_word' id='word_1_431' title='bbox 1225 2225 1292 2253; x_wconf 84' lang='lat' dir='ltr'>quos</span> <span class='ocrx_word' id='word_1_432' title='bbox 1302 2217 1327 2242; x_wconf 90' lang='lat' dir='ltr'>iu</span> <span class='ocrx_word' id='word_1_433' title='bbox 1339 2216 1393 2243; x_wconf 72' lang='lat' dir='ltr'>atde</span> <span class='ocrx_word' id='word_1_434' title='bbox 1402 2217 1559 2244; x_wconf 56' lang='lat' dir='ltr'>Sanffiiorum</span> <span class='ocrx_word' id='word_1_435' title='bbox 1572 2223 1685 2253; x_wconf 83' lang='lat' dir='ltr'>quatuor</span> <span class='ocrx_word' id='word_1_436' title='bbox 1695 2224 1898 2245; x_wconf 79' lang='lat' dir='ltr'>coronatorum,</span> 
     </span>
     <span class='ocr_line' id='line_1_41' title="bbox 351 2252 1897 2295; baseline 0.003 -17"><span class='ocrx_word' id='word_1_437' title='bbox 351 2253 377 2279; x_wconf 83' lang='lat' dir='ltr'>in</span> <span class='ocrx_word' id='word_1_438' title='bbox 387 2252 471 2279; x_wconf 77' lang='lat' dir='ltr'>Coelii</span> <span class='ocrx_word' id='word_1_439' title='bbox 491 2254 591 2281; x_wconf 83' lang='lat' dir='ltr'>montis</span> <span class='ocrx_word' id='word_1_440' title='bbox 601 2262 673 2291; x_wconf 82' lang='lat' dir='ltr'>parte</span> <span class='ocrx_word' id='word_1_441' title='bbox 685 2253 745 2287; x_wconf 78' lang='lat' dir='ltr'>&lt;ubi</span> <span class='ocrx_word' id='word_1_442' title='bbox 756 2255 836 2282; x_wconf 81' lang='lat' dir='ltr'>castra</span> <span class='ocrx_word' id='word_1_443' title='bbox 846 2256 984 2293; x_wconf 80' lang='lat' dir='ltr'>peregrina</span> <span class='ocrx_word' id='word_1_444' title='bbox 998 2256 1148 2295; x_wconf 79' lang='lat' dir='ltr'>Augustum</span> <span class='ocrx_word' id='word_1_445' title='bbox 1159 2253 1321 2284; x_wconf 83' lang='lat' dir='ltr'>constituisse</span> <span class='ocrx_word' id='word_1_446' title='bbox 1333 2256 1449 2294; x_wconf 82' lang='lat' dir='ltr'>plerique</span> <span class='ocrx_word' id='word_1_447' title='bbox 1466 2266 1560 2284; x_wconf 79' lang='lat' dir='ltr'>omnes</span> <span class='ocrx_word' id='word_1_448' title='bbox 1571 2254 1754 2289; x_wconf 86' lang='lat' dir='ltr'>consentiunt)</span> <span class='ocrx_word' id='word_1_449' title='bbox 1773 2255 1897 2282; x_wconf 86' lang='lat' dir='ltr'>vidimus.</span> 
     </span>
     <span class='ocr_line' id='line_1_42' title="bbox 348 2292 1897 2335; baseline 0.001 -16"><span class='ocrx_word' id='word_1_450' title='bbox 348 2295 473 2330; x_wconf 79' lang='lat' dir='ltr'>Namque</span> <span class='ocrx_word' id='word_1_451' title='bbox 493 2302 578 2332; x_wconf 82' lang='lat' dir='ltr'>gutta:</span> <span class='ocrx_word' id='word_1_452' title='bbox 590 2293 631 2321; x_wconf 82' lang='lat' dir='ltr'>sex</span> <span class='ocrx_word' id='word_1_453' title='bbox 652 2295 678 2322; x_wconf 90' lang='lat' dir='ltr'>in</span> <span class='ocrx_word' id='word_1_454' title='bbox 688 2292 776 2323; x_wconf 88' lang='lat' dir='ltr'>fronte</span> <span class='ocrx_word' id='word_1_455' title='bbox 787 2295 954 2333; x_wconf 86' lang='lat' dir='ltr'>propendent</span> <span class='ocrx_word' id='word_1_456' title='bbox 966 2316 972 2325; x_wconf 89' lang='lat'>.</span> <span class='ocrx_word' id='word_1_457' title='bbox 996 2294 1085 2323; x_wconf 86' lang='lat' dir='ltr'>subtus</span> <span class='ocrx_word' id='word_1_458' title='bbox 1103 2305 1167 2324; x_wconf 87' lang='lat' dir='ltr'>vero</span> <span class='ocrx_word' id='word_1_459' title='bbox 1187 2306 1232 2334; x_wconf 83' lang='lat' dir='ltr'>per</span> <span class='ocrx_word' id='word_1_460' title='bbox 1241 2296 1409 2325; x_wconf 83' lang='lat' dir='ltr'>latitudinem</span> <span class='ocrx_word' id='word_1_461' title='bbox 1421 2296 1462 2324; x_wconf 88' lang='lat' dir='ltr'>sex</span> <span class='ocrx_word' id='word_1_462' title='bbox 1473 2317 1479 2327; x_wconf 94' lang='lat'><em>,</em></span> <span class='ocrx_word' id='word_1_463' title='bbox 1499 2307 1544 2335; x_wconf 86' lang='lat' dir='ltr'>per</span> <span class='ocrx_word' id='word_1_464' title='bbox 1562 2295 1757 2334; x_wconf 84' lang='lat' dir='ltr'>longitudinem</span> <span class='ocrx_word' id='word_1_465' title='bbox 1769 2295 1897 2333; x_wconf 86' lang='lat' dir='ltr'>quinque.</span> 
     </span>
     <span class='ocr_line' id='line_1_43' title="bbox 349 2333 1898 2376; baseline 0.001 -16"><span class='ocrx_word' id='word_1_466' title='bbox 349 2333 566 2361; x_wconf 71' lang='lat' dir='ltr'>Praetereundum</span> <span class='ocrx_word' id='word_1_467' title='bbox 578 2334 678 2362; x_wconf 81' lang='lat' dir='ltr'>&amp;illud</span> <span class='ocrx_word' id='word_1_468' title='bbox 689 2345 742 2362; x_wconf 86' lang='lat' dir='ltr'>nori</span> <span class='ocrx_word' id='word_1_469' title='bbox 753 2336 798 2366; x_wconf 87' lang='lat' dir='ltr'>est,</span> <span class='ocrx_word' id='word_1_470' title='bbox 810 2340 979 2363; x_wconf 79' lang='lat' dir='ltr'>Bramantem</span> <span class='ocrx_word' id='word_1_471' title='bbox 990 2336 1016 2363; x_wconf 87' lang='lat' dir='ltr'>in</span> <span class='ocrx_word' id='word_1_472' title='bbox 1024 2335 1205 2364; x_wconf 80' lang='lat' dir='ltr'>ambulatione</span> <span class='ocrx_word' id='word_1_473' title='bbox 1213 2337 1383 2369; x_wconf 75' lang='lat' dir='ltr'>Vaticana‚id</span> <span class='ocrx_word' id='word_1_474' title='bbox 1392 2338 1436 2369; x_wconf 82' lang='lat' dir='ltr'>est,</span> <span class='ocrx_word' id='word_1_475' title='bbox 1448 2337 1575 2376; x_wconf 60' lang='lat' dir='ltr'>producia</span> <span class='ocrx_word' id='word_1_476' title='bbox 1594 2336 1637 2363; x_wconf 77' lang='lat' dir='ltr'>illa</span> <span class='ocrx_word' id='word_1_477' title='bbox 1646 2336 1719 2362; x_wconf 78' lang='lat' dir='ltr'>Max.</span> <span class='ocrx_word' id='word_1_478' title='bbox 1731 2334 1898 2363; x_wconf 83' lang='lat' dir='ltr'>Pontificum</span> 
     </span>
     <span class='ocr_line' id='line_1_44' title="bbox 348 2373 1898 2415; baseline 0.002 -14"><span class='ocrx_word' id='word_1_479' title='bbox 348 2374 464 2411; x_wconf 85' lang='lat' dir='ltr'>porticu,</span> <span class='ocrx_word' id='word_1_480' title='bbox 475 2374 550 2411; x_wconf 75' lang='lat' dir='ltr'>supra</span> <span class='ocrx_word' id='word_1_481' title='bbox 557 2374 708 2414; x_wconf 78' lang='lat' dir='ltr'>triglyphos</span> <span class='ocrx_word' id='word_1_482' title='bbox 717 2373 828 2413; x_wconf 72' lang='lat' dir='ltr'>posuisse</span> <span class='ocrx_word' id='word_1_483' title='bbox 838 2376 966 2403; x_wconf 85' lang='lat' dir='ltr'>mutulos.</span> <span class='ocrx_word' id='word_1_484' title='bbox 989 2377 1074 2414; x_wconf 82' lang='lat' dir='ltr'>Qod</span> <span class='ocrx_word' id='word_1_485' title='bbox 1086 2387 1148 2404; x_wconf 85' lang='lat' dir='ltr'>vero</span> <span class='ocrx_word' id='word_1_486' title='bbox 1160 2377 1191 2405; x_wconf 87' lang='lat' dir='ltr'>ad</span> <span class='ocrx_word' id='word_1_487' title='bbox 1203 2377 1368 2405; x_wconf 90' lang='lat' dir='ltr'>mutulorum</span> <span class='ocrx_word' id='word_1_488' title='bbox 1379 2387 1476 2405; x_wconf 89' lang='lat' dir='ltr'>vocem</span> <span class='ocrx_word' id='word_1_489' title='bbox 1487 2379 1583 2405; x_wconf 75' lang='lat' dir='ltr'>attinet</span> <span class='ocrx_word' id='word_1_490' title='bbox 1594 2398 1599 2407; x_wconf 87' lang='lat'><em>,</em></span> <span class='ocrx_word' id='word_1_491' title='bbox 1610 2375 1744 2403; x_wconf 86' lang='lat' dir='ltr'>sciendum</span> <span class='ocrx_word' id='word_1_492' title='bbox 1756 2376 1798 2406; x_wconf 82' lang='lat' dir='ltr'>est.</span> <span class='ocrx_word' id='word_1_493' title='bbox 1811 2377 1898 2415; x_wconf 76' lang='lat' dir='ltr'>Sylla-</span> 
     </span>
     <span class='ocr_line' id='line_1_45' title="bbox 350 2413 1894 2456; baseline 0.003 -15"><span class='ocrx_word' id='word_1_494' title='bbox 350 2413 410 2442; x_wconf 72' lang='lat' dir='ltr'>bam</span> <span class='ocrx_word' id='word_1_495' title='bbox 421 2413 560 2442; x_wconf 83' lang='lat' dir='ltr'>secundam</span> <span class='ocrx_word' id='word_1_496' title='bbox 571 2424 624 2441; x_wconf 87' lang='lat' dir='ltr'>non</span> <span class='ocrx_word' id='word_1_497' title='bbox 634 2424 678 2452; x_wconf 87' lang='lat' dir='ltr'>per</span> <span class='ocrx_word' id='word_1_498' title='bbox 689 2415 797 2443; x_wconf 82' lang='lat' dir='ltr'>tertiam</span> <span class='ocrx_word' id='word_1_499' title='bbox 809 2416 930 2444; x_wconf 79' lang='lat' dir='ltr'>vocalem</span> <span class='ocrx_word' id='word_1_500' title='bbox 938 2416 1017 2444; x_wconf 85' lang='lat' dir='ltr'>scribi</span> <span class='ocrx_word' id='word_1_501' title='bbox 1026 2426 1161 2456; x_wconf 84' lang='lat' dir='ltr'>oportere,</span> <span class='ocrx_word' id='word_1_502' title='bbox 1171 2419 1209 2446; x_wconf 90' lang='lat' dir='ltr'>uti</span> <span class='ocrx_word' id='word_1_503' title='bbox 1220 2419 1245 2445; x_wconf 91' lang='lat' dir='ltr'>in</span> <span class='ocrx_word' id='word_1_504' title='bbox 1257 2418 1349 2445; x_wconf 85' lang='lat' dir='ltr'>nostris</span> <span class='ocrx_word' id='word_1_505' title='bbox 1362 2417 1499 2445; x_wconf 87' lang='lat' dir='ltr'>codicibus</span> <span class='ocrx_word' id='word_1_506' title='bbox 1510 2415 1692 2456; x_wconf 83' lang='lat' dir='ltr'>reperitur,sed</span> <span class='ocrx_word' id='word_1_507' title='bbox 1704 2427 1749 2455; x_wconf 88' lang='lat' dir='ltr'>per</span> <span class='ocrx_word' id='word_1_508' title='bbox 1760 2416 1894 2445; x_wconf 84' lang='lat' dir='ltr'>ultimam.</span> 
     </span>
     <span class='ocr_line' id='line_1_46' title="bbox 351 2453 1791 2495; baseline 0.001 -13"><span class='ocrx_word' id='word_1_509' title='bbox 351 2454 434 2490; x_wconf 86' lang='lat' dir='ltr'>Cujus</span> <span class='ocrx_word' id='word_1_510' title='bbox 443 2455 479 2482; x_wconf 87' lang='lat' dir='ltr'>rei</span> <span class='ocrx_word' id='word_1_511' title='bbox 490 2453 568 2482; x_wconf 84' lang='lat' dir='ltr'>fidem</span> <span class='ocrx_word' id='word_1_512' title='bbox 578 2453 680 2483; x_wconf 76' lang='lat' dir='ltr'>faciunt</span> <span class='ocrx_word' id='word_1_513' title='bbox 691 2464 793 2484; x_wconf 87' lang='lat' dir='ltr'>veteres</span> <span class='ocrx_word' id='word_1_514' title='bbox 804 2455 864 2484; x_wconf 87' lang='lat' dir='ltr'>libri</span> <span class='ocrx_word' id='word_1_515' title='bbox 875 2460 900 2484; x_wconf 69' lang='grc' dir='ltr'>δε</span> <span class='ocrx_word' id='word_1_516' title='bbox 908 2458 1052 2485; x_wconf 77' lang='lat' dir='ltr'>Puteolana</span> <span class='ocrx_word' id='word_1_517' title='bbox 1062 2458 1102 2485; x_wconf 87' lang='lat' dir='ltr'>lex</span> <span class='ocrx_word' id='word_1_518' title='bbox 1117 2458 1345 2488; x_wconf 68' lang='lat' dir='ltr'>Architccionica.</span> <span class='ocrx_word' id='word_1_519' title='bbox 1355 2467 1433 2495; x_wconf 78' lang='lat' dir='ltr'>quarn</span> <span class='ocrx_word' id='word_1_520' title='bbox 1444 2458 1515 2495; x_wconf 62' lang='lat' dir='ltr'>leges</span> <span class='ocrx_word' id='word_1_521' title='bbox 1526 2458 1600 2492; x_wconf 78' lang='lat' dir='ltr'>hujus</span> <span class='ocrx_word' id='word_1_522' title='bbox 1612 2456 1672 2484; x_wconf 88' lang='lat' dir='ltr'>libri</span> <span class='ocrx_word' id='word_1_523' title='bbox 1683 2467 1740 2495; x_wconf 83' lang='lat' dir='ltr'>cap.</span> <span class='ocrx_word' id='word_1_524' title='bbox 1752 2467 1791 2484; x_wconf 87' lang='lat' dir='ltr'>vi.</span> 
     </span>
    </p>

    <p class='ocr_par' dir='ltr' id='par_1_6' title="bbox 311 2491 1896 2618">
     <span class='ocr_line' id='line_1_47' title="bbox 311 2491 1896 2538; baseline 0.002 -16"><span class='ocrx_word' id='word_1_525' title='bbox 311 2497 336 2529; x_wconf 73' lang='lat' dir='ltr'>r]</span> <span class='ocrx_word' id='word_1_526' title='bbox 358 2494 504 2523; x_wconf 72' lang='lat' dir='ltr'>Philander.</span> <span class='ocrx_word' id='word_1_527' title='bbox 527 2497 632 2523; x_wconf 80' lang='lat' dir='ltr'>Dorum</span> <span class='ocrx_word' id='word_1_528' title='bbox 640 2505 672 2523; x_wconf 84' lang='lat' dir='ltr'>ex</span> <span class='ocrx_word' id='word_1_529' title='bbox 683 2495 783 2524; x_wconf 79' lang='lat' dir='ltr'>ifidoro</span> <span class='ocrx_word' id='word_1_530' title='bbox 794 2500 818 2524; x_wconf 74' lang='lat' dir='ltr'>S:</span> <span class='ocrx_word' id='word_1_531' title='bbox 828 2496 941 2524; x_wconf 80' lang='lat' dir='ltr'>Rabano</span> <span class='ocrx_word' id='word_1_532' title='bbox 951 2497 1040 2525; x_wconf 81' lang='lat' dir='ltr'>scribit</span> <span class='ocrx_word' id='word_1_533' title='bbox 1052 2500 1193 2527; x_wconf 79' lang='lat' dir='ltr'>Boccatius</span> <span class='ocrx_word' id='word_1_534' title='bbox 1204 2499 1440 2538; x_wconf 73' lang='lat' dir='ltr'>GenealogDeor.</span> <span class='ocrx_word' id='word_1_535' title='bbox 1454 2491 1498 2525; x_wconf 67' lang='lat' dir='ltr'>lii).</span> <span class='ocrx_word' id='word_1_536' title='bbox 1511 2509 1536 2526; x_wconf 85' lang='lat' dir='ltr'>x.</span> <span class='ocrx_word' id='word_1_537' title='bbox 1548 2507 1643 2535; x_wconf 75' lang='lat' dir='ltr'>cap.1i.</span> <span class='ocrx_word' id='word_1_538' title='bbox 1654 2495 1729 2526; x_wconf 79' lang='lat' dir='ltr'>fuiffe</span> <span class='ocrx_word' id='word_1_539' title='bbox 1737 2498 1857 2536; x_wconf 87' lang='lat' dir='ltr'>Neptuni</span> <span class='ocrx_word' id='word_1_540' title='bbox 1869 2501 1896 2526; x_wconf 69' lang='grc'>8(</span> 
     </span>
     <span class='ocr_line' id='line_1_48' title="bbox 351 2534 1895 2577; baseline 0.001 -15"><span class='ocrx_word' id='word_1_541' title='bbox 351 2535 440 2574; x_wconf 76' lang='lat' dir='ltr'>[Iopis</span> <span class='ocrx_word' id='word_1_542' title='bbox 448 2534 544 2568; x_wconf 77' lang='lat' dir='ltr'>filiurn.</span> <span class='ocrx_word' id='word_1_543' title='bbox 561 2535 575 2564; x_wconf 70' lang='grc' dir='ltr'><em>ὰ</em></span> <span class='ocrx_word' id='word_1_544' title='bbox 593 2546 647 2574; x_wconf 84' lang='lat' dir='ltr'>quo</span> <span class='ocrx_word' id='word_1_545' title='bbox 656 2539 742 2564; x_wconf 82' lang='lat' dir='ltr'>Dorcs</span> <span class='ocrx_word' id='word_1_546' title='bbox 753 2547 852 2564; x_wconf 87' lang='lat' dir='ltr'>nomen</span> <span class='ocrx_word' id='word_1_547' title='bbox 862 2541 886 2565; x_wconf 71' lang='grc' dir='ltr'>δε</span> <span class='ocrx_word' id='word_1_548' title='bbox 898 2538 1033 2577; x_wconf 73' lang='lat' dir='ltr'>originem</span> <span class='ocrx_word' id='word_1_549' title='bbox 1043 2538 1175 2566; x_wconf 84' lang='lat' dir='ltr'>duxerint.</span> <span class='ocrx_word' id='word_1_550' title='bbox 1190 2540 1257 2567; x_wconf 67' lang='lat' dir='ltr'>Haec</span> <span class='ocrx_word' id='word_1_551' title='bbox 1268 2539 1320 2567; x_wconf 86' lang='lat' dir='ltr'>ille.</span> <span class='ocrx_word' id='word_1_552' title='bbox 1342 2539 1455 2566; x_wconf 83' lang='lat' dir='ltr'>Invenio</span> <span class='ocrx_word' id='word_1_553' title='bbox 1463 2540 1494 2566; x_wconf 79' lang='lat' dir='ltr'>ad</span> <span class='ocrx_word' id='word_1_554' title='bbox 1506 2538 1603 2566; x_wconf 76' lang='lat' dir='ltr'>Codic·</span> <span class='ocrx_word' id='word_1_555' title='bbox 1615 2537 1692 2565; x_wconf 77' lang='lat' dir='ltr'>Isaaci</span> <span class='ocrx_word' id='word_1_556' title='bbox 1704 2534 1788 2566; x_wconf 82' lang='lat' dir='ltr'>Voffii</span> <span class='ocrx_word' id='word_1_557' title='bbox 1798 2537 1895 2566; x_wconf 80' lang='lat' dir='ltr'>adscri-</span> 
     </span>
     <span class='ocr_line' id='line_1_49' title="bbox 348 2575 1852 2618; baseline 0.001 -14"><span class='ocrx_word' id='word_1_558' title='bbox 348 2585 424 2613; x_wconf 76' lang='lat' dir='ltr'>pmm</span> <span class='ocrx_word' id='word_1_559' title='bbox 436 2587 442 2604; x_wconf 91' lang='lat'>:</span> <span class='ocrx_word' id='word_1_560' title='bbox 455 2577 613 2605; x_wconf 84' lang='lat' dir='ltr'>Hellenidos</span> <span class='ocrx_word' id='word_1_561' title='bbox 623 2580 648 2605; x_wconf 63' lang='grc' dir='ltr'>δέ</span> <span class='ocrx_word' id='word_1_562' title='bbox 659 2577 788 2615; x_wconf 81' lang='lat' dir='ltr'>Exptidos</span> <span class='ocrx_word' id='word_1_563' title='bbox 800 2577 934 2616; x_wconf 79' lang='lat' dir='ltr'>nympliae.</span> <span class='ocrx_word' id='word_1_564' title='bbox 948 2575 1047 2607; x_wconf 74' lang='lat' dir='ltr'>verum</span> <span class='ocrx_word' id='word_1_565' title='bbox 1058 2578 1117 2618; x_wconf 83' lang='lat' dir='ltr'>lege</span> <span class='ocrx_word' id='word_1_566' title='bbox 1127 2580 1257 2608; x_wconf 82' lang='lat' dir='ltr'>Hellenos</span> <span class='ocrx_word' id='word_1_567' title='bbox 1266 2584 1289 2608; x_wconf 84' lang='lat'>&amp;</span> <span class='ocrx_word' id='word_1_568' title='bbox 1302 2578 1431 2608; x_wconf 69' lang='lat' dir='ltr'>Orse‘idos</span> <span class='ocrx_word' id='word_1_569' title='bbox 1441 2579 1576 2618; x_wconf 79' lang='lat' dir='ltr'>nympliae.</span> <span class='ocrx_word' id='word_1_570' title='bbox 1597 2577 1741 2616; x_wconf 61' lang='grc' dir='ltr'>σξσηΐόΘπ</span> <span class='ocrx_word' id='word_1_571' title='bbox 1763 2578 1852 2616; x_wconf 81' lang='lat' dir='ltr'>Apoll.</span> 
     </span>
    </p>

    <p class='ocr_par' dir='ltr' id='par_1_7' title="bbox 307 2615 1894 2694">
     <span class='ocr_line' id='line_1_50' title="bbox 307 2615 1894 2659; baseline 0.001 -15"><span class='ocrx_word' id='word_1_572' title='bbox 307 2615 337 2650; x_wconf 82' lang='lat' dir='ltr'>d]</span> <span class='ocrx_word' id='word_1_573' title='bbox 362 2617 442 2644; x_wconf 79' lang='lat' dir='ltr'>Idem.</span> <span class='ocrx_word' id='word_1_574' title='bbox 468 2619 500 2645; x_wconf 87' lang='lat' dir='ltr'>Et</span> <span class='ocrx_word' id='word_1_575' title='bbox 511 2617 606 2645; x_wconf 84' lang='lat' dir='ltr'>Strabo</span> <span class='ocrx_word' id='word_1_576' title='bbox 617 2617 662 2645; x_wconf 90' lang='lat' dir='ltr'>lib.</span> <span class='ocrx_word' id='word_1_577' title='bbox 674 2628 715 2645; x_wconf 84' lang='lat' dir='ltr'>vii</span> <span class='ocrx_word' id='word_1_578' title='bbox 724 2628 743 2646; x_wconf 86' lang='lat'>1.</span> <span class='ocrx_word' id='word_1_579' title='bbox 763 2617 915 2658; x_wconf 76' lang='lat' dir='ltr'>Geograph.</span> <span class='ocrx_word' id='word_1_580' title='bbox 927 2618 1053 2647; x_wconf 86' lang='lat' dir='ltr'>Xuthum</span> <span class='ocrx_word' id='word_1_581' title='bbox 1062 2620 1135 2647; x_wconf 86' lang='lat' dir='ltr'>lonis</span> <span class='ocrx_word' id='word_1_582' title='bbox 1145 2619 1304 2649; x_wconf 77' lang='lat' dir='ltr'>traditfuiffe</span> <span class='ocrx_word' id='word_1_583' title='bbox 1311 2629 1423 2658; x_wconf 78' lang='lat' dir='ltr'>patrem.</span> <span class='ocrx_word' id='word_1_584' title='bbox 1445 2620 1592 2659; x_wconf 71' lang='lat' dir='ltr'>Stephanus</span> <span class='ocrx_word' id='word_1_585' title='bbox 1601 2628 1691 2647; x_wconf 83' lang='lat' dir='ltr'>autem</span> <span class='ocrx_word' id='word_1_586' title='bbox 1702 2619 1748 2646; x_wconf 89' lang='lat' dir='ltr'>lib.</span> <span class='ocrx_word' id='word_1_587' title='bbox 1757 2619 1789 2647; x_wconf 90' lang='lat' dir='ltr'>de</span> <span class='ocrx_word' id='word_1_588' title='bbox 1799 2616 1894 2647; x_wconf 89' lang='lat' dir='ltr'>Vrbib.</span> 
     </span>
     <span class='ocr_line' id='line_1_51' title="bbox 347 2657 988 2694; baseline 0.006 -11"><span class='ocrx_word' id='word_1_589' title='bbox 347 2657 478 2694; x_wconf 80' lang='lat' dir='ltr'>Apollinis</span> <span class='ocrx_word' id='word_1_590' title='bbox 489 2662 513 2686; x_wconf 64' lang='grc' dir='ltr'>ὃς</span> <span class='ocrx_word' id='word_1_591' title='bbox 528 2657 633 2686; x_wconf 77' lang='lat' dir='ltr'>Creiisae</span> <span class='ocrx_word' id='word_1_592' title='bbox 645 2657 782 2687; x_wconf 83' lang='lat' dir='ltr'>Ericlithei</span> <span class='ocrx_word' id='word_1_593' title='bbox 794 2657 879 2686; x_wconf 82' lang='lat' dir='ltr'>filium</span> <span class='ocrx_word' id='word_1_594' title='bbox 890 2658 988 2687; x_wconf 86' lang='lat' dir='ltr'>scribit.</span> 
     </span>
    </p>

    <p class='ocr_par' dir='ltr' id='par_1_8' title="bbox 304 2697 1893 2817">
     <span class='ocr_line' id='line_1_52' title="bbox 304 2697 1893 2740; baseline 0.006 -17"><span class='ocrx_word' id='word_1_595' title='bbox 304 2697 330 2731; x_wconf 82' lang='lat' dir='ltr'>e]</span> <span class='ocrx_word' id='word_1_596' title='bbox 353 2698 436 2724; x_wconf 80' lang='lat' dir='ltr'>Idem.</span> <span class='ocrx_word' id='word_1_597' title='bbox 460 2699 544 2727; x_wconf 80' lang='lat' dir='ltr'>Balim</span> <span class='ocrx_word' id='word_1_598' title='bbox 556 2698 601 2727; x_wconf 80' lang='lat' dir='ltr'>liic</span> <span class='ocrx_word' id='word_1_599' title='bbox 613 2708 667 2726; x_wconf 92' lang='lat' dir='ltr'>non</span> <span class='ocrx_word' id='word_1_600' title='bbox 679 2707 734 2727; x_wconf 80' lang='lat' dir='ltr'>tam</span> <span class='ocrx_word' id='word_1_601' title='bbox 745 2710 793 2737; x_wconf 88' lang='lat' dir='ltr'>pro</span> <span class='ocrx_word' id='word_1_602' title='bbox 803 2699 872 2731; x_wconf 85' lang='lat' dir='ltr'>solo,</span> <span class='ocrx_word' id='word_1_603' title='bbox 895 2699 920 2727; x_wconf 85' lang='lat' dir='ltr'>id</span> <span class='ocrx_word' id='word_1_604' title='bbox 931 2701 975 2732; x_wconf 82' lang='lat' dir='ltr'>est,</span> <span class='ocrx_word' id='word_1_605' title='bbox 988 2700 1075 2737; x_wconf 79' lang='lat' dir='ltr'>planta</span> <span class='ocrx_word' id='word_1_606' title='bbox 1087 2704 1110 2729; x_wconf 66' lang='grc' dir='ltr'>ὃς</span> <span class='ocrx_word' id='word_1_607' title='bbox 1124 2701 1214 2730; x_wconf 79' lang='lat' dir='ltr'>infima</span> <span class='ocrx_word' id='word_1_608' title='bbox 1222 2701 1378 2740; x_wconf 79' lang='lat' dir='ltr'>scapiparte.</span> <span class='ocrx_word' id='word_1_609' title='bbox 1390 2710 1418 2729; x_wconf 83' lang='lat' dir='ltr'>ut</span> <span class='ocrx_word' id='word_1_610' title='bbox 1431 2701 1509 2738; x_wconf 83' lang='lat' dir='ltr'>paulo</span> <span class='ocrx_word' id='word_1_611' title='bbox 1521 2701 1577 2739; x_wconf 83' lang='lat' dir='ltr'>post</span> <span class='ocrx_word' id='word_1_612' title='bbox 1587 2722 1593 2732; x_wconf 87' lang='lat'>,</span> <span class='ocrx_word' id='word_1_613' title='bbox 1611 2709 1690 2739; x_wconf 79' lang='lat' dir='ltr'>quam</span> <span class='ocrx_word' id='word_1_614' title='bbox 1702 2710 1750 2738; x_wconf 90' lang='lat' dir='ltr'>pro</span> <span class='ocrx_word' id='word_1_615' title='bbox 1761 2701 1893 2732; x_wconf 65' lang='lat' dir='ltr'>conflexu,</span> 
     </span>
     <span class='ocr_line' id='line_1_53' title="bbox 344 2737 1893 2783; baseline 0.003 -18"><span class='ocrx_word' id='word_1_616' title='bbox 344 2737 397 2765; x_wconf 79' lang='lat' dir='ltr'>five</span> <span class='ocrx_word' id='word_1_617' title='bbox 406 2738 541 2779; x_wconf 78' lang='lat' dir='ltr'>apopliygi</span> <span class='ocrx_word' id='word_1_618' title='bbox 551 2761 557 2771; x_wconf 88' lang='lat'>,</span> <span class='ocrx_word' id='word_1_619' title='bbox 575 2739 644 2768; x_wconf 90' lang='lat' dir='ltr'>unde</span> <span class='ocrx_word' id='word_1_620' title='bbox 656 2737 799 2769; x_wconf 74' lang='lat' dir='ltr'>crassitudo</span> <span class='ocrx_word' id='word_1_621' title='bbox 810 2740 943 2769; x_wconf 79' lang='lat' dir='ltr'>columnae</span> <span class='ocrx_word' id='word_1_622' title='bbox 953 2741 1092 2776; x_wconf 72' lang='lat' dir='ltr'>judicanda</span> <span class='ocrx_word' id='word_1_623' title='bbox 1102 2743 1138 2770; x_wconf 87' lang='lat' dir='ltr'>cst</span> <span class='ocrx_word' id='word_1_624' title='bbox 1149 2764 1155 2775; x_wconf 89' lang='lat'>,</span> <span class='ocrx_word' id='word_1_625' title='bbox 1175 2745 1281 2783; x_wconf 80' lang='lat' dir='ltr'>accipit.</span> <span class='ocrx_word' id='word_1_626' title='bbox 1301 2742 1411 2781; x_wconf 82' lang='lat' dir='ltr'>Alioqui</span> <span class='ocrx_word' id='word_1_627' title='bbox 1430 2741 1560 2782; x_wconf 76' lang='lat' dir='ltr'>fignificat</span> <span class='ocrx_word' id='word_1_628' title='bbox 1573 2740 1689 2780; x_wconf 76' lang='lat' dir='ltr'>&amp;ipsam</span> <span class='ocrx_word' id='word_1_629' title='bbox 1703 2740 1797 2779; x_wconf 85' lang='lat' dir='ltr'>spiram</span> <span class='ocrx_word' id='word_1_630' title='bbox 1808 2761 1815 2771; x_wconf 93' lang='lat'><em>‚</em></span> <span class='ocrx_word' id='word_1_631' title='bbox 1834 2750 1893 2779; x_wconf 83' lang='lat' dir='ltr'>qua:</span> 
     </span>
     <span class='ocr_line' id='line_1_54' title="bbox 344 2777 594 2817; baseline 0.012 -13"><span class='ocrx_word' id='word_1_632' title='bbox 344 2777 421 2815; x_wconf 75' lang='lat' dir='ltr'>scapo</span> <span class='ocrx_word' id='word_1_633' title='bbox 430 2777 594 2817; x_wconf 87' lang='lat' dir='ltr'>supponitur.</span> 
     </span>
    </p>

    <p class='ocr_par' dir='ltr' id='par_1_9' title="bbox 295 2817 1894 3053">
     <span class='ocr_line' id='line_1_55' title="bbox 295 2817 1894 2863; baseline 0.004 -19"><span class='ocrx_word' id='word_1_634' title='bbox 295 2817 335 2855; x_wconf 89' lang='lat' dir='ltr'>f]</span> <span class='ocrx_word' id='word_1_635' title='bbox 357 2818 440 2845; x_wconf 84' lang='lat' dir='ltr'>Idem.</span> <span class='ocrx_word' id='word_1_636' title='bbox 464 2820 658 2849; x_wconf 80' lang='lat' dir='ltr'>Columnarum</span> <span class='ocrx_word' id='word_1_637' title='bbox 668 2820 713 2850; x_wconf 80' lang='lat' dir='ltr'>hic</span> <span class='ocrx_word' id='word_1_638' title='bbox 726 2820 876 2851; x_wconf 84' lang='lat' dir='ltr'>referuntur</span> <span class='ocrx_word' id='word_1_639' title='bbox 884 2833 983 2863; x_wconf 80' lang='lat' dir='ltr'>genera</span> <span class='ocrx_word' id='word_1_640' title='bbox 992 2824 1051 2851; x_wconf 88' lang='lat' dir='ltr'>tria.</span> <span class='ocrx_word' id='word_1_641' title='bbox 1074 2824 1235 2852; x_wconf 83' lang='lat' dir='ltr'>Doricarum</span> <span class='ocrx_word' id='word_1_642' title='bbox 1245 2824 1362 2862; x_wconf 88' lang='lat' dir='ltr'>primum</span> <span class='ocrx_word' id='word_1_643' title='bbox 1374 2824 1418 2855; x_wconf 83' lang='lat' dir='ltr'>est,</span> <span class='ocrx_word' id='word_1_644' title='bbox 1431 2832 1489 2861; x_wconf 83' lang='lat' dir='ltr'>quae</span> <span class='ocrx_word' id='word_1_645' title='bbox 1500 2821 1541 2851; x_wconf 79' lang='lat' dir='ltr'>sex</span> <span class='ocrx_word' id='word_1_646' title='bbox 1553 2817 1734 2850; x_wconf 78' lang='lat' dir='ltr'>cmssitudines</span> <span class='ocrx_word' id='word_1_647' title='bbox 1743 2821 1824 2849; x_wconf 87' lang='lat' dir='ltr'>initio</span> <span class='ocrx_word' id='word_1_648' title='bbox 1833 2821 1894 2851; x_wconf 78' lang='lat' dir='ltr'>altae</span> 
     </span>
     <span class='ocr_line' id='line_1_56' title="bbox 343 2855 1894 2904; baseline 0.003 -19"><span class='ocrx_word' id='word_1_649' title='bbox 343 2855 450 2886; x_wconf 83' lang='lat' dir='ltr'>fuerunt</span> <span class='ocrx_word' id='word_1_650' title='bbox 460 2879 466 2889; x_wconf 87' lang='lat'><em>,</em></span> <span class='ocrx_word' id='word_1_651' title='bbox 482 2869 590 2898; x_wconf 80' lang='lat' dir='ltr'>accepta</span> <span class='ocrx_word' id='word_1_652' title='bbox 603 2862 768 2891; x_wconf 69' lang='lat' dir='ltr'>dimensione</span> <span class='ocrx_word' id='word_1_653' title='bbox 778 2862 792 2891; x_wconf 72' lang='grc' dir='ltr'>ἀ</span> <span class='ocrx_word' id='word_1_654' title='bbox 804 2864 868 2902; x_wconf 87' lang='lat' dir='ltr'>pede</span> <span class='ocrx_word' id='word_1_655' title='bbox 880 2864 947 2896; x_wconf 88' lang='lat' dir='ltr'>viri,</span> <span class='ocrx_word' id='word_1_656' title='bbox 965 2864 1010 2903; x_wconf 85' lang='lat' dir='ltr'>qui</span> <span class='ocrx_word' id='word_1_657' title='bbox 1020 2864 1091 2893; x_wconf 82' lang='lat' dir='ltr'>sexta</span> <span class='ocrx_word' id='word_1_658' title='bbox 1101 2865 1136 2893; x_wconf 90' lang='lat' dir='ltr'>est</span> <span class='ocrx_word' id='word_1_659' title='bbox 1153 2875 1210 2904; x_wconf 81' lang='lat' dir='ltr'>pars</span> <span class='ocrx_word' id='word_1_660' title='bbox 1221 2864 1368 2892; x_wconf 81' lang='lat' dir='ltr'>altitudinis</span> <span class='ocrx_word' id='word_1_661' title='bbox 1380 2864 1508 2902; x_wconf 86' lang='lat' dir='ltr'>corporis.</span> <span class='ocrx_word' id='word_1_662' title='bbox 1530 2863 1617 2900; x_wconf 77' lang='lat' dir='ltr'>postea</span> <span class='ocrx_word' id='word_1_663' title='bbox 1626 2861 1726 2899; x_wconf 84' lang='lat' dir='ltr'>septem</span> <span class='ocrx_word' id='word_1_664' title='bbox 1745 2862 1894 2891; x_wconf 80' lang='lat' dir='ltr'>habuerunt</span> 
     </span>
     <span class='ocr_line' id='line_1_57' title="bbox 345 2895 1894 2943; baseline 0.003 -17"><span class='ocrx_word' id='word_1_665' title='bbox 345 2895 520 2927; x_wconf 73' lang='lat' dir='ltr'>crassitudinis</span> <span class='ocrx_word' id='word_1_666' title='bbox 529 2901 682 2929; x_wconf 76' lang='lat' dir='ltr'>diametros.</span> <span class='ocrx_word' id='word_1_667' title='bbox 704 2904 856 2932; x_wconf 86' lang='lat' dir='ltr'>Secundum</span> <span class='ocrx_word' id='word_1_668' title='bbox 865 2905 900 2932; x_wconf 90' lang='lat' dir='ltr'>est</span> <span class='ocrx_word' id='word_1_669' title='bbox 911 2902 925 2932; x_wconf 71' lang='lat' dir='ltr'>‚i</span> <span class='ocrx_word' id='word_1_670' title='bbox 935 2904 1058 2933; x_wconf 87' lang='lat' dir='ltr'>muliebri</span> <span class='ocrx_word' id='word_1_671' title='bbox 1067 2906 1151 2943; x_wconf 85' lang='lat' dir='ltr'>specie</span> <span class='ocrx_word' id='word_1_672' title='bbox 1159 2906 1297 2934; x_wconf 67' lang='lat' dir='ltr'>dustamm</span> <span class='ocrx_word' id='word_1_673' title='bbox 1308 2925 1314 2936; x_wconf 88' lang='grc'>,</span> <span class='ocrx_word' id='word_1_674' title='bbox 1334 2904 1429 2943; x_wconf 86' lang='lat' dir='ltr'>quibus</span> <span class='ocrx_word' id='word_1_675' title='bbox 1440 2913 1538 2931; x_wconf 89' lang='lat' dir='ltr'>nomen</span> <span class='ocrx_word' id='word_1_676' title='bbox 1551 2903 1586 2931; x_wconf 81' lang='lat' dir='ltr'>est</span> <span class='ocrx_word' id='word_1_677' title='bbox 1603 2903 1702 2930; x_wconf 83' lang='lat' dir='ltr'>Ionicis</span> <span class='ocrx_word' id='word_1_678' title='bbox 1713 2923 1720 2933; x_wconf 90' lang='lat'><em>,</em></span> <span class='ocrx_word' id='word_1_679' title='bbox 1740 2913 1798 2941; x_wconf 81' lang='lat' dir='ltr'>quae</span> <span class='ocrx_word' id='word_1_680' title='bbox 1806 2903 1894 2931; x_wconf 88' lang='lat' dir='ltr'>Plinio</span> 
     </span>
     <span class='ocr_line' id='line_1_58' title="bbox 342 2937 1893 2984; baseline 0.003 -17"><span class='ocrx_word' id='word_1_681' title='bbox 342 2939 400 2967; x_wconf 84' lang='lat' dir='ltr'>sunt</span> <span class='ocrx_word' id='word_1_682' title='bbox 410 2939 469 2967; x_wconf 75' lang='lat' dir='ltr'>alta:</span> <span class='ocrx_word' id='word_1_683' title='bbox 480 2937 654 2969; x_wconf 80' lang='lat' dir='ltr'>crassitudinis</span> <span class='ocrx_word' id='word_1_684' title='bbox 666 2943 725 2970; x_wconf 83' lang='lat' dir='ltr'>ima:</span> <span class='ocrx_word' id='word_1_685' title='bbox 735 2952 823 2982; x_wconf 80' lang='lat' dir='ltr'>partes</span> <span class='ocrx_word' id='word_1_686' title='bbox 835 2955 933 2973; x_wconf 87' lang='lat' dir='ltr'>nomen</span> <span class='ocrx_word' id='word_1_687' title='bbox 943 2966 950 2977; x_wconf 81' lang='grc'>,</span> <span class='ocrx_word' id='word_1_688' title='bbox 973 2946 1098 2974; x_wconf 89' lang='lat' dir='ltr'>Vitruvio</span> <span class='ocrx_word' id='word_1_689' title='bbox 1108 2946 1237 2984; x_wconf 88' lang='lat' dir='ltr'>principio</span> <span class='ocrx_word' id='word_1_690' title='bbox 1245 2946 1310 2973; x_wconf 63' lang='lat' dir='ltr'>odio</span> <span class='ocrx_word' id='word_1_691' title='bbox 1322 2966 1328 2977; x_wconf 87' lang='lat'>,</span> <span class='ocrx_word' id='word_1_692' title='bbox 1340 2945 1433 2972; x_wconf 86' lang='lat' dir='ltr'>deinde</span> <span class='ocrx_word' id='word_1_693' title='bbox 1442 2945 1505 2971; x_wconf 55' lang='lat'>0610</span> <span class='ocrx_word' id='word_1_694' title='bbox 1515 2942 1600 2970; x_wconf 85' lang='lat' dir='ltr'>semis.</span> <span class='ocrx_word' id='word_1_695' title='bbox 1623 2944 1749 2971; x_wconf 83' lang='lat' dir='ltr'>Tertium</span> <span class='ocrx_word' id='word_1_696' title='bbox 1761 2953 1845 2984; x_wconf 81' lang='lat' dir='ltr'>getius</span> <span class='ocrx_word' id='word_1_697' title='bbox 1856 2943 1893 2972; x_wconf 83' lang='lat' dir='ltr'>est</span> 
     </span>
     <span class='ocr_line' id='line_1_59' title="bbox 345 2979 1833 3053; baseline 0.003 -45"><span class='ocrx_word' id='word_1_698' title='bbox 345 2979 548 3011; x_wconf 76' lang='lat' dir='ltr'>Corinthiarum</span> <span class='ocrx_word' id='word_1_699' title='bbox 559 3002 566 3015; x_wconf 89' lang='lat'>‚</span> <span class='ocrx_word' id='word_1_700' title='bbox 585 2982 679 3021; x_wconf 83' lang='lat' dir='ltr'>quibus</span> <span class='ocrx_word' id='word_1_701' title='bbox 688 2984 779 3015; x_wconf 72' lang='lat' dir='ltr'>cadem</span> <span class='ocrx_word' id='word_1_702' title='bbox 789 2984 919 3019; x_wconf 77' lang='lat' dir='ltr'>altitude,</span> <span class='ocrx_word' id='word_1_703' title='bbox 936 2995 994 3024; x_wconf 75' lang='lat' dir='ltr'>quae</span> <span class='ocrx_word' id='word_1_704' title='bbox 1004 2986 1112 3021; x_wconf 84' lang='lat' dir='ltr'>Ionicis,</span> <span class='ocrx_word' id='word_1_705' title='bbox 1127 2986 1281 3015; x_wconf 83' lang='lat' dir='ltr'>testimonio</span> <span class='ocrx_word' id='word_1_706' title='bbox 1291 2986 1372 3016; x_wconf 85' lang='lat' dir='ltr'>etiam</span> <span class='ocrx_word' id='word_1_707' title='bbox 1382 2985 1449 3014; x_wconf 82' lang='lat' dir='ltr'>Plin.</span> <span class='ocrx_word' id='word_1_708' title='bbox 1464 2992 1618 3013; x_wconf 77' lang='lat' dir='ltr'>memorato</span> <span class='ocrx_word' id='word_1_709' title='bbox 1627 2993 1684 3023; x_wconf 74' lang='lat' dir='ltr'>cap.</span> <span class='ocrx_word' id='word_1_710' title='bbox 1695 2993 1736 3019; x_wconf 79' lang='lat'>23.</span> <span class='ocrx_word' id='word_1_711' title='bbox 1817 3023 1833 3053; x_wconf 67' lang='lat' dir='ltr'>d</span> 
     </span>
    </p>

    <p class='ocr_par' dir='ltr' id='par_1_10' title="bbox 1764 3026 1889 3062">
     <span class='ocr_line' id='line_1_60' title="bbox 1764 3026 1889 3062; baseline 0.008 -11"><span class='ocrx_word' id='word_1_712' title='bbox 1764 3026 1814 3062; x_wconf 74' lang='lat' dir='ltr'>g]1</span> <span class='ocrx_word' id='word_1_713' title='bbox 1836 3032 1889 3052; x_wconf 85' lang='lat' dir='ltr'>em.</span> 
     </span>
    </p>
   </div>
  </div>
 </body>
</html>
