2023 3162
496 101 562 127 nr:
608 88 1121 128 Ancani-:CTVRA
1178 87 1409 130 LiB.1V.
1703 107 1750 139 57

142 155 190 193 ad
216 166 432 194 extremum
452 158 657 207 cymatium
670 187 680 202 ‚
711 157 982 195 circumastum
1000 156 1242 195 baltheorum
1261 168 1442 197 extremas
1466 170 1583 210 partes
1606 171 1746 212 tangat.

144 212 250 250 Axes
265 213 487 251 volutatum
500 225 546 249 ne
557 212 746 250 crassiores
756 212 842 252 sint,
866 225 980 262 quam
992 214 1094 250 oculi
1115 214 1355 263 magnitudo:
1375 215 1593 266 volutaeque
1604 219 1685 266 ipsae
1696 218 1746 257 lie

145 267 334 306 caedantur
345 298 355 313 ,
365 270 418 306 uti
430 268 639 306 altitudines
653 268 1022 306 habeantlatitudinis
1037 269 1104 305 suae
1115 271 1377 307 duodecimam
1390 282 1542 320 partem.
1560 273 1626 310 Hae
1639 285 1745 312 erunt

144 322 367 371 symmetria:
385 326 662 375 capitulorum,
682 336 760 372 quae
781 325 966 361 columnae
979 324 1107 362 futurae
1116 324 1209 364 sunt,
1224 326 1270 363 ab
1282 327 1443 363 minimo
1456 327 1502 364 ad
1515 328 1624 378 pedes
1637 332 1745 377 quin-

145 379 284 416 decim.
320 382 374 425 [t]
391 383 484 435 Qae
502 379 603 429 supra
615 390 721 416 erunt
733 381 881 428 reliqua,
903 380 1088 418 habebunt
1099 381 1145 418 ad
1157 381 1319 418 eundem
1330 382 1492 420 modum
1504 382 1745 432 symmetrias.

146 434 304 473 Abacus
324 447 448 473 autem
460 436 529 472 erit
541 436 677 484 longus
691 437 726 472 ὃ(
741 436 836 472 latus
849 464 860 479 ‚
880 448 994 484 quam
1007 436 1115 474 craffa
1127 437 1306 474 columna
1317 437 1365 474 est
1382 440 1458 475 ima
1469 464 1477 477 ‚
1493 438 1634 485 adjceta
1644 451 1745 489 parte

147 502 269 528 nona:
291 493 345 529 uti
367 502 444 539 quo
459 492 581 527 minus
592 489 759 527 habuerit
770 491 879 528 altior
890 493 1070 528 columna
1082 493 1315 530 conti-anum
1329 522 1338 537 ,
1349 505 1396 530 eo
1412 505 1460 531 ne
1473 496 1595 531 minus
1614 495 1744 534 habeat

148 547 352 598 capitulum
362 545 432 583 suae
444 545 659 594 symmetria:
673 546 934 596 projecturam,
951 547 1037 583 &in
1048 547 1239 584 altitudine
1257 558 1339 585 ratae
1359 551 1468 598 partis
1481 549 1743 594 adicstionem.

149 603 209 638 De
222 603 444 640 Volutarum
457 601 762 651 descriptionibus
776 603 830 639 uti
843 602 888 638 ad
900 603 1080 639 circinum
1097 601 1163 639 fint
1173 603 1269 640 recte
1282 605 1475 649 involutae‚
1496 607 1745 655 quemadmo-

149 657 243 695 dum
261 656 519 696 describantur,
534 658 569 693 in
592 668 761 695 extremo
773 659 869 694 libro
880 657 1002 694 forma
1021 658 1160 694 &ratio
1173 669 1299 696 earum
1312 662 1378 696 erit
1397 660 1601 711 subscripta.
1635 663 1746 713 Capi-

149 715 232 750 tulis
244 712 423 764 perfestis.
448 711 578 749 deinde
590 714 627 748 in
640 713 789 749 summis
804 713 1066 750 columnarum
1079 712 1190 762 scapis
1205 743 1215 757 ‚
1227 726 1305 750 non
1317 716 1532 753 adlibcllam
1546 746 1555 761 ‚
1568 717 1625 754 sed
1637 719 1681 755 ad
1701 730 1746 754 π-

150 769 302 818 qualem
323 768 522 806 modulum
536 768 746 812 collocatis,
758 769 812 805 uti
831 781 912 818 quae
925 768 1085 815 adjectio
1095 769 1133 805 in
1144 769 1347 817 Stylobatis
1358 771 1446 808 fafita
1459 771 1566 808 fuerit
1577 802 1586 817 ‚
1599 775 1635 809 in
1647 773 1747 825 supc-

149 825 307 863 rioribus
321 823 497 861 membris
510 823 728 873 respondeat
739 822 948 871 symmetria
965 823 1231 874 epistyliorum:
1258 825 1519 875 Epistyliorum
1529 831 1621 865 ratio
1634 828 1682 866 sic
1694 830 1745 867 cst

150 880 334 918 habenda:
356 890 395 917 ut
412 878 437 915 si
458 880 640 916 columnae
654 878 819 917 fuerinta
836 881 996 917 minimo
1015 893 1037 917 x
1052 893 1066 916 1
1079 892 1093 917 1
1119 880 1257 930 pedum
1271 909 1280 924 ‚
1300 881 1345 918 ad
1366 893 1421 919 xv
1443 883 1552 933 pedes
1565 912 1574 927 ,
1595 885 1744 934 epistylii

149 936 191 974 lit
203 935 359 973 altitudo
370 934 517 972 dimidia
528 933 772 972 crassitudinis
785 936 866 973 imae
878 936 1078 974 columnae.
1113 937 1206 972 Item
1218 935 1244 972 si
1256 936 1275 972 a
1285 968 1288 972 .
1297 949 1318 973 x
1332 948 1353 973 v
1376 937 1531 988 pedibus
1544 939 1588 975 ad
1600 941 1741 989 viginti,

150 993 338 1029 columna:
348 991 507 1028 altitudo
519 992 778 1028 dimetiaturin
789 1003 905 1043 partes
924 1004 943 1029 x
954 1004 967 1028 1
981 1004 1041 1036 11,
1054 992 1090 1028 &
1102 993 1210 1029 unius
1220 995 1330 1042 partis
1341 994 1497 1031 altitudo
1510 994 1660 1044 epistylii
1671 994 1745 1033 fiat,

149 1050 242 1087 Item
262 1047 287 1085 fi
305 1047 324 1083 a
344 1057 399 1084 xit
416 1047 460 1084 ad
480 1060 502 1083 x
516 1061 537 1084 x
549 1060 569 1084 v
589 1049 713 1096 pedes,
735 1047 913 1085 dividatur
931 1047 1089 1085 altitudo
1102 1049 1137 1084 in
1151 1059 1270 1097 partes
1289 1048 1491 1086 duodecim
1509 1049 1746 1096 &semissem‚

152 1106 190 1142 &
201 1104 276 1149 ejus
294 1115 367 1141 una
379 1115 459 1154 pars
470 1102 674 1152 epistylium
684 1104 721 1140 in
733 1103 925 1141 altitudine
939 1103 1121 1141 fiat.1tem
1140 1103 1166 1139 fi
1181 1103 1200 1139 a
1219 1117 1240 1141 x
1254 1117 1308 1142 xv
1325 1105 1480 1155 pedibus
1500 1105 1545 1142 ad
1564 1118 1586 1142 x
1598 1117 1620 1143 x
1632 1118 1652 1142 x
1667 1135 1677 1151 ‚
1697 1107 1749 1143 di-

151 1160 295 1197 vidatur
310 1161 348 1196 in
359 1170 478 1209 partes
489 1159 708 1198 duodecim,
725 1158 761 1195 Sc
772 1161 850 1204 ejus
863 1172 933 1197 una
943 1172 1022 1210 pars
1033 1159 1189 1197 altitudo
1201 1159 1275 1197 fiat.
1306 1161 1399 1198 Item
1413 1159 1614 1198 secundum
1626 1172 1747 1200 ratam

151 1225 293 1266 partem
305 1244 315 1259 ,
333 1215 378 1250 ad
397 1214 559 1252 eundem
579 1215 742 1252 modum
754 1244 764 1259 ‚
784 1228 827 1253 ex
840 1214 1033 1253 altitudine
1045 1216 1308 1253 columnarum
1329 1216 1565 1266 expediendae
1577 1216 1656 1254 sunt
1669 1219 1748 1255 alti-

151 1271 293 1309 tudines
312 1271 571 1320 epistyliorum.
606 1274 697 1324 Qo
721 1273 822 1308 enim
845 1273 951 1309 altius
968 1271 1220 1309 oculiscandit
1230 1273 1325 1309 acies
1339 1301 1348 1315 ‚
1370 1283 1450 1309 non
1467 1271 1575 1310 facile
1587 1273 1748 1322 persecat

152 1328 248 1364 aeris
271 1327 519 1363 crebritatem:
545 1326 678 1378 dilapsa
696 1328 819 1376 itaque
839 1327 1039 1366 altitudinis
1049 1328 1178 1379 spatio,
1193 1327 1230 1364 ἃ
1244 1329 1381 1367 viribus
1397 1329 1526 1367 extrita
1539 1357 1549 1373 ‚
1567 1329 1747 1366 incertam

152 1382 399 1421 modulorum
420 1381 773 1420 renuntiatsenfibus
785 1385 1045 1433 quantitatem.
1072 1387 1196 1437 Qare
1205 1382 1349 1434 semper
1359 1384 1609 1429 adjiciendum
1628 1383 1677 1421 est
1696 1396 1747 1422 ra-

152 1440 263 1477 tionis
282 1437 582 1487 supplementum
594 1441 632 1476 in
645 1437 941 1488 symmetriarum
959 1439 1134 1477 membris
1147 1469 1157 1485 ‚
1176 1450 1217 1477 ut
1240 1452 1328 1478 cum
1348 1439 1483 1478 fuerint
1502 1442 1539 1477 in
1558 1440 1747 1478 altioribus

151 1495 246 1533 locis
266 1505 392 1544 opera,
406 1504 468 1531 aut
478 1496 586 1532 etiam
603 1494 675 1546 ipsa
684 1498 751 1541 [u]
765 1495 1043 1541 colossicotera,
1054 1506 1194 1534 certam
1206 1496 1364 1534 habeant
1377 1496 1679 1546 magnitudinum
1692 1506 1748 1532 ra-

153 1548 472 1600 tionemEpistylii
483 1550 639 1588 latitudo
649 1554 685 1588 in
696 1553 868 1602 imo‚que
881 1551 984 1603 supra
994 1552 1197 1602 capitulum
1210 1554 1430 1601 erit,quanta
1442 1549 1639 1589 craffitudo
1647 1550 1667 1586 s
1664 1562 1749 1588 um-

152 1618 221 1644 mae
240 1606 430 1644 columnae
449 1606 515 1644 sub
525 1608 688 1657 capitulo
701 1608 768 1646 erit
779 1639 788 1653 ‚
802 1619 905 1647 tanta
914 1609 990 1651 fiat,
1004 1607 1203 1653 summum,
1216 1618 1396 1657 quantum
1406 1609 1501 1644 imus
1513 1607 1650 1657 scapus.
1673 1606 1752 1654 Cy-

153 1663 311 1700 matium
321 1661 471 1713 epistylii
481 1664 633 1713 septima
645 1673 747 1714 parte
758 1664 826 1702 suae
837 1664 1037 1702 altitudinis
1054 1664 1103 1701 est
1112 1663 1337 1707 faciendum,
1352 1665 1389 1710 <Sc
1400 1664 1436 1699 in
1447 1663 1652 1713 proiectura
1666 1670 1748 1698 tan-

154 1718 309 1754 tundem
321 1732 328 1754 :
338 1719 477 1766 reliqua
489 1730 568 1768 pars
579 1729 706 1768 praeter
719 1721 931 1767 cymatium,
945 1718 1142 1759 dividenda
1153 1718 1202 1755 est
1213 1720 1251 1754 in
1261 1728 1391 1769 parteS;
1405 1731 1426 1754 x
1436 1731 1449 1755 1
1461 1730 1475 1754 1
1494 1720 1561 1763 [x]
1574 1719 1610 1754 δε
1622 1728 1748 1755 earum

154 1775 268 1809 trium
281 1775 397 1823 prima
409 1773 514 1810 fascia
527 1774 576 1811 cst
585 1773 765 1816 facienda,
779 1774 934 1813 secunda
951 1786 1125 1825 quatuor,
1135 1774 1275 1812 summa
1285 1776 1459 1823 quinque.
1481 1774 1575 1811 Item
1587 1772 1749 1823 Zopho-

153 1840 216 1866 rus
235 1827 340 1880 supra
351 1828 577 1879 epistylium,
603 1842 733 1878 quarta
744 1842 844 1881 parte
857 1832 982 1869 minus
993 1843 1110 1880 quam
1122 1829 1342 1881 epistylium,
1356 1829 1422 1866 ubi
1433 1830 1671 1866 autoritatem
1683 1827 1749 1864 ha-

155 1885 267 1922 beant
287 1885 482 1936 scalpturae.
514 1886 733 1934 Cymatium
745 1887 811 1930 suae
831 1886 1030 1925 altitudinis
1041 1887 1150 1938 partis
1168 1885 1342 1936 septimae,
1354 1885 1563 1935 proiectura
1584 1885 1747 1933 cymatii,

155 1950 293 1989 quanta
312 1943 388 1988 ejus
415 1939 626 1978 crassitudo.
657 1942 769 1993 Supra
792 1942 1016 1993 Zophorum
1038 1943 1248 1980 denticulus
1270 1940 1319 1978 cst
1338 1939 1527 1978 faciendus
1548 1950 1623 1977 tam
1643 1941 1751 1984 altu5‚

156 2008 270 2043 quam
283 1996 434 2048 epistylii
445 1997 565 2034 media
574 1995 679 2035 fascia
693 2025 700 2038 ,
712 1999 922 2048 proiectura
933 2000 1007 2043 ejus
1017 2008 1156 2048 quantu
1163 2010 1199 2034 m
1211 1996 1383 2035 altitudo.
1414 1996 1621 2034 Intetsestio
1632 2024 1641 2039 ‚
1665 2006 1748 2043 quae

156 2051 288 2089 Graece
303 2048 424 2101 μὲἳοχῆ
443 2053 577 2090 dicitur
588 2083 598 2097 ‚
612 2053 659 2090 sic
671 2055 720 2092 est
733 2054 948 2092 dividenda:
963 2055 1017 2091 nti
1038 2054 1249 2092 denticulus
1267 2052 1467 2090 altitudinis
1478 2051 1543 2088 snae
1556 2050 1750 2086 dimidiam

156 2118 297 2157 partem
318 2109 448 2146 habeat
461 2110 497 2145 in
511 2108 644 2148 fronte.
673 2111 799 2147 Cavus
817 2120 943 2148 autem
954 2109 1218 2147 intersectionis
1231 2108 1335 2152 liuius
1355 2108 1487 2144 frontis
1499 2104 1519 2142 ὲ
1532 2105 1645 2142 tribus
1658 2105 1750 2142 duas

158 2163 357 2200 latitudinis
371 2174 488 2212 partes
500 2164 629 2202 habeat
646 2179 653 2201 :
674 2165 779 2212 hujus
794 2167 1018 2213 cymatium,
1036 2168 1116 2212 ejus
1126 2165 1327 2201 altitudinis
1336 2162 1471 2200 sextam
1482 2170 1633 2211 partem.
1665 2161 1749 2197 Co-

158 2229 251 2254 rona
263 2229 350 2256 cum
362 2215 426 2255 suo
438 2221 603 2266 cymatio
621 2231 748 2271 praeter
759 2220 901 2265 fimam,
913 2230 1094 2270 quantum
1105 2220 1229 2258 media
1239 2217 1342 2256 fascia
1354 2216 1515 2267 epistylii.
1538 2216 1750 2261 ProjeCiura

159 2285 313 2312 coronae
327 2287 414 2312 cum
425 2275 617 2311 denticulo
641 2275 808 2312 facienda
827 2276 877 2313 est
888 2305 897 2319 ‚
919 2285 1103 2324 quantum
1113 2276 1180 2312 erit
1191 2271 1350 2311 'altitudo
1362 2272 1381 2308 a
1393 2272 1578 2322 Zophoro
1594 2272 1638 2309 ad
1655 2271 1751 2307 sum-

159 2342 267 2366 mum
278 2342 431 2367 coronae
443 2331 645 2378 cymatium
660 2345 666 2367 :
691 2331 727 2367 ὃς
742 2333 902 2367 omnino
914 2342 1050 2368 omnes
1069 2330 1239 2380 ecphorae
1259 2328 1507 2367 venustiorem
1524 2328 1658 2365 babent
1672 2325 1750 2377 spe-

158 2386 268 2425 ciem‚
283 2399 366 2435 quae
377 2396 563 2436 quantum
575 2384 793 2425 altitudinis,
807 2387 1025 2424 tantundem
1045 2386 1203 2424 habeant
1215 2385 1440 2436 projcsturae.
1472 2386 1516 2434 [y
1526 2387 1545 2431 ]
1557 2381 1751 2432 Tympani

1166 2442 1202 2478 H
1609 2448 1747 2475 autem,

158 2538 184 2571 t]
207 2537 352 2564 l‘hilander.
374 2538 460 2565 Velim
471 2548 519 2576 pro
529 2538 625 2577 reliqua
635 2538 762 2576 scripturn
770 2538 866 2576 reliqua
878 2559 884 2568 .
902 2547 931 2566 ut
941 2538 971 2565 sit
981 2537 1081 2566 sensus:
1109 2537 1251 2566 Columnae
1261 2546 1319 2576 qua:
1334 2534 1493 2575 superabunt
1502 2533 1579 2573 pedes
1590 2532 1752 2571 quindecim,

193 2577 330 2605 habebunt
340 2579 515 2616 symmetrias
527 2579 639 2618 dempto
651 2578 742 2609 abaco,
753 2588 781 2605 ea
794 2580 979 2616 proportione.

160 2619 193 2653 u]
212 2618 330 2646 Phiiaud.
353 2618 526 2646 Scribendum
538 2616 734 2647 eolossieotera.
747 2620 822 2653 (Erat
834 2620 972 2647 enimante
983 2616 1076 2647 coloffi
1084 2619 1204 2653 caetera.)
1215 2620 1281 2647 Sunt
1292 2626 1380 2645 autern
1393 2626 1472 2644 onera
1484 2615 1533 2642 sive
1542 2624 1621 2652 opera
1638 2624 1695 2653 quae
1706 2624 1752 2642 ex-

195 2660 291 2687 cedunt
301 2659 394 2693 justam
405 2660 629 2698 magnitudinem,
648 2659 884 2698 amplitudinemve
894 2681 901 2692 ,
922 2661 1003 2691 idest,
1016 2661 1106 2700 magni
1118 2660 1241 2698 ponderis
1253 2680 1259 2690 ,
1278 2657 1377 2686 excelsa
1389 2678 1395 2688 ,
1415 2657 1446 2683 de
1456 2655 1641 2693 quibuslibit.
1656 2665 1712 2693 cap.
1725 2665 1753 2687 4.

160 2700 191 2734 x]
218 2701 301 2727 Idem.
324 2699 388 2726 Hoc
400 2709 556 2738 perpetuum
567 2698 619 2729 effe
638 2700 717 2728 debet
728 2700 754 2727 iu
766 2699 889 2728 omnibus
907 2700 1056 2740 generibus.
1081 2701 1178 2727 Nolim
1189 2699 1273 2738 igitur
1283 2699 1395 2725 imiteris
1405 2706 1465 2724 curn
1485 2695 1670 2724 Archite&urn
1683 2716 1689 2726 ,
1707 2695 1753 2733 qui

195 2741 312 2768 extruxit
324 2738 455 2768 fornicem
468 2761 474 2773 ,
496 2742 540 2779 qui
552 2742 587 2769 est
598 2744 711 2768 Veron:
722 2740 752 2768 ad
762 2749 865 2778 portam
875 2750 934 2779 quae
944 2739 959 2768 a
970 2740 1091 2768 leonibus
1100 2740 1254 2778 appellatur;
1264 2740 1288 2765 in
1300 2737 1422 2775 epistylio
1430 2737 1502 2764 enirn
1512 2737 1671 2774 compolito.
1684 2745 1752 2774 pra:-

195 2781 332 2818 posterum
343 2778 480 2809 fasciatum
492 2782 606 2810 vidimus
617 2781 737 2809 ordinem
750 2802 756 2813 ‚
767 2790 818 2808 una
827 2779 926 2809 scilicet
935 2777 1096 2813 craffiffima,
1108 2780 1192 2808 media
1202 2778 1321 2807 secunda:
1330 2773 1513 2810 crassitudinis,
1524 2776 1625 2804 summa
1635 2777 1753 2804 minimae

196 2818 384 2849 crassitudinis.

159 2860 192 2897 y]
216 2861 297 2890 Idem.
319 2863 494 2900 Tympanum
512 2862 554 2890 hic
566 2871 677 2891 vocatur
688 2861 758 2901 quod
770 2863 921 2901 porrecsta&
930 2860 1060 2901 fastigiata
1078 2859 1249 2890 coronicibus
1261 2858 1400 2887 clauditur.
1424 2858 1449 2886 Si
1460 2867 1524 2886 vero
1534 2858 1576 2886 cui
1592 2853 1701 2897 pressior
1710 2856 1755 2901 vi«

198 2899 303 2929 debitur
314 2901 368 2930 baec
380 2905 500 2941 tympani
510 2904 625 2931 altitudo
637 2906 680 2938 (ut
692 2912 763 2931 certe
773 2905 823 2937 est)
843 2903 879 2930 ita
887 2903 1026 2930 emendare
1035 2903 1145 2941 poterit.
1170 2902 1249 2929 Seno
1259 2900 1285 2927 in
1296 2899 1358 2927 duas
1367 2908 1452 2937 partes
1465 2909 1550 2937 aequas
1571 2898 1690 2937 cymatio
1700 2918 1706 2927 ,
1727 2906 1755 2923 in

199 2941 288 2968 medio
296 2942 448 2971 dimittatur
460 2946 504 2972 uni
515 2954 560 2983 par
570 2943 701 2975 cathetos‚
717 2943 742 2971 id
753 2944 802 2974 est,
814 2942 1035 2982 perpendicularis
1046 2943 1114 2970 linea
1125 2963 1132 2973 ,
1157 2942 1184 2969 in
1193 2950 1245 2980 qua
1263 2941 1315 2967 ima
1324 2940 1473 2968 collocatur
1481 2940 1573 2967 circini
1585 2949 1643 2977 pars
1653 2939 1739 2980 immo
1748 2954 1755 2959 -

199 2979 269 3016 bilis,
279 2981 305 3010 in
317 2984 436 3021 cymatio
446 2995 510 3015 vero
520 2994 638 3014 extrema
646 2995 703 3024 pars
715 2984 822 3014 mobilis
833 2984 1020 3015 constituatur,
1029 2983 1192 3022 ducaturque
1202 2983 1230 3010 in
1239 2980 1310 3010 aliud
1320 2989 1471 3010 extremum
1481 2980 1630 3009 circinatio,
1639 2978 1669 3005 ad
1680 2986 1755 3045 {9¹⁰⁵

1639 3027 1680 3046 me
1701 3026 1756 3045 ium
