2023 3162
243 44 302 78 44
609 23 1523 63 PourosmvsGAvaicvs

248 92 426 142 abundat)
437 91 527 130 dum
541 92 579 129 ὃς
590 93 708 142 Alpes
720 93 757 128 in
767 90 878 128 nobis
889 88 1091 128 sufficiant.
1113 90 1202 138 Ejus
1211 101 1341 129 autem
1351 91 1484 141 triplex
1492 92 1541 129 est
1551 92 1572 129 s
1565 95 1690 144 pecies
1703 108 1711 132 ε
1743 95 1846 134 Man

248 149 412 193 morosa,
423 147 597 187 Glebosa,
613 151 650 185 ὃς
662 148 895 185 Aluminosa.
926 145 1164 184 Mai-morosa
1176 148 1329 197 quidem
1342 148 1483 190 utilior,
1497 151 1534 186 ὅ(
1547 149 1718 200 scalpitur
1726 151 1770 189 ad
1781 152 1845 190 sta·

251 216 344 249 tuas,
359 207 396 243 &
407 205 428 242 s
424 217 475 243 uo
487 216 593 242 more
604 203 764 241 decosta
776 204 1022 254 pertinacior:
1039 203 1253 240 Mirabilem
1265 215 1306 240 ea
1316 203 1427 240 nobis
1439 202 1544 241 usum
1555 205 1716 256 ptaestitit
1726 219 1845 258 nuper

249 261 295 298 ad
307 262 435 299 lacum
455 261 634 298 Sebinum
646 284 654 297 ‚
676 271 791 309 quem
812 270 912 295 nunc
925 259 1066 296 accolae
1079 258 1125 295 ab
1137 258 1283 311 oppido
1295 258 1421 308 ,quod
1433 259 1478 296 ab
1495 261 1592 307 ejus,
1611 263 1665 298 uti
1676 263 1847 307 arbitror,

247 319 424 368 portorio
435 327 575 353 nomen
587 324 799 365 acceperat,
808 314 1010 366 Gypseum,
1025 316 1079 352 uti
1090 317 1128 352 ὅ(
1139 315 1183 352 ab
1196 315 1303 352 ardea
1315 315 1508 352 Benacum
1520 341 1531 358 ,
1543 317 1656 354 etiam
1669 329 1846 369 corrupte

248 384 399 411 vocant.
432 373 485 409 At
495 381 635 420 quanta
655 383 717 408 me
730 382 829 408 nova
848 372 1040 421 voluptate
1061 368 1266 408 affecerunt
1277 371 1329 407 illi
1347 371 1465 411 lacus,
1487 370 1525 407 ὃ(
1545 373 1625 415 ejus
1644 375 1847 422 provincia:

249 441 366 479 quam
376 428 527 478 quidem
538 427 788 479 oppidulatim
806 438 1041 477 peragratam
1054 426 1222 473 jucunda
1243 427 1419 464 felicitas:
1448 428 1490 463 In
1501 427 1673 466 Etnruria
1691 441 1848 478 quoque

250 497 296 522 ex
308 498 356 522 eo
366 482 479 534 gypso
491 493 701 520 toreumata
714 484 836 520 mirati
849 481 985 527 sumus,
998 495 1121 532 quum
1134 494 1179 519 ex
1191 482 1394 520 alabastrite
1405 482 1625 532 viderentur3
1638 495 1760 522 tantus
1772 495 1849 522 erat

249 540 378 591 lapidis
388 540 486 577 illius
498 540 599 575 nitor
608 538 870 590 splendorque.
903 537 1130 575 Aluminosa
1142 550 1232 576 vcro
1245 537 1269 576 si
1279 539 1475 589 pelluxerit
1486 568 1496 583 ‚
1518 539 1562 575 ad
1574 540 1610 577 id
1623 541 1728 590 quod
1740 542 1847 578 volu-

248 608 336 634 mus
356 597 472 645 longe
484 595 749 633 commodior:
769 606 859 631 nam
878 594 925 631 de
936 596 1048 631 altera
1064 595 1156 632 nihil
1175 605 1345 645 oportet:
1370 596 1609 644 Decoquitur
1625 596 1738 634 furno
1749 597 1849 634 lente

246 651 384 696 calido,
396 652 525 688 teritur
538 652 619 701 pilis
629 651 774 701 ligneis,
788 652 1104 700 excribraturque:
1115 651 1249 688 Statim
1260 661 1301 688 ut
1311 651 1521 701 tepescente
1530 663 1622 701 aqua
1632 653 1849 702 permadue-

248 709 309 752 rit,
318 707 639 758 superinfunditur.
671 706 754 745 Ubi
764 708 981 757 penituerit,
995 707 1169 744 tolletur:
1183 707 1290 756 quod
1301 706 1379 743 ficri
1390 706 1481 744 salva
1491 719 1529 744 re
1539 719 1729 757 nunquam
1740 718 1849 758 pote-

248 764 309 808 rit,
322 763 386 801 nisi
397 764 496 813 prius
506 764 597 800 oleo
608 762 760 803 illitum,
772 773 832 800 aut
843 763 924 813 plus
935 761 1172 800 semicirculo
1183 763 1292 800 fuerit
1304 773 1557 813 occupatum:
1580 775 1670 801 nam
1681 765 1850 814 primum

247 818 328 857 hoc
343 846 351 859 ‚
373 819 506 857 deinde
519 821 556 856 ὅ(
570 818 659 856 illud
670 816 953 856 efformabimus
966 844 974 858 ‚
997 819 1125 868 quoad
1135 820 1319 868 integram
1330 831 1409 857 rem
1422 818 1659 857 habebimus:
1678 821 1848 857 contine,

248 875 341 912 bunt
351 884 478 913 autem
490 873 560 912 sese
570 873 721 911 frustula
730 873 925 918 firmius‚fi,
934 874 1040 923 quod
1049 884 1123 912 erat
1133 876 1231 924 prius
1241 885 1473 913 excavatum,
1485 876 1692 914 inveniatur
1701 874 1721 912 a
1731 876 1851 927 poste‘

248 932 364 972 tiore,
389 942 430 969 ut
447 933 485 968 in
503 929 757 968 commissuris.
790 929 1060 966 Emendabitur
1078 940 1206 967 autem
1227 929 1441 976 hujusmodi
1460 930 1623 969 formula
1644 932 1690 968 ad
1703 944 1851 971 ceream

248 986 366 1026 rursus
378 986 637 1038 plumbeamve
650 984 812 1034 effigiem
826 1014 836 1029 ,
855 985 930 1022 hoc
941 986 1068 1037 paeto:
1091 984 1294 1023 Desiccato
1306 985 1423 1023 rursus
1435 1012 1443 1026 ‚
1466 986 1523 1023 sed
1534 986 1647 1026 fumo
1659 988 1850 1026 calidiore.

251 1044 420 1095 Qoties
432 1043 654 1093 oportuerit,
668 1043 702 1078 in
714 1039 962 1092 tepescentem
973 1053 1108 1091 aquam
1123 1040 1164 1087 (fi
1176 1040 1218 1078 fis
1233 1053 1354 1080 ceram
1366 1041 1602 1090 immissurus)
1615 1045 1848 1093 immergito.

248 1099 286 1136 Si
298 1101 435 1137 cavitas
449 1098 648 1149 placuerit,
667 1096 748 1150 post
758 1098 954 1148 paululum
969 1123 976 1136 ‚
995 1097 1059 1135 ubi
1078 1096 1192 1134 infusa
1210 1096 1331 1141 fuerit,
1343 1095 1543 1136 effundito.
1573 1100 1611 1136 Si
1621 1111 1712 1138 vero
1725 1101 1852 1150 plum-

250 1154 361 1203 bum;
385 1155 551 1204 proderit
571 1165 653 1191 eam
675 1154 821 1204 optime
832 1152 1025 1197 desiccari,
1046 1152 1319 1205 plumbumque
1330 1153 1447 1205 ipsum
1465 1155 1614 1204 nigrum
1634 1155 1732 1194 albo,
1745 1156 1852 1205 quod

250 1209 504 1248 Marchifitam
524 1219 663 1247 vocant
683 1239 693 1254 ‚
727 1211 764 1247 &
783 1210 1000 1246 antimonio
1014 1239 1025 1254 ‚
1044 1212 1241 1260 temperati
1260 1222 1305 1246 xr
1318 1222 1348 1247 1.
1369 1211 1546 1261 portione
1560 1238 1568 1246 .
1607 1211 1706 1248 Cera
1724 1221 1852 1250 autem

251 1264 534 1303 efformabimus
565 1264 634 1302 fic:
674 1264 862 1315 Liquefiat
891 1266 1059 1316 primum
1076 1280 1083 1302 ε
1120 1266 1218 1302 Mox
1242 1265 1287 1302 ad
1309 1277 1393 1303 eam
1414 1268 1602 1303 rationem
1621 1279 1738 1316 quam
1762 1267 1854 1305 dixi-

250 1335 334 1361 mus
355 1321 634 1373 superfundatur
646 1351 655 1366 ,
678 1322 740 1359 vel
770 1320 821 1367 (si
841 1321 1085 1358 commodius
1106 1320 1195 1371 fiet)
1225 1323 1262 1358 in
1282 1332 1363 1359 eam
1382 1321 1453 1374 ipsa
1475 1333 1530 1359 res
1550 1333 1831 1373 commergatur
1841 1353 1853 1369 ,

250 1389 536 1428 emergaturque
549 1407 559 1422 ‚
581 1377 706 1414 donec
723 1377 862 1414 amictu
883 1376 1009 1415 vestita
1027 1377 1136 1415 fuerit
1156 1376 1328 1415 crassiore
1341 1404 1349 1418 ,
1370 1377 1610 1427 frequentius.
1646 1379 1853 1417 Desecetut

249 1436 328 1471 acie
346 1432 573 1479 tenuissima,
589 1433 833 1485 adaperiatur‚
848 1434 1103 1483 jungaturque.
1137 1433 1198 1471 Ad
1218 1433 1443 1471 soliditatem
1462 1433 1667 1472 infunditur
1677 1434 1850 1486 gypsum:

250 1490 318 1528 Ad
336 1492 533 1528 cavitatem
555 1500 668 1529 vero,
692 1502 775 1538 qua:
794 1489 872 1526 sola
892 1491 929 1526 in
947 1489 1002 1526 his
1024 1490 1312 1528 admirationem
1340 1489 1451 1527 habet
1464 1518 1474 1534 ,
1493 1490 1605 1528 etiam
1626 1489 1703 1536 (uti
1720 1491 1854 1529 docui-

250 1549 362 1596 mus)
395 1557 499 1584 ceta,
520 1544 580 1582 sed
601 1543 626 1581 fi
645 1545 743 1595 prius
761 1546 865 1582 illam
884 1544 1025 1583 humor
1044 1545 1528 1595 circumfltixeritliquidus:
1563 1546 1678 1594 Cujus
1696 1547 1851 1597 quidem

250 1603 398 1642 inventi
416 1602 513 1640 ratio
525 1630 535 1646 ‚
563 1599 626 1639 etsi
645 1603 682 1638 in
704 1612 781 1639 uno
803 1603 902 1653 prius
925 1601 1132 1639 architefito
1150 1602 1346 1651 quondam
1367 1601 1573 1640 constiterit
1590 1631 1601 1646 ‚
1629 1604 1706 1648 jure
1725 1613 1852 1642 tamen

253 1658 426 1707 (quando
444 1658 505 1695 illa
523 1669 611 1694 cum
628 1657 706 1707 ipso
718 1657 939 1708 deperierat)
961 1657 1264 1696 miliidebebitur.
1295 1658 1446 1697 Cavitas
1457 1669 1549 1696 vero
1568 1656 1660 1708 ipsa,
1687 1658 1752 1696 ubi
1773 1671 1854 1697 cre-

253 1724 372 1752 tatum
383 1715 495 1752 fuerit
504 1712 742 1758 extrinsecus,
756 1714 937 1764 (accipito
949 1724 1130 1764 tanquam
1140 1713 1185 1751 de
1195 1714 1397 1751 anlavio
1408 1725 1487 1751 rem
1497 1713 1789 1762 secretissimam)
1800 1726 1852 1751 re-

252 1772 413 1821 plebitur
424 1771 548 1820 argilla
559 1781 671 1820 quam
682 1769 919 1810 edocuimus,
933 1780 1111 1808 tomento
1124 1772 1161 1807 ὃ(
1171 1771 1315 1820 equino
1326 1780 1454 1809 ventre
1465 1766 1619 1810 subacta,
1634 1772 1758 1809 mixtis
1771 1770 1854 1821 pul.

252 1838 338 1863 vere
350 1828 515 1865 latericio
529 1856 539 1870 ,
550 1825 739 1863 interdurn
761 1826 896 1864 molari
910 1855 920 1870 ‚
936 1827 1126 1864 interdum
1137 1828 1257 1864 vitreo
1268 1855 1279 1871 ‚
1292 1825 1363 1864 five
1375 1827 1485 1863 etiam
1499 1826 1705 1864 adustarum
1717 1826 1852 1863 forma‘-

253 1893 336 1919 rum
349 1910 358 1924 ‚
380 1883 482 1918 calce
493 1884 574 1919 viva
586 1911 596 1926 ,
618 1881 856 1919 cineribusve.
887 1881 1111 1919 Pulvisculus
1121 1894 1210 1919 vcro
1221 1883 1284 1931 qui
1296 1884 1464 1933 optimus
1480 1881 1522 1919 fit
1532 1907 1540 1920 .
1564 1881 1625 1918 diu
1638 1883 1818 1930 quaeritari
1830 1880 1852 1918 ἓι

252 1938 381 1974 multis
390 1936 553 1973 solitum.
578 1938 609 1972 Is
619 1947 742 1973 autem
754 1947 816 1974 aut
828 1940 987 1974 Nativus
1001 1937 1063 1982 est,
1077 1947 1141 1975 aut
1154 1938 1346 1974 Faeiicius.
1361 1938 1532 1976 Nativus,
1546 1937 1680 1987 quiper
1690 1936 1724 1974 se
1735 1936 1852 1974 nasci-

252 2003 328 2037 tur,
346 1992 495 2041 qualem
506 2002 575 2028 nos
586 2002 701 2041 nuper
712 1992 751 2027 in
766 2004 856 2040 agro
868 1992 1113 2028 Cremonensi
1125 1991 1446 2042 deprehendimus
1475 1992 1656 2029 Fafficius
1675 2004 1766 2030 vero
1786 1994 1852 2041 qui

252 2048 295 2085 fit
306 2048 351 2085 de
362 2059 405 2084 ea
416 2048 566 2085 materia
579 2059 662 2096 quae
680 2047 756 2084 vim
768 2048 861 2096 ignis
873 2059 1032 2084 omnem
1053 2047 1074 2083 s
1067 2046 1222 2084 ustinere
1232 2048 1277 2084 ac
1294 2049 1371 2097 pati
1381 2045 1503 2097 possit.
1525 2050 1654 2098 Qare
1664 2059 1743 2085 non
1756 2060 1853 2086 unus

253 2103 418 2142 habetur.
440 2103 519 2140 Alii
530 2104 630 2139 enim
642 2113 687 2140 ex
698 2104 870 2152 pumice,
891 2104 952 2139 alii
969 2114 1013 2140 ex
1032 2101 1176 2139 Ossibus
1190 2102 1338 2141 deustis,
1355 2104 1414 2140 alii
1424 2114 1468 2138 ex
1489 2101 1599 2140 scobe
1611 2102 1715 2144 ferri,
1735 2104 1795 2141 alii
1806 2116 1852 2142 cx

255 2160 464 2209 colliquato
474 2161 510 2196 in
520 2157 738 2196 fornacibus
748 2158 874 2202 latere,
884 2159 944 2194 alii
955 2170 999 2194 ex
1010 2158 1188 2197 Smirillo‚
1200 2159 1260 2194 alii
1271 2171 1315 2196 ex
1327 2159 1436 2195 rebus
1448 2158 1523 2195 aliis
1535 2174 1543 2199 3
1565 2171 1639 2209 ego
1659 2171 1752 2197 vero
1767 2171 1852 2197 om-

254 2227 320 2253 nes
333 2215 457 2253 modis
468 2213 647 2252 omnibus
657 2224 840 2264 expertus,
857 2212 1040 2266 aptissime
1051 2223 1138 2250 utor
1149 2215 1208 2252 vcl
1217 2213 1428 2264 ferrugineo
1438 2215 1498 2252 vel
1510 2215 1691 2252 latericio.
1722 2217 1850 2253 Ferru-

254 2273 384 2321 gineus
397 2270 459 2307 fiet
470 2270 538 2307 sic:
559 2269 759 2321 Accipitur
769 2269 888 2307 scoria
899 2269 970 2308 five
980 2271 1095 2307 etiam
1105 2269 1233 2306 scobes
1244 2269 1327 2307 ferri
1345 2270 1524 2308 subtiliter
1542 2270 1731 2309 delimata.
1761 2272 1850 2309 Pur-

252 2337 358 2377 gatur
369 2327 529 2377 impubis
541 2328 642 2376 pueri
651 2328 752 2363 urina
762 2336 934 2365 acetove.
964 2325 1192 2363 Semimestri
1201 2324 1325 2376 spacio
1334 2325 1564 2377 perfunditur
1577 2357 1586 2372 ‚
1604 2327 1767 2365 aduritur
1776 2326 1850 2365 for-

214 2424 220 2431 ,
254 2384 427 2422 nacibus‚
449 2383 650 2431 teriturque
672 2384 753 2434 pilis
766 2411 776 2426 ,
792 2384 960 2432 itemque
977 2382 1013 2418 id
1025 2381 1142 2420 rursus
1160 2393 1204 2419 ac
1216 2380 1334 2419 rursus
1344 2411 1355 2426 ‚
1373 2382 1464 2419 dum
1476 2383 1522 2419 ad
1532 2395 1613 2420 eam
1625 2385 1849 2421 tenuitatem

253 2440 483 2490 pervenerit,
500 2449 572 2487 qua
590 2438 734 2475 tastum
754 2435 916 2487 effugiet.
956 2439 1052 2477 Mox
1071 2438 1224 2487 quando
1243 2449 1343 2488 opus
1365 2439 1452 2476 erit,
1483 2438 1718 2477 humectatur
1737 2450 1847 2477 aceto

253 2507 397 2544 aquave
407 2494 497 2532 salsa.
513 2494 716 2531 Latericius
732 2505 855 2531 autem
866 2493 933 2531 fic:
954 2493 1107 2531 Latercs
1121 2519 1128 2533 ‚
1141 2493 1393 2531 ardentissimis
1407 2495 1601 2544 colliquati
1618 2494 1848 2540 fornacibus,

254 2551 359 2588 simili
373 2551 495 2588 modo
505 2559 679 2588 teruntur.
712 2550 829 2586 Simili
842 2552 955 2587 etiam
969 2549 1090 2587 modo
1102 2548 1362 2587 minutissimus
1374 2551 1496 2599 pulvis
1505 2550 1620 2588 faetus
1629 2551 1844 2594 inebriatur,

255 2607 520 2644 conformatur
530 2604 760 2649 stationibus,
772 2604 1068 2655 admoveturque
1080 2617 1204 2657 prunae
1217 2617 1256 2643 ut
1266 2605 1357 2643 nihil
1370 2606 1536 2643 humoris
1546 2617 1770 2657 permaneat,
1785 2605 1846 2642 de-

255 2664 368 2711 nique
379 2661 615 2712 perignescat.
647 2661 802 2713 Qodfi
815 2663 994 2712 puerilem
1016 2671 1161 2699 tantum
1180 2663 1326 2699 urinam
1343 2661 1518 2704 ebiberit,
1541 2664 1646 2700 nullo
1665 2662 1845 2711 fereopus

255 2719 324 2755 erit
334 2719 424 2761 iuni,
435 2721 494 2754 vix
509 2718 672 2769 pauculo
685 2719 831 2766 calore3
855 2717 1090 2766 candensque
1103 2718 1198 2765 (hoc
1211 2728 1350 2755 naturae
1363 2719 1604 2765 miraculum)
1618 2717 1845 2755 considerate

256 2773 417 2809 infusum
439 2775 634 2812 metallum
654 2786 732 2810 non
743 2773 993 2824 ampullescet.
1025 2774 1117 2810 Non
1128 2786 1261 2824 parum
1279 2783 1400 2811 autern
1413 2772 1605 2811 contulisse
1624 2773 1845 2818 judicabitur

257 2829 476 2878 (antequam
490 2830 747 2876 metallijastus
756 2829 836 2875 fiat)
849 2830 1008 2868 candelae
1019 2828 1141 2867 fumus
1152 2828 1332 2876 subjectus
1345 2859 1354 2875 ,
1365 2830 1557 2880 pr'aesettim
1568 2828 1592 2864 fi
1604 2839 1659 2864 res
1669 2828 1721 2864 ita
1732 2827 1845 2866 subti-

255 2886 336 2924 liter
348 2885 472 2923 celata‘
483 2884 630 2926 fuerint,
643 2896 684 2923 ut
694 2886 799 2924 facile
812 2888 981 2933 injuriam
990 2887 1064 2938 pati
1073 2885 1174 2937 posse
1187 2886 1385 2924 videantur.
1398 2887 1574 2923 Dicerem
1585 2883 1753 2932 quidem,
1765 2883 1843 2920 hoe

1761 2939 1842 2977 satis
