2023 3162
284 116 361 153 28*
633 108 1012 147 ELEMENTORVM
1060 103 1489 143 Aneux‘rzervnff.

277 180 390 217 cffcnt
401 189 515 228 quam
525 176 675 215 extimi,
690 185 766 223 atq;
781 176 829 211 ita
840 184 909 223 pro
920 170 1039 210 subtili
1051 170 1214 221 quadam
1224 171 1354 208 umbra
1364 170 1551 216 servirent,
1563 172 1661 221 qu³s1
1673 185 1767 225 opus
1778 187 1858 214 non

276 245 416 272 naturae
428 232 618 278 fuiffet‚sed
629 230 848 276 artis.Cujus
859 226 919 264 hic
930 240 995 280 per
1006 225 1252 265 occaslonem
1260 226 1380 264 visum
1393 228 1627 264 mentionem
1638 228 1859 281 facere,pro-

275 302 360 342 pter
370 289 573 327 amicitiam
585 300 664 338 quae
675 287 737 323 diu
746 286 839 322 inter
849 295 921 320 nos
932 284 1066 333 viguit,
1088 293 1305 332 quanquam
1321 280 1439 318 fateor
1449 294 1537 319 cum
1555 284 1685 329 injuria
1704 288 1860 335 reliqua-

276 359 359 384 rum
370 347 463 384 illius
472 347 650 383 virtutum
663 368 671 382 ‚
693 353 774 390 quae
787 340 904 388 magis
913 339 1068 376 solidam
1080 339 1300 375 memoriam
1310 337 1499 388 postulant
1509 363 1517 377 ‚
1540 349 1653 387 quam
1665 341 1760 378 inter
1770 341 1860 380 festi-

277 415 341 441 vas
354 400 461 439 hasce
471 399 761 437 observationes.
792 394 923 444 Atque
932 394 1012 432 haec
1023 395 1067 431 de
1079 393 1223 430 Hortis.

330 465 452 494 Fontes
464 466 526 493 aut
536 454 616 491 sunt
636 452 781 502 figurati
792 460 856 488 aut
876 450 995 488 solum
1006 451 1097 487 meri
1109 448 1359 498 aquaedustus.
1381 447 1645 498 Utrorumque
1657 451 1860 492 describam

274 510 568 562 incomparabile
578 507 779 560 exemplar.
811 507 974 544 Primum
983 506 1121 543 fastum
1131 505 1251 542 nobili
1268 515 1379 541 manu
1392 502 1575 541 Michaelis
1595 505 1721 558 Angelt'
1730 512 1859 546 Euom-

276 570 398 613 roti‚in
408 567 522 616 figura
530 564 674 614 agrestis
685 564 850 601 foeminae
862 563 1012 600 lavantis
1023 562 1059 598 &
1071 562 1311 611 exprimentis
1323 561 1445 598 lineos
1455 572 1698 611 pannos,quo
1710 563 1793 600 actu
1802 576 1859 602 ex-

275 625 401 674 primit
410 633 525 671 aquas
536 620 663 664 fontis;
677 632 758 669 quae
771 628 848 656 etat
859 617 1004 656 venusta
1015 620 1052 655 δε
1065 617 1235 654 naturalis
1247 617 1417 653 inventio
1430 616 1598 655 Artificis
1610 647 1620 662 ‚
1633 618 1773 655 docens
1785 619 1860 657 hoc

275 688 522 730 praeceptum3
549 687 683 714 omnes
695 675 988 713 deformationes
1000 675 1039 710 in
1050 672 1126 710 hoc
1139 684 1274 722 genere
1291 674 1456 723 proprias
1468 671 1536 711 effe
1548 683 1735 722 oportere.

332 734 509 771 Alterum
521 733 675 782 requirit
683 733 882 781 largiorem
891 727 1164 781 expressionem
1176 742 1183 764 :
1197 727 1310 766 Vadit
1321 729 1654 777 longunureeium,
1664 729 1861 769 herbidum

277 788 337 826 seu
348 787 499 826 muscos
493 800 556 826 um
566 787 830 825 ambulacrum
840 784 1307 824 convenientislatitudinis
1320 813 1330 829 ,
1349 783 1412 821 snb
1423 785 1576 834 pedibus
1586 786 1713 824 molle,
1726 788 1862 835 margi*-

275 855 406 882 natum
418 843 464 880 ab
478 855 640 893 utroque
659 844 771 880 latere
783 842 1002 891 aquaeductu
1024 837 1044 876 ὲ
1066 840 1229 878 candido
1239 839 1323 877 saxo
1336 868 1345 883 ,
1355 841 1514 890 peiroris
1535 841 1728 879 altitudine
1740 869 1750 885 ‚
1772 853 1861 880 cum

276 911 452 938 concavo
464 901 583 937 canali
601 902 638 937 in
651 898 813 948 fastigio,
840 898 903 935 ubi
917 896 1074 947 pulcher
1093 897 1189 933 rivus
1201 895 1392 933 labebatur
1403 925 1413 941 ,
1433 896 1478 933 ad
1490 896 1593 941 cujus
1612 898 1731 934 aciem
1743 898 1862 934 collo-

277 957 464 993 catierant
477 955 687 1005 frequentes
698 965 824 991 tenues
838 952 963 989 fistnlae
983 952 1170 1002 plumbea:
1190 953 1228 988 in
1249 952 1388 1000 exiguis
1406 951 1650 989 foraminibus
1664 982 1673 997 ,
1691 963 1772 990 tam
1784 954 1860 991 ele-

275 1021 403 1061 ganter
414 1038 422 1051 ,
444 1020 482 1048 ut
492 1013 551 1049 vix
564 1011 702 1061 percipi
712 1007 862 1060 possint,
875 1008 997 1044 donec
1010 1007 1239 1045 manubrioli
1250 1006 1466 1052 versatione,
1478 1018 1659 1046 evomant
1669 1019 1804 1057 aquam
1815 1008 1861 1046 ab

276 1079 356 1104 uno
366 1068 475 1103 latere
485 1066 530 1103 ad
541 1067 698 1104 alterum
708 1065 915 1101 alternatim
928 1093 938 1108 ‚
957 1063 1002 1100 ad
1017 1062 1222 1101 humanam
1234 1062 1464 1100 altitudinem
1478 1092 1487 1108 ,
1509 1061 1626 1112 figura
1637 1076 1741 1101 arcus
1754 1089 1762 1102 ‚
1786 1063 1862 1101 fine

277 1124 348 1159 ulla
360 1121 614 1159 interscstione
627 1132 689 1158 aut
701 1122 921 1158 obviatione
931 1118 1085 1159 sursum,
1106 1120 1192 1169 quia
1201 1117 1324 1156 fistulae
1334 1130 1412 1156 non
1423 1118 1505 1157 sunt
1516 1119 1648 1157 directe
1664 1118 1858 1170 oppositae,

276 1180 376 1215 itaut
394 1178 592 1227 spectator,
612 1186 742 1226 praeter
760 1177 799 1213 id
809 1175 914 1224 quod
933 1175 1062 1213 labitur
1073 1176 1112 1212 in
1129 1174 1386 1224 aquaedustum
1405 1176 1592 1224 utrimque
1609 1177 1645 1212 in
1655 1177 1750 1212 illius
1771 1187 1862 1212 con-

274 1233 295 1269 s
288 1233 397 1283 pectu
409 1262 420 1277 ‚
440 1232 609 1269 ambulet
617 1231 680 1268 sub
693 1234 877 1269 continuo
896 1230 1152 1281 hemisphaerio
1164 1241 1269 1279 aquae
1279 1259 1290 1275 ,
1300 1242 1370 1268 nec
1382 1240 1485 1280 gutta
1493 1231 1566 1268 ulla
1576 1233 1614 1268 in
1634 1230 1751 1281 ipsum
1763 1230 1863 1267 deci-

274 1288 346 1324 dat.
382 1289 555 1327 inventio
568 1287 613 1324 ad
631 1286 919 1337 refrigerandum
939 1286 1021 1323 sanc
1032 1287 1239 1338 plurimum
1252 1288 1435 1324 excellens
1447 1298 1578 1324 omnes
1590 1286 1861 1324 Alexandrinas
1899 1321 1903 1326 .

275 1344 422 1381 delicias
436 1373 445 1388 ,
467 1345 502 1380 δε
515 1345 752 1394 pneumatica
768 1343 943 1380 Heronis.
1694 1376 1697 1380 ,

330 1400 540 1448 Speluncae,
553 1399 589 1436 &
598 1398 799 1436 artificialia
809 1400 958 1436 inventa
967 1397 1029 1435 sub
1039 1396 1131 1436 solo,
1145 1409 1288 1447 magnae
1300 1398 1382 1435 sunt
1393 1397 1554 1448 expensae
1566 1427 1576 1442 ,
1599 1399 1637 1435 ὃς
1648 1399 1785 1447 exiguae
1796 1410 1860 1436 au-

274 1454 465 1497 norimus,
478 1467 561 1505 quae
572 1467 656 1493 mea
667 1453 841 1492 sententia
853 1463 983 1504 optem
996 1452 1170 1491 conversa
1180 1453 1304 1491 inillas
1315 1463 1472 1505 cryptas,
1483 1465 1640 1503 quarum
1653 1455 1798 1491 mentio
1808 1457 1860 1492 in-

274 1520 328 1546 ter
345 1511 489 1548 curiosa
507 1523 624 1561 opera
639 1507 798 1562 Tychonis
810 1508 924 1547 Brahae
947 1511 1081 1547 Danici
1094 1510 1306 1549 Ptolemaei,
1332 1511 1385 1546 uti
1407 1511 1545 1547 merito
1563 1509 1679 1559 ipsum
1698 1511 1860 1560 appello:

275 1577 347 1614 que
359 1576 461 1603 erant
471 1566 660 1615 profunde
674 1568 712 1603 in
724 1566 837 1603 hortis
847 1567 1111 1605 concavitates,
1122 1567 1160 1602 in
1169 1566 1306 1615 quibus
1317 1564 1418 1613 stelle
1430 1564 1611 1603 observari
1622 1564 1770 1615 poffunt
1780 1566 1861 1616 ipso

273 1621 439 1657 meridie.
451 1621 557 1658 Nam
567 1621 723 1669 (obiter)
739 1632 878 1672 putare,
891 1619 1153 1659 lucidissimum
1162 1621 1249 1659 solis
1261 1632 1400 1671 corpus
1409 1619 1543 1658 sursum
1554 1650 1564 1664 ,
1587 1633 1754 1670 mergere
1766 1621 1863 1674 aspe-

274 1674 376 1712 &um
387 1678 579 1713 minorum
589 1677 795 1715 luminum,
818 1689 920 1714 error
930 1676 980 1714 est
992 1678 1178 1728 popularis
1191 1691 1202 1720 ·‚
1223 1689 1312 1714 cum
1321 1676 1442 1713 solum
1461 1675 1774 1727 impedimentum
1785 1680 1862 1716 exi-

274 1729 342 1767 stat
351 1729 522 1779 splendor
532 1756 540 1769 ,
563 1733 629 1779 qui
640 1744 705 1781 per
715 1731 960 1770 reflexionem
969 1732 1004 1769 se
1014 1733 1146 1782 spargit
1157 1733 1261 1782 supra
1272 1743 1342 1768 nos
1357 1732 1376 1767 a
1387 1731 1482 1769 facie
1491 1742 1611 1780 terrae3
1632 1734 1681 1769 ita
1690 1742 1729 1769 ut
1740 1744 1860 1771 cavea:

273 1784 380 1835 supra
399 1785 503 1823 dic'tae
513 1797 591 1823 non
604 1787 817 1825 conducant
828 1787 874 1824 ad
890 1787 1108 1825 deliciosum
1119 1817 1130 1832 ,
1147 1785 1208 1826 sed
1227 1787 1383 1824 doctum
1393 1787 1724 1825 oblectamentum.
1754 1801 1762 1812 τ

327 1842 373 1877 In
386 1845 418 1875 A
424 1841 535 1876 viaria
546 1841 774 1884 viminea‚ad
785 1842 962 1879 alendum
974 1844 1097 1879 omnis
1109 1843 1250 1891 generis
1260 1843 1448 1886 volucres,
1460 1843 1539 1879 Itali
1550 1842 1655 1889 (licet
1666 1841 1761 1879 haud
1773 1854 1860 1892 pro-

275 1894 359 1944 diga
380 1897 498 1943 natio)
521 1898 558 1933 in
576 1897 794 1946 quibusdam
812 1898 909 1934 locis
927 1897 1039 1934 vastas
1061 1896 1200 1934 faciunt
1217 1895 1387 1946 expensas
1400 1924 1408 1938 ‚
1430 1898 1661 1936 includentes
1678 1909 1859 1948 magnum

275 1960 381 1989 terrae
391 1951 543 2003 spatium
557 1981 566 1996 ,
578 1954 701 1990 varios
714 1951 865 1989 frutices
876 1951 912 1988 &
922 1952 1095 1989 sublimes
1104 1953 1267 1990 arbores,
1281 1953 1394 1996 rivos,
1408 1954 1444 1991 ὃ(
1457 1953 1656 1991 caldarium
1670 1965 1860 1991 nonnum-

276 2018 391 2054 quam
413 2007 624 2051 adjunaum
652 2008 697 2044 ad
717 2008 844 2044 aerem
867 2007 1071 2055 hybernum
1089 2007 1393 2058 temperandum:
1415 2010 1465 2046 ita
1484 2020 1525 2045 ut
1543 2009 1596 2045 hae
1619 2011 1855 2050 cantatrices,

273 2061 340 2098 nisl
352 2061 448 2100 forte
461 2064 577 2112 magis
589 2063 817 2101 delectentur
827 2064 957 2101 volatu
966 2075 1077 2112 quam
1088 2074 1215 2102 cantu,
1241 2062 1305 2101 diu
1313 2065 1437 2102 vivere
1450 2063 1588 2115 possint
1600 2093 1610 2109 ,
1632 2074 1709 2102 tam
1719 2075 1808 2115 apto
1821 2064 1859 2102 δε

273 2118 488 2154 commodo
500 2119 590 2155 loco
601 2143 609 2156 ‚
639 2129 841 2168 antequam
853 2117 885 2155 se
898 2120 1060 2168 captivas
1069 2118 1290 2169 agnoscant5
1310 2120 1361 2156 ita
1373 2130 1412 2157 ut
1423 2119 1514 2157 mihi
1525 2122 1560 2156 in
1573 2122 1796 2157 memoriam
1806 2132 1858 2157 re-

271 2183 409 2209 vocent
428 2173 647 2211 sententiam
658 2175 822 2212 Romani
835 2176 929 2211 illius
940 2175 1070 2214 Stoici,
1088 2176 1173 2225 qui,
1189 2177 1469 2225 comparatione
1480 2177 1600 2213 liberae
1611 2175 1632 2212 s
1628 2187 1680 2213 uae
1691 2186 1859 2213 contem-

269 2229 443 2278 plationis
457 2254 464 2267 ‚
486 2229 686 2275 judicabat,
709 2241 863 2280 magnas
877 2232 914 2267 ὅ(
928 2229 1131 2281 splendidas
1147 2230 1167 2267 s
1161 2231 1198 2268 ui
1214 2232 1280 2268 aevi
1298 2230 1465 2270 fortunas
1478 2256 1486 2271 ‚
1507 2232 1622 2282 paulo
1641 2232 1766 2270 minus
1787 2230 1857 2270 effe

269 2295 382 2333 quam
401 2285 631 2322 commodos
644 2297 822 2323 carceres.

328 2340 470 2391 Qoad
490 2337 640 2390 Piscinas
659 2341 891 2379 delectabiles
910 2341 1009 2379 circa
1026 2341 1142 2384 tedes,
1161 2341 1317 2380 referam
1338 2354 1400 2380 me
1409 2342 1454 2379 ad
1471 2354 1620 2392 gravem
1640 2342 1855 2382 Austorem

268 2394 471 2432 nostratem
484 2424 494 2439 ,
519 2397 750 2445 (quanquam
768 2399 885 2446 magis
903 2397 1081 2436 illustrem
1098 2397 1152 2435 ob
1161 2398 1263 2435 aliud
1281 2396 1389 2448 ipfius
1410 2410 1506 2448 opus
1519 2398 1565 2436 de
1585 2398 1706 2448 N’ugis
1726 2398 1858 2436 Curia-

268 2450 374 2499 lium)
397 2452 572 2488 nimirum
591 2448 879 2502 sarisburienfi’m
890 2453 935 2489 de
954 2452 1108 2491 Piscina.
1138 2453 1265 2503 Atque
1276 2452 1337 2490 hic
1346 2453 1462 2491 finem
1477 2455 1676 2504 imponam
1686 2449 1855 2493 secundae

269 2507 359 2556 parti
370 2506 415 2543 de
426 2508 654 2545 ornamentis
666 2516 744 2545 tam
756 2507 961 2546 intrinsecis
981 2520 1096 2558 quam
1107 2509 1315 2547 extrinsecis
1325 2508 1582 2547 aedificiorum.

325 2561 441 2599 Nunc
453 2591 462 2607 ,
481 2561 758 2613 sicutiplerique
770 2564 833 2612 qui
853 2564 1083 2602 tradiderunt
1102 2567 1286 2603 elementa
1296 2564 1449 2614 Logicae
1462 2591 1470 2605 ,
1489 2565 1604 2614 vulgo
1623 2566 1854 2604 concludunt

270 2617 387 2664 capite
397 2618 441 2653 de
453 2618 658 2667 meth0d03
681 2616 745 2656 hic
754 2620 918 2669 abripior
926 2620 1048 2670 spiritu
1062 2621 1231 2670 quodam
1250 2621 1387 2658 critico
1400 2645 1408 2659 ‚
1428 2619 1466 2658 &
1478 2632 1572 2658 aveo
1582 2621 1677 2658 hanc
1696 2621 1854 2658 aedifica-

267 2671 416 2708 tionem
445 2676 730 2712 Elementorum
750 2676 975 2713 concludere
995 2676 1213 2715 methodica
1224 2675 1425 2713 diree'tione
1445 2676 1630 2715 iudicandi
1650 2677 1696 2713 de
1706 2677 1855 2714 fabricis

268 2725 342 2770 jam
353 2726 499 2763 structis.
523 2731 672 2768 Etenim
685 2730 757 2767 sine
769 2732 1024 2769 contractione
1037 2732 1165 2778 iudicii
1179 2762 1189 2778 ,
1209 2732 1315 2782 quod
1326 2730 1359 2768 se
1370 2732 1529 2782 perdidit
1548 2744 1610 2783 per
1622 2741 1680 2769 tot
1690 2734 1854 2782 particu-

268 2779 399 2818 larium
411 2781 659 2825 diffusionem,
681 2786 926 2824 existimarem
945 2789 1059 2837 magis
1070 2788 1227 2825 arduum
1238 2817 1248 2832 ,
1263 2787 1409 2825 bonum
1421 2786 1489 2824 effe
1509 2787 1719 2831 censorem,
1738 2799 1851 2836 quam

268 2835 550 2886 Architectum3
573 2842 659 2888 quia
671 2853 828 2892 operans
840 2842 998 2889 adjuvari
1021 2843 1138 2894 potest
1151 2843 1419 2881 deliberatione
1430 2867 1438 2881 ‚
1463 2842 1522 2880 sed
1534 2842 1714 2888 judicium
1735 2854 1852 2894 opor-

267 2899 321 2927 tet
333 2891 443 2928 fluere
454 2892 499 2929 ab
509 2904 803 2945 extemporaneo
814 2897 953 2935 habitu.
987 2899 1114 2951 Qare
1134 2899 1196 2944 (ne
1207 2899 1301 2936 hanc
1318 2908 1461 2948 partem
1474 2897 1640 2934 fraudem
1659 2898 1785 2946 aliquo
1796 2900 1853 2935 lu-

267 2946 387 2995 mine)
401 2949 561 3000 optarim
570 2961 656 2988 eum
667 2954 730 3001 qui
742 2953 1026 3001 judicaturuscst
1036 2955 1080 2991 de
1093 2954 1223 3004 aliquo
1235 2954 1355 2991 nobili
1364 2963 1476 3004 opere
1486 2981 1496 2998 ‚
1508 2954 1633 3003 primo
1644 2956 1853 2992 examinare

1816 3008 1851 3045 se
