2023 3162
230 72 302 109 173
614 55 1452 99 M.V1TRUV11POLL10N18

223 132 335 169 deret,
349 136 495 167 tantum
508 139 612 178 aquae
623 137 724 164 extra
735 126 867 163 solium
877 125 1038 162 effluere.
1073 125 1203 172 Itaque
1215 135 1303 161 cum
1314 125 1388 171 ejus
1402 125 1452 160 rei
1466 125 1649 163 rationem
1662 126 1823 176 explica»

223 187 338 224 tionis
357 184 585 229 offendisset,
604 195 683 220 non
693 182 742 219 est
753 192 917 219 moratus
933 209 942 225 ‚
962 181 1021 217 scd
1033 179 1188 217 exsilivit
1200 179 1341 229 gaudio
1362 191 1489 217 motus
1504 181 1550 218 de
1570 182 1661 218 solio
1675 211 1683 226 ,
1708 183 1743 219 ἃ
1756 196 1823 220 nu-

224 244 294 280 dus
305 241 441 279 vadens
453 240 612 277 domum
624 237 759 282 versus,
769 236 994 287 significabat
1004 237 1099 273 clara
1111 247 1205 273 voce
1218 234 1387 272 invenisse
1396 237 1501 285 quod
1514 249 1701 285 quaereret.
1723 241 1822 277 Nam

224 309 374 336 currens
386 296 586 334 identidem
598 294 721 342 Grece
736 288 989 343 clamabat[f]
1014 288 1402 343 Eripqnoessia'pqnoeffum
1415 304 1507 329 vero
1520 304 1564 328 ex
1578 305 1625 329 eo
1637 295 1824 333 inventio-

225 356 281 392 nis
299 351 450 403 ingressu
462 352 547 389 duas
560 350 694 387 dicitur
703 347 824 386 feciffe
836 347 961 385 massas
982 360 1095 398 aequo
1109 347 1287 398 pondere,
1302 359 1383 396 quo
1397 349 1508 384 etiam
1522 347 1636 385 fuerat
1656 361 1800 388 corona
1814 378 1822 390 ,

226 422 340 447 unam
353 422 396 446 cx
408 420 515 452 auro,
529 406 679 443 alteram
692 417 736 442 ex
748 407 1030 454 argento.Cum
1040 406 1089 441 ita
1100 403 1251 449 fecisset,
1263 416 1321 441 vas
1334 406 1499 455 amplum
1511 404 1556 441 ad
1568 404 1711 442 summa
1724 407 1823 444 labra

226 466 393 515 implevit
413 475 510 511 aqua
522 487 530 500 ‚
553 463 591 499 in
605 473 684 510 quo
694 460 839 499 demifit
851 471 1068 511 argenteam
1082 460 1243 498 massam.
1266 461 1383 505 Cujus
1405 471 1542 509 quanta
1555 462 1773 509 magnitudo
1785 465 1823 499 in

227 521 308 561 vase
320 517 476 569 depressa
489 517 548 555 est.
565 528 715 555 tantum
727 529 830 568 aquae
842 517 991 555 effluxit.
1008 518 1059 554 Ita
1071 526 1242 567 exempta
1255 515 1379 561 massa,
1393 528 1537 565 quanto
1551 519 1675 553 minus
1688 515 1823 555 fadtum

227 578 343 615 fuerat
362 574 495 613 refudit
512 576 589 627 [g]
603 573 758 611 sextario
771 573 931 619 mensus,
943 584 984 612 ut
994 572 1132 612 eodem
1144 573 1286 611 modo,
1308 585 1389 621 quo
1400 574 1495 622 prius
1507 572 1626 610 fuerat
1638 598 1646 612 ,
1670 572 1713 609 ad
1725 573 1826 610 labra

228 640 443 681 aequatetut.
474 632 526 667 Ita
541 642 585 668 ex
604 631 824 675 eoinvenit‚
847 640 1028 680 quantum
1050 629 1096 666 ad
1117 639 1264 666 certum
1282 629 1429 678 pondus
1451 630 1593 679 argenti
1613 630 1711 666 cer'ta
1722 640 1826 678 aquae

226 686 399 726 mensura
411 685 655 738 responderet.
669 688 770 724 Cum
780 686 817 723 id
829 696 1000 737 expertus
1012 685 1109 731 esset,
1123 696 1202 722 tum
1215 697 1366 722 auream
1377 686 1527 723 massam
1539 684 1701 722 similiter
1713 685 1828 735 pleno

227 743 307 782 vase
317 743 462 781 demisit
474 773 483 788 ‚
497 744 532 780 ἀ
545 754 585 780 ea
597 752 785 793 exempta,
795 743 926 780 eadem
939 744 1084 780 ratione
1097 741 1264 779 mensura
1275 740 1414 780 addita,
1436 742 1577 780 invenit
1589 753 1632 778 ex
1644 753 1738 789 aqua
1748 753 1829 778 non

227 811 372 838 tanturn
395 798 581 836 defluxiffe
595 828 604 843 ‚
623 797 683 836 sed
692 809 837 837 tanturn
849 800 972 836 minus
988 828 996 842 ,
1016 808 1197 848 quantum
1219 799 1342 835 minus
1355 809 1496 848 magno
1516 809 1677 849 corpore
1691 797 1830 835 codem

227 855 399 907 pondere
420 856 497 893 auri
508 854 614 893 massa
633 854 717 892 effer
727 867 840 905 quam
861 857 1013 904 argenti.
1046 855 1176 892 Postea
1189 866 1278 891 vero
1289 855 1432 904 repleto
1444 853 1524 893 vase
1536 856 1574 890 in
1593 854 1725 892 eadem
1736 865 1829 902 aqua

227 909 300 963 ipsa
312 924 456 950 corona
468 910 615 948 demiffa
628 937 638 954 ‚
662 912 802 948 invenit
814 911 895 960 plus
908 923 1010 960 aquae
1023 909 1208 948 defluxiss'e
1225 912 1260 947 in
1273 922 1455 948 coronam
1469 940 1478 955 ‚
1502 922 1619 959 quam
1631 912 1667 946 in
1680 921 1831 947 auream

230 969 370 1006 eodem
382 968 548 1018 pondere
560 967 732 1004 massam:
759 969 796 1004 ὃ(
808 968 860 1004 ita
878 978 921 1004 cx
935 979 1002 1006 eo,
1023 967 1126 1016 quod
1138 968 1219 1017 plus
1232 966 1434 1004 defluxerat
1445 979 1546 1015 aquae
1558 968 1595 1003 in
1609 963 1672 1012 [h]
1687 978 1832 1005 corona

233 1036 347 1073 quam
361 1026 396 1060 in
411 1024 534 1068 maffa,
548 1024 807 1062 ratiocinatus,
825 1021 1066 1074 deprehendit
1075 1024 1214 1072 argenti
1224 1025 1262 1060 in
1275 1035 1366 1061 auro
1377 1024 1610 1061 mixtionem,
1626 1024 1662 1059 ὃς
1677 1021 1834 1060 manife-

230 1080 325 1118 stum
343 1080 481 1117 furtum
503 1079 763 1130 redemptoris.
793 1079 1056 1117 Transferatur
1078 1090 1183 1116 mens
1204 1079 1249 1115 ad
1270 1079 1433 1116 Architae
1454 1079 1666 1122 Tarentini,
1687 1081 1724 1116 &
1743 1080 1831 1115 Era-

231 1136 407 1173 tosthenis
420 1137 586 1185 Cyrenaei
607 1136 782 1184 cogitata.
821 1134 870 1171 Hi
885 1137 984 1173 enim
996 1136 1113 1172 multa
1135 1137 1286 1183 &grata
1309 1134 1328 1170 ἐι
1341 1134 1620 1172 Mathematicis
1640 1135 1752 1171 rebus
1766 1134 1833 1171 ho-

232 1191 634 1230 minibusinvenerunt.
667 1192 794 1240 ltaque
809 1203 897 1228 cum
919 1193 955 1228 in
970 1193 1109 1229 caeteris
1120 1192 1394 1229 inventionibus
1414 1189 1571 1235 fuerint,
1597 1192 1690 1239 grati
1702 1191 1738 1226 in
1753 1192 1834 1237 ejus

231 1249 284 1285 rei
302 1248 646 1286 concertationibus
669 1248 833 1285 maxime
844 1246 927 1285 sunt
939 1246 1100 1298 suspeffi.
1134 1248 1245 1284 Alius
1264 1248 1364 1285 enim
1389 1247 1459 1283 alia
1481 1247 1625 1283 ratione
1648 1247 1834 1296 explicare

234 1307 397 1350 curavit,
421 1304 529 1354 quod
551 1304 654 1342 Delo
666 1305 911 1355 imperaverat
923 1302 1099 1355 responsis
1113 1304 1278 1354 Apollo,
1300 1303 1365 1349 [i]
1389 1304 1441 1340 uti
1462 1315 1528 1340 arae
1542 1303 1631 1350 ejus,
1647 1313 1833 1352 quantum

1678 1358 1835 1396 haberet

226 1447 264 1485 f]
296 1449 380 1477 Idem.
404 1450 434 1477 Id
442 1451 485 1483 est,
494 1452 597 1484 Inveni,
608 1452 875 1491 inveni.deprehendi
887 1449 987 1480 furtum
998 1450 1158 1481 fraudulenti
1168 1453 1335 1481 redemtoris.
1348 1451 1482 1480 Plutarchi
1493 1462 1521 1479 ea
1530 1452 1561 1479 de
1573 1462 1600 1480 re
1610 1451 1665 1479 liaec
1677 1449 1736 1478 sunt
1747 1450 1837 1479 verba.

266 1487 443 1525 Axo'ssn&,ail;
455 1491 542 1529 4)oesz
551 1493 584 1520 m'c
592 1494 613 1520 ¹1³
625 1489 778 1528 ιῖωὲχώπως
791 1492 906 1531 &roncas
917 1493 965 1522 τίν.)
975 1491 998 1524 g?
1008 1493 1101 1529 ςεφσίνε
1111 1493 1280 1530 ‘niagno-moins
1291 1493 1324 1520 &a
1333 1490 1387 1524 ἳςνὶς
1397 1494 1495 1531 χςιῐῷχῖἶς
1506 1490 1522 1524 ἦ
1533 1492 1635 1522 {miclau
1645 1490 1831 1529 ἐξέλειπβοῶ-ν,

268 1527 376 1566 Εἵρηυι-
389 1532 407 1559 ἒ
420 1534 476 1563 τέπο
486 1531 605 1564 πολλάκις
613 1531 919 1572 4911'292120&,'25oe'3532r.

229 1572 261 1608 g]
291 1570 375 1599 Idem.
397 1573 516 1601 Verbum
529 1594 535 1605 ,
546 1574 586 1609 cst,
596 1574 774 1612 proculdubio
785 1584 860 1603 vacat
871 1596 877 1607 ,
888 1575 1177 1614 itaque'inducendum·
1199 1578 1240 1604 De
1252 1575 1372 1604 Sextario
1382 1578 1407 1604 &
1418 1574 1525 1613 reliquis
1535 1573 1662 1603 mensuris
1671 1572 1726 1602 dixi
1735 1572 1782 1602 lib.
1793 1583 1833 1602 vr.

276 1622 332 1650 cap.
346 1624 372 1644 9·
393 1615 434 1641 De
444 1615 564 1642 Sextario
574 1617 654 1643 etiarn
665 1614 711 1643 lib.
721 1625 775 1643 vri.
793 1626 850 1654 cap.
862 1626 889 1649 7.

233 1652 265 1688 h]
298 1653 382 1680 ldem.
405 1655 431 1681 Si
443 1656 485 1683 cui
496 1655 611 1693 placebit
624 1665 736 1688 tentate,
747 1658 783 1684 ita
793 1658 951 1695 experietur.
966 1660 1072 1697 Aquam
1083 1669 1141 1696 qnae
1151 1656 1247 1690 effluit,
1257 1666 1312 1685 tam
1321 1656 1351 1685 ad
1362 1657 1417 1685 auri
1431 1660 1455 1685 ὃ(
1467 1656 1583 1697 argenti,
1592 1666 1671 1694 quam
1680 1655 1711 1684 ad
1725 1665 1834 1684 coronae

276 1690 641 1736 immiffionem,1ingulatim
654 1698 793 1725 communi
806 1698 895 1736 aliquo
907 1698 1032 1726 mensurae
1040 1708 1085 1727 aut
1094 1700 1216 1738 ponderis
1227 1708 1323 1739 genere
1332 1698 1502 1728 dimetiatur,
1516 1697 1690 1735 numerusque
1709 1697 1763 1731 ejus
1781 1697 1832 1723 five

276 1733 409 1771 ponderis,
421 1735 472 1764 sive
485 1737 620 1770 mensurat,
632 1748 691 1777 quae
701 1739 756 1766 auri
768 1737 924 1767 irnmiffioni
935 1739 1083 1775 respondet,
1095 1750 1207 1768 vocetur
1219 1741 1244 1772 b,
1253 1749 1311 1778 quae
1321 1740 1425 1775 argenti
1437 1749 1460 1769 c.
1472 1749 1530 1777 qux
1542 1748 1649 1766 coronae
1659 1739 1684 1765 d.
1698 1736 1836 1764 Subduca-

277 1773 357 1818 turb,
368 1773 382 1802 ,i
393 1785 416 1806 c,
429 1780 453 1804 δε
465 1778 596 1816 reliquum
605 1778 635 1806 fit
648 1776 676 1811 f4
688 1783 711 1807 ὅ(
722 1778 737 1807 ,i
749 1780 775 1813 d5
788 1783 812 1808 ὁ(
825 1780 955 1818 reliquum
967 1781 995 1808 iit
1007 1790 1026 1821 g
1042 1793 1048 1812 ς
1067 1785 1090 1809 ὃ(
1102 1782 1127 1814 d,
1138 1780 1152 1809 εἰ
1166 1791 1179 1809 c
1192 1794 1198 1813 ς
1211 1784 1233 1809 &
1244 1773 1374 1818 reliquum
1384 1781 1413 1807 sit
1425 1779 1450 1808 h.
1471 1780 1560 1807 Postea
1571 1779 1673 1816 pondus
1685 1786 1794 1804 coronae
1803 1778 1836 1804 fi-

275 1812 421 1858 gnrficetur
429 1816 518 1855 aliquo
530 1828 651 1851 numero.
661 1823 685 1847 ἃ
695 1820 725 1848 lit
735 1820 752 1848 l.
762 1822 893 1849 Partiatur
903 1821 912 1848 l
921 1832 965 1860 per
976 1819 995 1853 f,
1006 1819 1165 1850 &efficietur
1178 1832 1212 1849 m:
1223 1825 1247 1850 δέ
1260 1821 1419 1859 multiplicet
1431 1830 1456 1847 m
1468 1830 1487 1859 g
1499 1835 1505 1852 ;
1519 1823 1545 1847 &
1554 1817 1633 1846 faciat
1644 1827 1672 1845 n:
1683 1820 1707 1845 ὃ(
1718 1816 1746 1849 h;
1760 1821 1783 1845 &
1794 1816 1836 1845 fa-

277 1863 329 1881 c¹³t
341 1853 487 1891 P=Affes0rl
499 1859 600 1895 pondus
610 1870 718 1888 coronae
730 1871 775 1897 per
785 1871 856 1889 xvu.
869 1861 972 1900 septimi
984 1862 1029 1889 lib.
1042 1863 1157 1890 Euclidis
1169 1873 1199 1889 ex
1212 1872 1228 1900 p
1241 1862 1355 1900 pondere
1364 1862 1418 1888 auri
1428 1865 1450 1888 8<
1462 1870 1477 1887 n
1490 1860 1603 1897 pondere
1614 1859 1719 1898 argenti
1730 1860 1836 1886 consta-

277 1903 316 1922 re.
327 1896 456 1924 Narratur
467 1900 490 1924 &
499 1898 513 1925 ὲ.
528 1898 724 1936 QRhemmio
735 1902 834 1928 Fannio
848 1902 1034 1932 Palaemonem
1048 1902 1098 1929 fine
1110 1902 1232 1929 libellide
1243 1901 1402 1939 ponderibus
1415 1904 1438 1928 &
1448 1899 1641 1931 mensuris,alia
1651 1899 1734 1926 ratio:
1745 1909 1835 1937 quam,

278 1935 339 1974 quia
351 1946 403 1963 non
416 1937 460 1964 nili
472 1937 592 1974 plurimis
605 1939 719 1967 vertibus
731 1941 859 1977 exposuit,
873 1952 926 1968 non
938 1942 1015 1969 video
1025 1940 1198 1969 necessarium
1210 1951 1255 1969 cur
1265 1940 1424 1968 adscribam:
1438 1940 1496 1968 satis
1507 1938 1586 1968 fuerit
1598 1937 1722 1967 indicasse
1733 1940 1836 1974 locum,

278 1975 348 2004 unde
359 1977 412 2014 peti
424 1974 513 2015 possit.
531 1978 683 2016 Explicatur
694 1983 718 2007 &
729 1979 744 2007 a
756 1983 870 2008 Gemma
882 1982 962 2008 Frilio
972 1983 997 2008 in
1009 1982 1172 2019 compendio
1184 1981 1377 2008 Arithmeticae.

235 2018 257 2052 i]
294 2016 378 2044 Idem.
390 2018 451 2045 Erat
463 2018 489 2046 in
500 2018 600 2047 cubum
611 2019 754 2057 duplicare,
763 2030 819 2048 rcm
831 2022 918 2049 multo
928 2019 1262 2061 difficillimam.Arguebat
1275 2021 1738 2060 DeliosApollo,quodGeometriam
1751 2022 1838 2062 negli-

277 2067 383 2095 gerent.
404 2060 474 2097 Qae
484 2069 523 2087 res
532 2056 655 2093 fufiffimc
667 2062 793 2089 tractatur
804 2061 837 2089 ab
848 2062 1018 2089 Eratosthene
1030 2063 1144 2101 Epistola
1153 2064 1183 2090 ad
1195 2063 1381 2091 Ptolemaeum.
1391 2066 1413 2090 ὃ(
1427 2064 1527 2089 Ioanne
1539 2063 1726 2090 Grammatico
1738 2063 1763 2090 in
1775 2073 1838 2090 ana-

277 2098 367 2136 lytica:
382 2100 529 2127 Aristotelis
539 2100 608 2128 libro
629 2103 777 2139 (quantum
789 2103 923 2136 memini)
946 2104 1042 2140 primo.
1064 2103 1122 2137 Ejus
1134 2104 1205 2131 enim
1218 2104 1317 2130 codicis
1329 2103 1393 2130 mihi
1405 2112 1473 2130 nunc
1487 2105 1563 2141 copia
1575 2113 1629 2130 non
1640 2104 1684 2131 est.
1710 2101 1838 2132 Refertur

277 2139 359 2166 etiam
372 2136 386 2166 ,i
398 2139 541 2168 Plutarcho
553 2140 623 2168 libro
633 2141 665 2169 de
675 2143 791 2170 Socratis
805 2146 948 2171 Daemomo
960 2164 965 2173 ,
976 2147 999 2170 δι’
1011 2144 1024 2171 a
1037 2141 1186 2172 Beffirione
1203 2142 1362 2172 defentionis
1380 2143 1499 2171 Platonis
1510 2144 1556 2171 lib.
1569 2154 1588 2171 1.
1600 2154 1656 2182 cap.
1669 2148 1693 2171 8.
1717 2144 1839 2181 Qdam

279 2178 380 2217 scriptis
392 2180 583 2218 prodidit,cubi
592 2182 802 2221 duplicationem
812 2184 954 2212 inventurn
966 2182 1017 2211 effe
1031 2185 1269 2215 Platonis.duarum
1278 2185 1406 2212 linearum
1416 2185 1549 2212 rectarum
1560 2185 1654 2213 mediis
1665 2184 1765 2212 duabus
1777 2195 1839 2223 pto-

281 2220 475 2258 pottionalibus
487 2223 606 2260 repertis.
629 2222 813 2251 Eratosthenes
825 2233 913 2252 tamen
924 2224 994 2253 dista
1005 2225 1119 2263 Epistola
1130 2226 1223 2253 tribuit
1234 2226 1394 2263 Hippocrati
1407 2224 1488 2256 Chio,
1502 2235 1530 2254 ut
1542 2226 1658 2265 legimus
1670 2225 1737 2263 apud
1749 2228 1838 2253 Geor-

279 2261 356 2299 giuin
369 2261 468 2290 Vallam
480 2262 527 2290 lib.
537 2265 702 2292 Geometriae
713 2274 808 2303 quarto
817 2286 823 2295 ‚
841 2264 893 2292 hoc
903 2266 937 2293 est
949 2266 1162 2303 expetendorum
1172 2270 1194 2294 3<
1206 2265 1397 2305 fugiendorum
1408 2275 1435 2293 xi
1444 2275 1476 2292 it.
1489 2267 1514 2293 in
1526 2266 1593 2294 hanc
1603 2264 1655 2294 fere
1666 2266 1836 2295 sententiam.

281 2301 413 2340 Tragicus
424 2303 529 2340 quidam
542 2304 689 2333 introduxit
701 2306 795 2333 Minoa
808 2306 912 2334 Glauco
922 2305 1071 2343 sepulcrum
1083 2307 1197 2336 excitare
1209 2308 1345 2335 volentem
1355 2308 1570 2346 interrogatum,
1587 2317 1701 2344 quanam
1713 2307 1738 2334 id
1751 2306 1838 2347 figura

281 2341 369 2369 extrui
380 2342 479 2375 mallet,
491 2342 648 2382 respondisse
660 2345 763 2378 cubica,
775 2345 818 2374 sed
830 2348 867 2374 ita
879 2355 907 2375 ut
918 2346 955 2374 bis
965 2356 1069 2375 tantum
1078 2357 1193 2386 caperet,
1205 2357 1334 2386 quantum
1342 2347 1424 2375 cubus
1435 2368 1441 2380 ‚
1450 2349 1495 2385 qui
1505 2347 1703 2385 quoquoversus
1715 2345 1778 2375 essct
1790 2359 1837 2387 pe-

281 2381 345 2409 dum
355 2391 474 2410 centurn.
498 2384 797 2422 Qidam,utidfie1·et,
807 2388 909 2425 putavit
923 2387 988 2416 latus
999 2389 1208 2427 unumquodque
1218 2389 1327 2427 duplum
1340 2386 1390 2416 effe
1401 2385 1562 2418 faciendum,
1573 2388 1760 2416 hallucinatus.
1775 2389 1839 2417 Ete-

282 2423 339 2450 nim
349 2423 475 2452 lateribus
485 2424 623 2462 duplicatis
636 2427 742 2464 planum
754 2427 894 2466 quodlibet
905 2429 1079 2467 quadruplum
1091 2427 1267 2459 efficiebatur,
1279 2428 1362 2466 ipsum
1374 2439 1438 2456 vero
1449 2427 1561 2456 solidum
1572 2429 1722 2467 ostuplum.
1749 2432 1838 2468 Qje-

281 2464 360 2491 fitum
371 2473 611 2504 concertatumque
622 2467 666 2498 cst,
680 2477 798 2505 quonam
810 2468 893 2496 modo
902 2470 1068 2507 propoiitum
1077 2469 1189 2498 solidum
1200 2471 1224 2497 in
1237 2481 1265 2498 ea
1276 2467 1360 2496 forma
1372 2479 1527 2507 permanens
1540 2469 1668 2508 duplicati
1677 2466 1771 2508 posset.
1783 2472 1838 2498 Res

281 2504 313 2532 ad
323 2508 481 2532 Geometras
492 2505 572 2533 relata
583 2506 631 2538 est;
642 2507 891 2547 ambigentibusque
902 2511 1004 2538 coeteris
1016 2531 1022 2543 ‚
1035 2511 1214 2549 Hippocrates
1227 2510 1310 2539 Chius
1324 2510 1449 2537 indicavit
1460 2508 1515 2537 fieri
1527 2510 1551 2537 id
1561 2508 1643 2549 posse,
1655 2511 1672 2537 fi
1684 2511 1837 2538 constitutis

281 2544 464 2573 duabuslineis
474 2567 481 2576 ‚
501 2556 612 2584 quarum
625 2547 710 2583 major
721 2550 829 2576 minoris
841 2546 904 2577 effet
914 2550 992 2588 dupla
1003 2572 1010 2583 ,
1029 2551 1087 2579 duae
1097 2551 1189 2579 mediae
1198 2553 1225 2578 in
1237 2551 1364 2579 continua
1375 2552 1551 2589 proportione
1568 2552 1758 2579 invenirentur.
1778 2551 1837 2578 Ali-

281 2594 384 2623 quanto
393 2587 449 2624 post
459 2587 607 2619 Delii,cum
619 2589 728 2616 oraculo
742 2589 872 2627 Apollinis
882 2591 1036 2624 juberentur
1045 2602 1116 2619 aram
1128 2592 1204 2630 ipiius
1213 2592 1357 2630 duplicare,
1368 2601 1513 2630 neqiie.qu.1
1524 2591 1548 2619 id
1560 2590 1616 2619 fieri
1626 2588 1711 2630 posset
1723 2591 1838 2624 ratione,

282 2625 341 2670 satis
355 2627 484 2659 viderent,
495 2627 656 2668 objurgante
667 2629 787 2663 Platone,
801 2631 881 2668 quiin
892 2632 1034 2659 Academia
1046 2641 1119 2660 erant
1130 2653 1136 2665 ,
1156 2636 1316 2660 Geometras
1329 2645 1335 2663 ς
1355 2632 1475 2659 Architas
1487 2633 1647 2659 Tarentinus
1659 2642 1704 2670 per
1714 2631 1840 2670 hemicy-

283 2666 394 2699 ltndros,
408 2669 532 2696 Eudoxus
541 2679 585 2705 pet
596 2670 703 2698 inflexas
714 2670 794 2698 lineas
803 2671 1050 2700 demonstraverunt
1062 2694 1068 2703 .
1088 2672 1129 2701 sed
1141 2684 1232 2711 parurn
1244 2674 1274 2701 ad
1285 2673 1358 2700 usum
1372 2694 1378 2704 .
1396 2682 1423 2700 ut
1435 2675 1524 2700 caeteri
1539 2683 1630 2700 omnes
1642 2693 1648 2703 .
1669 2681 1764 2710 praeter
1774 2673 1837 2700 Me-

283 2707 438 2740 nechmum,
450 2711 495 2747 qui
505 2709 583 2738 breve
594 2710 718 2748 quiddam
729 2714 752 2739 3:
763 2710 952 2740 subobscurum
963 2714 1078 2751 reliquit.
1103 2715 1194 2741 Postea
1208 2713 1390 2741 Eratosthenes
1400 2714 1606 2741 instrumentum
1616 2710 1752 2741 formavit⁴
1764 2713 1841 2741 Valla

282 2747 354 2775 idem
365 2750 495 2777 rationem
505 2750 721 2780 inveniendarum
734 2753 878 2780 mediarum
890 2754 1179 2792 proportioimlium.ex
1191 2754 1318 2782 sententia
1332 2754 1629 2785 ArchimedisAEutocii,
1643 2754 1770 2785 Platonis,
1782 2754 1841 2781 He-

283 2789 364 2832 ronis.
376 2788 493 2833 Philonis
506 2792 626 2824 Biz-uitii,
640 2793 786 2830 Apollonii,
797 2794 910 2825 Dioclis,
924 2795 1011 2833 Pappi.
1024 2796 1094 2826 Pori.
1108 2795 1274 2826 Menechmi.
1287 2794 1404 2822 Architae
1416 2815 1422 2825 ‚
1446 2794 1634 2825 Eratosthenis,
1649 2794 1800 2832 Philoponi,
1813 2799 1840 2823 δε

283 2830 487 2873 Πῑοῦγίῑῡᾶοῐὶ»
497 2833 591 2859 eodem
603 2832 666 2860 loco
678 2833 781 2861 tradere
790 2844 902 2862 conatus
911 2835 955 2863 cst.
968 2836 1036 2863 Haec
1046 2846 1099 2875 ego
1107 2835 1266 2874 scripseram,
1275 2845 1336 2863 curn
1346 2833 1476 2862 beneficio
1488 2834 1627 2872 Rodolphi
1636 2836 1672 2861 Pii
1685 2837 1838 2873 Carporum

283 2869 428 2914 Cardinalis
439 2868 507 2899 faCta
515 2872 549 2899 est
561 2872 625 2900 mihi
634 2875 711 2912 copia
721 2874 825 2903 videndi
837 2875 1029 2914 exscribendiq;
1045 2878 1177 2911 (curante
1189 2877 1213 2904 id
1225 2878 1373 2904 Mrecenate
1384 2873 1457 2909 meo)
1476 2875 1643 2903 Archimedis
1655 2876 1686 2903 de
1698 2876 1803 2914 Sphaera
1813 2880 1839 2904 &

282 2909 415 2948 Cylindro
426 2920 487 2938 cum
499 2914 664 2942 enarratione
677 2916 784 2943 Eutocii
796 2916 932 2948 volumen,
945 2925 1106 2945 ornamento
1116 2915 1234 2945 futurum
1245 2911 1433 2957 augustiffimae
1444 2915 1480 2942 illi
1490 2920 1511 2943 ἃ
1525 2913 1727 2944 ιήίὶωεῖῐῖἷῖιυπ
1736 2917 1839 2944 Biblio-

281 2949 375 2984 thecae‚
386 2960 466 2990 quam
476 2960 513 2984 tu,
526 2961 587 2981 toto
598 2953 663 2983 orbe
674 2963 804 2984 terrarum
813 2957 935 2985 maximis
945 2957 1091 2997 sumptibus
1109 2958 1263 2995 conquilitis
1273 2958 1393 2986 Omnium
1403 2955 1601 2995 disciplinarum
1609 2960 1632 2986 ἃ
1641 2958 1794 2998 linguarum
1806 2957 1838 2984 li-

1761 2998 1814 3027 bris
1818 3021 1826 3034 ,
