2023 3162
533 26 947 67 Cottum-tanim
992 36 1051 65 nt
1092 25 1336 69 Prervna.
1677 38 1728 77 ὅς

133 96 361 138 datiffimum
374 96 474 144 effer,
485 98 626 136 Pium-a
636 98 815 136 redderet.
827 96 1005 148 AEquales
1019 101 1107 144 eiuS,
1121 101 1157 137 <St
1171 101 1308 140 aemuli,
1321 99 1422 138 fuere
1435 101 1638 143 Timantes‚
1654 103 1735 141 An·-

133 154 554 206 drocides,Eupompus‚
563 156 599 192 Se
611 154 969 192 Pai·thafius.Primus
981 154 1041 192 hic
1053 155 1301 203 symmetriam
1314 157 1461 206 pieturae
1472 158 1733 208 dedit,primus

131 211 292 260 argutias
303 211 663 260 vultus‚elegantiam
675 211 810 261 capilli,
824 210 1012 249 venustate
1025 212 1111 248 oris.
1125 211 1195 249 Sed
1206 213 1244 248 in
1259 213 1429 249 extremis
1440 213 1543 250 lineis
1553 217 1731 252 omnium

130 266 314 304 artificum
327 265 502 303 consensu
514 266 664 303 laudem
675 266 826 316 adeptus
837 266 939 310 est,in
952 266 1082 304 mediis
1094 267 1314 319 corporibus
1326 268 1523 318 pingendis
1536 281 1615 306 non
1626 282 1730 320 :eque

130 321 358 359 laudabatur.
388 323 556 360 Maxime
565 331 689 359 tamen
709 321 927 359 nobilitatus
939 322 1010 359 fuit
1030 324 1237 371 certamine
1250 324 1329 360 illo.
1362 324 1571 361 Zeuxidem
1584 324 1730 374 supera-

130 379 202 417 vit,
226 376 503 428 ingenuaipfius
524 377 697 414 Zeuxidis
719 376 954 415 confessione
967 407 977 423 ,
997 379 1145 428 quodis
1165 380 1243 417 uvis
1255 380 1359 430 pletis
1370 390 1454 417 aves
1468 389 1610 417 tantum
1622 380 1728 418 fefel-

129 433 243 477 lisset,
261 433 319 470 sed
341 432 545 470 Parrhasius
565 432 746 470 artificem
765 432 884 483 ipsum
904 433 1130 482 flagitantem
1148 445 1298 472 remoto
1316 435 1435 472 linteo
1454 435 1595 473 ostendi
1606 436 1728 485 pichi-

129 500 208 526 tam
219 515 227 528 ‚
253 500 341 526 cum
351 490 522 526 tamenin
532 500 574 525 ea
585 487 708 526 tabula
719 488 807 526 nihil
818 499 947 539 praeter
956 490 1115 526 linteum
1127 490 1265 540 pie'tum
1277 489 1370 527 effet.
1405 491 1454 528 Ea
1465 502 1553 529 tunc
1565 493 1728 542 penicilli

129 546 207 582 laus
218 543 307 582 fuit,
323 556 446 581 rerum
457 543 594 594 species
604 555 775 582 accurate
785 546 945 594 pingere.
956 545 1030 595 lpse
1041 557 1133 584 vero
1146 545 1348 584 Parrhasius
1362 545 1381 582 a
1395 548 1576 584 Timante
1586 548 1728 598 supera-

131 610 192 637 tus
210 599 260 636 est
279 601 317 636 in
336 599 477 647 Aiace,
497 600 928 649 armorumquejudicio.
960 599 1077 638 Unde
1089 601 1244 638 moleste
1261 601 1295 639 se
1315 601 1408 639 ferre
1429 602 1596 648 dicebat,
1618 603 1726 652 quod

128 655 223 703 Ajax
234 657 371 692 iterum
384 655 429 692 ab
438 654 595 704 indigno
607 656 721 692 vietus
733 655 790 691 eff
782 665 830 691 et.
845 656 920 693 Hie
931 657 1125 694 Timantes
1137 667 1254 694 artem
1264 659 1362 696 viros
1377 659 1551 708 pingendi
1564 658 1724 697 artificio

127 712 196 749 suo
216 712 436 761 complexus
455 710 514 747 est.
546 710 704 748 Addidit
723 720 897 760 praeterea
916 713 1074 760 argutias
1093 713 1261 762 picturae,
1286 725 1374 750 cum
1392 715 1429 751 in
1448 716 1525 761 ejus
1547 714 1725 765 operibus
1759 718 1761 720 ’

127 769 208 818 plus
220 767 360 830 semper
370 767 652 815 intelligeretur,
666 776 781 815 quam
794 766 933 815 pidum
944 765 1037 803 effer.
1070 769 1260 830 Exemplis
1272 769 1411 806 Plinius
1424 781 1503 806 rem
1520 771 1722 808 illustravit.

129 824 239 869 Ejus,
252 824 391 872 inquit,
407 821 667 871 &Iphigenia‚
679 832 756 870 qua
775 821 908 859 astante
921 821 966 859 ad
977 833 1053 859 aras
1066 825 1246 872 peritura,
1263 836 1351 861 cum
1372 826 1529 862 moestos
1553 826 1721 876 pinxiilet

129 890 288 922 omneS,
308 878 488 927 praecipue
499 887 694 926 patruum,
720 876 841 923 &jam
855 876 1001 914 tristitiae
1021 890 1179 915 omnem
1201 880 1406 927 imaginem
1428 881 1720 931 consumpliflet,

127 945 236 985 patris
246 933 352 984 ipsius
373 934 517 971 vultum
537 933 693 972 velavit,
714 944 829 981 quem
840 933 950 982 digne
969 945 1048 970 non
1060 928 1206 983 poterat
1223 934 1425 971 ostendere
1455 935 1600 973 Addit
1581 950 1625 974 cc
1647 939 1722 985 Cy-

128 991 240 1040 clope
251 989 479 1026 dormiente
470 1001 508 1025 in
518 999 606 1038 parv
610 999 627 1024 a
640 987 780 1032 tabula,
791 990 846 1035 cuj
852 1000 891 1025 us
902 989 1198 1038 magnitudinem
1209 991 1414 1041 exprimere
1427 993 1593 1042 cupiens,
1606 994 1722 1041 pinxit

129 1048 228 1093 juxta
238 1043 373 1093 satyros
384 1042 508 1092 thyrso
517 1044 696 1094 pollicem
710 1045 787 1090 ejus
797 1046 1004 1082 metientes.
1022 1043 1149 1082 lisdem
1162 1044 1235 1082 fere
1246 1045 1476 1095 temporibus
1488 1046 1616 1084 floruit
1629 1048 1719 1084 Paua

124 1100 813 1148 fiasSicyonius.ls,inquitPlinius,eam
825 1101 1005 1150 picturam
1017 1102 1156 1150 primus
1169 1102 1438 1149 invenit-quam
1453 1102 1575 1152 postea
1588 1104 1722 1141 imitati

123 1158 205 1194 sunt
217 1156 328 1193 multi
341 1158 510 1205 ,aequavit
521 1168 650 1193 nemo.
673 1155 777 1193 Ante
788 1158 917 1193 omnia
930 1168 1017 1194 cum
1030 1156 1303 1206 longitudinem
1318 1157 1428 1195 bovis
1440 1156 1631 1195 ostendere
1643 1160 1720 1196 vel-

123 1215 185 1253 let,
200 1211 390 1250 adversum
402 1224 489 1248 eum
501 1212 616 1263 pinxit
627 1237 637 1253 ‚
650 1224 730 1249 non
742 1211 990 1257 transversum,
1004 1214 1103 1250 unde
1117 1215 1153 1249 ἃ
1164 1213 1307 1250 abunde
1318 1213 1534 1261 intelligitur
1546 1215 1718 1265 amplitu-

125 1269 190 1305 do.
203 1266 351 1304 Deinde
364 1279 451 1304 eum
464 1279 599 1304 omnes
611 1269 673 1317 qui
683 1269 815 1306 volunt
827 1270 1028 1305 eminentia
1038 1269 1151 1307 videri
1165 1298 1174 1312 ,
1195 1269 1426 1306 candicantia
1435 1268 1586 1310 faciant,
1607 1270 1720 1307 colo-

122 1335 278 1373 remque
291 1323 472 1361 condiant
484 1325 607 1373 nigro,
620 1324 680 1361 hic
691 1334 817 1362 totum
829 1324 970 1363 bovem
983 1326 1049 1362 atri
1062 1326 1201 1362 coloris
1214 1324 1315 1369 fecit,
1329 1324 1506 1375 umbraeq3
1523 1336 1660 1377 corpus
1671 1337 1717 1363 ex

121 1379 197 1430 ipsa
218 1379 337 1418 dedit,
361 1391 494 1429 magna
514 1380 658 1430 prorsus
676 1390 774 1426 arte,
794 1382 831 1417 in
852 1392 961 1430 aequo
984 1381 1156 1419 exstantia
1178 1380 1372 1418 ostendens
1386 1410 1396 1426 ,
1417 1381 1452 1418 ἃ
1472 1383 1509 1418 in
1522 1380 1718 1418 confi·a&to

123 1434 247 1473 [olida.
285 1434 359 1472 Sed
375 1436 412 1473 in
433 1434 488 1472 his
507 1435 702 1486 postremis
721 1436 842 1474 verbis
863 1438 993 1474 malim
1013 1438 1050 1474 in
1073 1438 1293 1482 contraitm
1314 1448 1425 1486 quam
1448 1439 1485 1474 in
1503 1436 1718 1475 confr-atro.

124 1493 223 1530 Nam
236 1492 270 1527 in
283 1503 330 1527 eo
348 1492 522 1541 exemplo
534 1492 610 1528 duo
630 1493 766 1530 Plinius
785 1492 962 1530 adnotare
983 1494 1114 1530 voluit.
1125 1493 1292 1531 Primum
1305 1493 1409 1542 quod
1428 1494 1566 1531 umbrae
1579 1503 1720 1543 corpus

122 1548 276 1591 dederit,
290 1559 367 1584 non
381 1548 525 1585 aliunde
534 1549 653 1598 petito
663 1550 802 1586 lumine
814 1561 926 1598 quam
939 1561 981 1586 ex
994 1548 1068 1599 ipsa
1081 1550 1224 1587 umbra.
1248 1549 1424 1587 Alterum
1437 1549 1540 1598 quod
1552 1551 1589 1586 in
1601 1548 1720 1598 figura.

122 1604 312 1642 contrasta
326 1603 485 1640 solidum
499 1616 635 1655 corpus
647 1603 858 1642 ostenderit.
889 1605 1096 1643 Euxenides
1110 1604 1269 1642 Aristide
1279 1603 1456 1656 discipulo
1469 1605 1640 1642 inclaruit
1655 1633 1663 1648 ‚
1677 1613 1719 1641 ut

122 1662 344 1710 Eupompus
363 1659 559 1710 Pamphilo
572 1689 580 1705 ,
602 1670 643 1698 ut
664 1660 724 1698 hic
745 1661 891 1711 Apelle.
923 1662 1149 1712 Eupompus
1168 1672 1208 1697 ea
1222 1659 1289 1698 fuit
1308 1663 1504 1698 autoritate
1517 1690 1526 1705 ‚
1546 1671 1586 1698 ut
1598 1660 1717 1711 pietu-

120 1727 212 1755 ram.
223 1717 322 1762 cujus
333 1715 410 1752 duo
422 1726 527 1753 erant
538 1727 691 1764 genera,
712 1717 965 1762 Hellanicum,
977 1719 1013 1755 ὅ(
1028 1716 1258 1761 Asiaticum,
1277 1719 1313 1754 in
1326 1718 1393 1754 tria
1410 1715 1578 1754 diviserit.
1610 1716 1716 1752 Atti-

121 1782 209 1808 cum
223 1800 232 1814 ‚
255 1772 432 1808 Ionicum
445 1801 455 1816 ‚
476 1773 513 1809 δε
526 1773 769 1820 Sicyonicum
784 1798 792 1811 ,
814 1773 858 1810 ab
877 1783 1007 1810 autore
1025 1772 1074 1809 fic
1095 1772 1257 1815 dietum,
1288 1785 1375 1810 cum
1398 1772 1482 1810 esset
1501 1773 1711 1821 Sicyonius.

120 1825 333 1877 Pamphilus
347 1828 524 1864 omnibus
535 1829 646 1864 literis
664 1828 826 1865 eruditus
836 1829 880 1865 ad
892 1827 1112 1867 severiorem
1124 1840 1301 1866 normam
1320 1829 1498 1879 pifitiram
1509 1829 1712 1865 revocavit.

121 1882 158 1918 Si
170 1882 323 1931 quidem
342 1882 414 1919 fine
426 1882 657 1920 arithmetica
670 1913 679 1927 ,
702 1884 738 1920 &
750 1886 969 1933 geometria,
982 1886 1143 1934 negabat
1162 1884 1342 1922 artificem
1356 1883 1480 1934 perfici
1492 1882 1601 1934 pofl'e.
1632 1884 1715 1919 Iam

121 1947 181 1975 tot
191 1937 373 1975 artificum
386 1938 555 1976 manibus
568 1940 712 1977 exculta
722 1940 767 1976 ad
778 1939 879 1977 suum
890 1939 1007 1978 finem
1019 1951 1233 1990 pervenerat
1250 1940 1411 1977 PiC'mra,
1435 1951 1503 1975 nec
1514 1949 1637 1976 tamen
1649 1938 1714 1975 ad-

121 1993 195 2030 huc
206 1992 341 2043 species
353 1994 411 2031 illa
422 1994 704 2044 pulchritudinis
716 1997 751 2031 in
765 2007 805 2032 ea
816 1994 1009 2034 refulserat,
1026 1995 1201 2032 nondum
1211 2007 1293 2032 eam
1306 1993 1473 2031 inviserat
1486 1994 1629 2032 Venus,
1644 1993 1714 2029 do-

122 2060 194 2085 nee
213 2049 366 2098 Apelles
378 2061 461 2086 eam
475 2050 618 2099 pieturae
631 2051 846 2088 conciliavit
858 2050 1078 2102 Olympiade
1092 2062 1157 2087 cX1
1172 2063 1185 2086 1
1195 2079 1203 2086 .
1233 2051 1357 2098 Itaque
1370 2062 1457 2085 cum
1469 2048 1598 2084 eadem
1611 2058 1715 2085 :etate

123 2102 399 2156 praestantissimi
419 2105 578 2153 pictores
597 2105 726 2149 ess'ent,
744 2107 919 2142 omnium
932 2118 1046 2154 opera
1058 2104 1326 2143 admirabatur,
1347 2104 1521 2140 laudabat
1537 2105 1715 2152 ingenue.

124 2159 293 2197 Cedebat
314 2158 582 2210 Amphionide
594 2159 852 2209 dispositione,
873 2157 1155 2210 Asclepiodoro
1168 2159 1410 2196 demensnris.
1428 2159 1472 2195 de
1494 2158 1716 2207 Protogone

122 2217 244 2253 dicere
256 2215 534 2259 solitus,omnia
545 2214 609 2250 sibi
621 2226 706 2251 eum
717 2216 783 2251 illo
795 2215 894 2264 paria
905 2213 986 2258 effe,
998 2224 1059 2250 aut
1069 2215 1121 2250 illi
1133 2215 1289 2251 meliora
1303 2244 1310 2257 ,
1323 2213 1436 2251 deess'c
1448 2225 1575 2251 tamen
1589 2215 1716 2251 omni-

123 2272 194 2309 bus
213 2272 255 2307 iis
274 2271 377 2307 illam
396 2271 584 2308 Venerem
603 2269 747 2307 dicebat
762 2299 771 2315 ,
793 2280 907 2318 quam
929 2270 1051 2307 Graeci
1072 2269 1225 2307 Charita
1244 2280 1404 2307 vocant.
1436 2280 1564 2307 caetera
1583 2271 1715 2306 omnia
1736 2315 1739 2318 ῃ

125 2326 343 2376 contigisse,
363 2326 420 2362 sed
441 2326 510 2362 hac
531 2326 606 2363 sola
626 2325 688 2363 sibi
710 2329 902 2363 neminem
920 2325 1232 2376 comparandum.
1274 2325 1438 2362 Honesta
1456 2325 1609 2374 quidem
1630 2337 1715 2362 ora-

125 2385 198 2423 tio,
227 2382 285 2419 sed
299 2393 370 2432 qua
381 2381 631 2419 sibitamenin
651 2382 792 2418 Pistum
803 2382 1053 2431 principatum
1074 2382 1277 2430 arrogabat.
1297 2380 1365 2417 hae
1378 2383 1477 2418 enim
1490 2381 1597 2418 laude
1617 2380 1716 2418 sum-

125 2451 228 2476 mam
239 2440 322 2475 artis
345 2438 581 2487 complexus,
608 2439 748 2474 eaeteris
761 2436 938 2474 omnibus
961 2436 1099 2486 aliquid
1111 2435 1226 2474 deesse
1236 2436 1411 2475 notabat,
1438 2436 1574 2474 fibiuni
1587 2439 1715 2474 omnia

125 2493 329 2543 contigisse.
362 2495 453 2530 Haee
472 2494 530 2530 illa
552 2493 601 2530 est
621 2493 700 2529 idea
713 2492 1018 2543 pulchritudinis,
1038 2493 1202 2529 numeris
1212 2493 1391 2530 omnibus
1408 2492 1582 2530 absoluta,
1597 2505 1713 2541 quam

123 2561 243 2587 nemo
254 2548 769 2599 praetereumass'equipotuit.
800 2548 1024 2597 Euphranor
1045 2547 1237 2596 dignitates
1250 2548 1408 2585 heroum
1429 2546 1617 2598 expressit,
1634 2548 1714 2585 Ari-

124 2605 232 2642 stides
247 2606 418 2641 animum
439 2606 578 2654 pinxit,
599 2607 635 2641 δε
660 2615 805 2647 more3‚
826 2602 1024 2641 Parrhasius
1045 2605 1158 2641 animi
1180 2603 1488 2654 perturbationes.
1520 2600 1713 2640 Sed‘aliud

124 2661 306 2710 quiddam
331 2660 399 2697 fuit
418 2662 463 2698 ab
483 2660 536 2696 his
557 2659 736 2697 omnibus
759 2660 887 2696 Venus
906 2660 966 2696 illa
979 2689 989 2704 ‚
1008 2671 1088 2709 quae
1109 2659 1251 2709 Apellis
1270 2671 1383 2709 opera
1403 2658 1709 2697 commendabat.

125 2717 267 2754 Mirum
281 2715 360 2753 sane
373 2745 383 2760 ,
403 2715 556 2765 potuisse
567 2715 745 2753 artificem
758 2716 878 2752 oculis
890 2714 1080 2760 subjicere,
1096 2715 1198 2763 quod
1212 2717 1334 2764 lingua
1345 2716 1472 2764 eloqui
1482 2727 1561 2751 non
1573 2715 1708 2765 poll'er:

123 2783 193 2809 nec
211 2771 309 2822 poss'e
327 2784 558 2820 quemquam
575 2771 697 2809 verbis
715 2771 919 2820 complesti
932 2800 941 2814 ,
975 2769 1080 2820 quod
1097 2772 1227 2819 exigua
1247 2771 1381 2808 tabella
1401 2780 1569 2819 caperet.
1608 2771 1713 2808 Idem

126 2829 234 2864 etiam
245 2828 359 2879 pinxit
369 2840 450 2876 quae
461 2829 561 2877 pingi
574 2839 649 2864 non
661 2826 822 2876 possent
845 2827 1026 2866 tonitrua,
1050 2824 1225 2875 fulgetr,a
1235 2825 1385 2875 fulgura.
1416 2827 1599 2875 Imagines
1617 2826 1682 2861 ade
1687 2838 1713 2862 o

124 2883 326 2923 indiscreta:
337 2883 607 2930 similitudinis,
629 2893 668 2921 ut
679 2883 831 2933 quidam
841 2894 884 2920 ex
895 2881 986 2921 facie
1001 2882 1162 2921 hominis
1175 2881 1406 2923 addivinans,
1430 2893 1528 2933 quos
1539 2891 1717 2930 metopo⁶

1066 2939 1082 2978 ι’
1579 2936 1715 2987 scopos
