2023 3162
167 152 217 177 Ar.
229 150 286 187 spa-

167 188 236 225 infir.

170 794 220 817 Ar.
231 789 287 816 dia-

166 832 259 868 genios.

316 86 389 118 108
697 72 1534 114 M.V1TRuv11P0LL10N1s

311 147 378 182 bus
390 142 634 183 aedificiorum
647 151 904 191 corrumpunt.
932 139 1171 177 Testudinata
1180 150 1271 176 vero
1283 140 1333 177 ibi
1342 138 1435 176 fiunt
1448 165 1456 179 ‚
1475 141 1539 178 ubi
1550 151 1626 182 non
1638 136 1716 179 sunt
1733 142 1897 194 impetus

309 202 451 251 magni,
462 202 499 238 ὃς
511 201 550 236 in
562 197 912 247 contignationibus
923 195 1024 246 supra
1034 194 1189 245 spatiosa
1200 195 1398 233 redduntur
1410 195 1710 235 habitationibus.

388 327 391 330 .
940 290 975 328 C
1005 304 1029 328 Α
1062 304 1093 328 1².
1152 291 1226 330 IV.
1256 318 1258 322 .

365 376 373 386 ⁶
418 385 502 437 De
514 383 695 441 Atria,
716 376 967 438 &albi-,65
979 375 1710 453 tablinis,cumdimenslonibus
1728 381 1789 441 Εἴ

909 458 1144 520 symmetrii<
1153 475 1294 503 eorum.

310 553 585 636 ATriorum
604 554 682 599 [a]
703 563 795 590 veto
814 551 1065 600 longitudines
1087 550 1124 588 δε
1144 552 1354 591 latitudines
1373 553 1489 591 tribus
1515 552 1716 603 generibus
1733 552 1897 592 forman-

406 620 475 646 tur.
492 609 538 645 Et
547 610 711 658 primurn
723 618 838 657 genus
852 607 1076 644 distribuitur
1089 636 1099 651 ,
1119 610 1172 645 uti
1184 608 1383 658 longitudo
1396 621 1482 647 cum
1493 611 1528 646 in
1541 611 1705 659 quinque
1717 608 1836 659 partes
1846 610 1898 646 di-

307 664 378 707 visa
388 662 513 704 fuerit,
535 675 606 701 tres
616 674 737 714 partes
755 662 941 700 latitudini
962 662 1106 700 dentur.
1140 663 1313 702 Alterum
1324 676 1412 701 cum
1431 666 1468 702 in
1479 676 1550 703 tres
1561 675 1680 716 partes
1702 665 1895 705 dividatur.

308 717 386 754 duae
403 730 520 771 partes
530 719 713 757 latitudini
724 720 943 757 tribuantur.
966 720 1154 764 Tertium,
1164 722 1218 756 uti
1229 720 1388 757 latitudo
1397 721 1436 757 in
1456 721 1639 770 quadrato
1651 722 1797 772 paribus
1807 722 1898 758 late—

308 774 405 812 ribus
416 774 646 824 describatur3
657 777 770 825 inque
782 786 830 812 co
842 774 1025 823 quadrato
1038 774 1200 825 diagouii
1210 776 1306 813 linea
1317 776 1485 817 ducatur,
1499 779 1536 814 ὅ(
1547 788 1729 826 quantum
1741 777 1899 828 spatium

311 829 479 869 habuerit
488 843 529 869 ea
540 833 636 869 linea
646 830 810 881 diagonii
820 859 830 875 ,
841 840 943 868 tanta
953 831 1152 879 longitudo
1162 833 1257 870 atrio
1270 832 1387 869 detur.
1405 832 1580 870 Altitudo
1593 845 1742 877 eorum,
1764 842 1900 882 quanta

309 887 511 937 longitudo
523 887 634 925 fuerit
646 915 657 931 ‚
678 896 806 936 quarta
817 885 980 937 dempta,
996 886 1058 923 sub
1070 886 1191 924 trabes
1203 888 1416 933 extollatur,
1428 890 1613 937 reliquum
1624 885 1683 934 [b]
1694 889 1899 926 lacunario-

309 954 391 980 rum
404 945 441 980 &
454 954 546 980 arcte
558 941 660 993 supra
670 942 788 980 trabes
799 943 892 978 ratio
902 941 1236 988 habeatur.[c]Alis
1249 943 1374 980 dextra
1386 956 1429 981 ac
1440 944 1574 981 sinistra
1583 944 1846 989 latitudo‚eum
1856 942 1899 980 fit

310 999 389 1035 atrii
403 999 603 1047 longitudo
614 997 658 1034 ab
670 999 816 1046 triginta
827 996 982 1046 pedibus
993 997 1037 1033 ad
1048 997 1160 1047 pedes
1170 998 1473 1047 quadraginra‚ex
1484 1002 1591 1037 tertia
1601 1010 1704 1049 parte
1716 1001 1793 1046 ejus
1807 1011 1901 1037 con-

309 1054 485 1091 stituatur.
518 1053 583 1090 Ab
601 1053 840 1102 quadraginta
850 1052 895 1089 ad
906 1052 1018 1102 pedes
1035 1054 1302 1104 quinquaginta
1311 1055 1511 1105 longitudo
1522 1056 1705 1092 dividatur
1723 1057 1760 1091 in
1778 1065 1901 1104 partes

309 1119 380 1146 tres
393 1111 429 1145 &
441 1108 637 1144 dimidiam
651 1123 658 1144 :
675 1120 718 1145 ex
732 1108 788 1144 his
798 1119 869 1144 una
880 1119 959 1158 pai-s
971 1108 1036 1145 alis
1045 1109 1163 1145 detur.
1195 1109 1296 1146 Cum
1307 1121 1431 1148 autem
1445 1112 1512 1147 erit
1524 1110 1726 1160 longitudo
1738 1110 1782 1147 ab
1792 1124 1816 1159 q
1821 1111 1902 1147 uin-

308 1164 483 1213 quaginta
493 1163 647 1213 pedibus
659 1163 706 1200 ad
716 1163 910 1212 sexaginta,
922 1175 1004 1213 pars
1014 1174 1143 1212 quarta
1162 1164 1404 1214 longitudinis
1416 1167 1480 1203 alis
1501 1167 1692 1204 tribuatur.
1723 1166 1788 1203 Ab
1799 1165 1903 1215 pedi-

264 1243 268 1247 ·
308 1221 378 1256 bus
389 1218 569 1268 sexaginta
578 1219 622 1256 ad
633 1220 848 1268 octoginta,
870 1219 1069 1269 longitudo
1081 1220 1261 1258 dividatur
1272 1223 1308 1258 in
1322 1231 1440 1271 partes
1451 1227 1615 1271 quatuo‘r
1632 1224 1671 1259 ὃς
1683 1222 1875 1259 dimidiam
1887 1236 1896 1263 ς

308 1287 352 1311 ex
364 1274 418 1311 his
430 1287 503 1312 una
513 1285 595 1324 pars
605 1274 667 1312 fiat
677 1276 820 1312 alarum
830 1275 1002 1312 latitudo.
1034 1275 1098 1312 Ab
1109 1275 1262 1327 pedibus
1274 1278 1469 1326 octoginta
1482 1278 1525 1314 ad
1538 1277 1648 1329 pedes
1662 1288 1818 1315 centum
1833 1302 1840 1316 ,
1863 1277 1901 1313 in

307 1332 472 1380 quinque
482 1340 601 1380 partes
611 1330 722 1369 divisa
733 1331 946 1380 longitudo,
957 1329 1084 1377 justam
1097 1331 1571 1384 constitueritlatitudinem
1583 1334 1733 1370 alarum.
1753 1332 1903 1370 Trabes

306 1397 438 1423 earum
447 1387 632 1424 liminares
643 1388 692 1424 ita
702 1388 773 1424 alte
785 1396 973 1438 ponantur
986 1414 994 1427 ‚
1018 1396 1057 1425 ut
1068 1388 1281 1425 altitudines
1292 1390 1544 1426 latitudinibus
1558 1388 1625 1425 smt
1636 1389 1804 1438 aequales.
1841 1384 1898 1439 [d]

308 1442 490 1488 Tablino,
500 1441 526 1479 fi
535 1442 692 1481 latitudo
702 1444 781 1480 attii
793 1443 860 1480 erit
868 1443 1010 1495 pedum
1020 1444 1170 1493 viginti,
1197 1443 1346 1496 dempta
1355 1446 1462 1483 tertia
1473 1474 1483 1491 ,
1493 1447 1573 1493 ejus
1584 1443 1701 1494 spatio
1710 1443 1902 1493 reliquum

1764 1499 1902 1537 tribua-

303 1588 333 1622 ἢ]
355 1586 504 1615 Philander.
524 1587 622 1614 Statim
632 1586 665 1614 ab
675 1587 796 1615 interiori
807 1589 883 1623 janua
892 1587 1092 1617 introeuntibus
1103 1608 1110 1619 ,
1127 1589 1246 1616 occurrit
1257 1589 1362 1618 attium,
1373 1587 1515 1617 :edificium
1523 1587 1667 1616 continens
1675 1595 1773 1616 aream,
1785 1585 1811 1613 in
1821 1583 1902 1625 quam

337 1628 451 1656 collecta
463 1627 563 1665 (inquit
575 1629 647 1655 Sext.
658 1628 816 1666 Pompeius)
828 1639 860 1656 ex
871 1630 945 1657 omni
956 1630 1029 1657 tecto
1038 1629 1126 1667 pluvia
1137 1628 1280 1658 descendit.
1305 1630 1425 1659 nicrum.
1438 1638 1465 1657 ut
1477 1631 1563 1656 Varro
1573 1627 1704 1656 existimat
1716 1633 1723 1659 3
1736 1626 1769 1654 ab
1789 1626 1903 1654 Atriati-
1930 1630 1932 1633 “

336 1667 385 1695 bus
398 1669 535 1696 Hetruriae
544 1667 648 1706 populis
659 1688 666 1700 ,
686 1668 755 1696 unde
766 1669 917 1708 exemplum
930 1670 960 1697 fit
971 1669 1095 1698 sumtum.
1120 1671 1225 1697 Servius
1234 1670 1338 1698 AEneid.
1349 1669 1425 1697 lib.1.
1434 1669 1468 1697 ab
1478 1678 1536 1696 atro
1545 1690 1551 1700 ‚
1571 1668 1643 1707 quod
1652 1668 1677 1694 in
1688 1672 1721 1695 eb
1730 1667 1816 1695 culina
1826 1663 1899 1698 esset,

337 1709 390 1736 dici
401 1709 501 1736 mavult
514 1723 520 1741 ;
541 1709 616 1736 locus
625 1709 651 1740 in
662 1718 715 1746 quo
724 1708 929 1747 locupletiorem
939 1710 1034 1738 domus
1043 1711 1134 1749 ignem
1146 1711 1265 1738 colerent
1277 1732 1283 1743 ,
1305 1711 1344 1738 uti
1355 1709 1369 1738 ὲ,
1385 1713 1504 1737 Varrone
1513 1710 1548 1737 est
1560 1709 1696 1736 traditum.
1711 1708 1819 1736 Culinas
1828 1708 1901 1734 enim

338 1749 458 1786 Agenius
469 1748 580 1776 Vrbicus
590 1749 617 1776 in
628 1749 764 1778 volumine
775 1750 807 1778 de
818 1761 945 1791 agrotum
955 1750 1142 1779 controveriiis
1152 1749 1232 1779 refert
1244 1760 1353 1779 vocatas
1364 1747 1415 1779 csse
1430 1752 1457 1778 in
1467 1749 1595 1778 suburbiis
1612 1749 1670 1777 loca
1678 1749 1788 1786 inopum
1798 1744 1900 1775 funeri-

342 1788 391 1815 bus
400 1788 533 1815 destinata.
544 1788 610 1815 lllud
621 1799 685 1816 vero
696 1799 750 1817 non
760 1788 839 1818 fuerit
850 1792 1049 1832 negligendum,
1059 1791 1132 1830 quod
1142 1790 1204 1819 sacri
1215 1792 1352 1832 Euangelii
1361 1790 1499 1829 scriptores
1513 1787 1602 1818 ous'abn‘
1612 1797 1720 1821 vocant,
1730 1787 1756 1815 id
1767 1788 1899 1825 interpre-

339 1837 397 1856 tem
408 1825 513 1856 vertisse
521 1828 618 1856 atrium
629 1849 635 1858 ,
653 1839 805 1868 quanquam
821 1834 910 1860 Graeci
921 1843 975 1860 non
986 1841 1098 1860 utuntur
1109 1851 1117 1861 ‚
1136 1841 1164 1859 ut
1176 1832 1300 1860 scribitur
1318 1832 1395 1868 liujus
1405 1832 1450 1859 lib.
1462 1841 1517 1868 cap.
1528 1841 1552 1858 x.
1574 1829 1674 1857 Gellius
1693 1836 1766 1855 certe
1782 1827 1828 1854 lib.
1841 1837 1899 1855 xvr.

342 1879 400 1906 cap.
413 1878 451 1896 vi.
464 1866 556 1900 refert,
574 1869 715 1897 nonnullos
724 1869 889 1903 existimasse,
906 1874 1050 1910 primorem
1061 1881 1162 1910 partem
1174 1873 1270 1900 domus
1279 1893 1285 1904 ,
1296 1882 1354 1911 qua:
1367 1873 1474 1899 Atrium
1487 1870 1570 1909 vulgo
1577 1870 1710 1897 diceretur
1720 1889 1726 1901 ‚
1739 1868 1899 1896 vestibulum

337 1907 398 1938 esse.
418 1911 489 1937 Nam
498 1908 569 1947 quod
578 1908 609 1935 :id
626 1909 786 1938 vocabulum
797 1913 892 1940 attinet
905 1933 911 1944 ,
924 1911 1067 1940 Atliaeneus
1080 1912 1160 1939 tradit
1168 1911 1256 1940 cw'abz)
1266 1913 1390 1950 appellari
1407 1911 1567 1950 perflabilem
1577 1910 1668 1937 locuni
1678 1930 1685 1940 ,
1704 1912 1728 1936 8<
1739 1906 1900 1946 Ωιῖᾳυλονίζέν

338 1951 392 1978 dici
402 1950 503 1979 locum,
514 1948 650 1986 utrimque
661 1959 771 1978 ventum
781 1953 975 1989 excipientem:
995 1952 1147 1989 usurpatum
1159 1961 1248 1979 autem
1259 1952 1301 1980 sua
1312 1961 1388 1980 aetate
1399 1950 1640 1990 (quemadmodum
1652 1949 1799 1977 Menander
1811 1952 1834 1976 &
1847 1951 1899 1977 Di-

338 1991 425 2030 philus
437 1990 472 2018 uli
482 1988 569 2022 etant)
583 1999 631 2026 pro
639 1991 720 2029 regiis
731 2011 737 2022 ‚
755 1991 828 2029 quod
837 2001 898 2019 ante
909 1992 932 2020 se
943 1991 1055 2019 habeant
1071 1992 1156 2028 ampla
1164 1992 1290 2020 subdialia
1301 1993 1360 2020 loca
1371 2013 1377 2022 .
1396 1994 1456 2030 quia
1467 1991 1503 2018 ibi
1516 1990 1666 2029 praetoriani
1687 1990 1784 2020 milites
1797 1988 1900 2018 obdor-

338 2033 423 2059 miant
435 2045 442 2063 ς
455 2031 611 2057 Homerum
621 2040 684 2057 vcro
696 2041 824 2069 perpetuo
832 2032 896 2060 aulae
906 2033 1014 2060 nomine
1026 2032 1149 2059 subdialia
1158 2032 1216 2060 loca
1228 2033 1376 2072 intelligere
1385 2033 1430 2060 ubi
1441 2032 1541 2060 Hercei
1553 2032 1622 2059 Iovis
1635 2039 1689 2058 erat
1709 2040 1760 2058 ara.
1779 2028 1824 2057 lib.
1842 2030 1902 2057 dei-

342 2071 415 2110 pnos.
428 2069 596 2097 v.Haeci11e.
613 2071 678 2098 Vide
688 2073 815 2100 Lexicon.
837 2072 1074 2101 Claud.Salmafius
1093 2071 1119 2099 in
1138 2073 1261 2100 Solinum
1278 2077 1418 2112 paganis.
1444 2073 1492 2100 Sed
1504 2076 1527 2100 δε
1541 2068 1668 2107 rin-&Mica
1679 2073 1702 2098 &
1713 2067 1840 2102 (5589506‘3405
1851 2070 1900 2098 ha-

338 2113 419 2140 buere
431 2113 590 2138 Graecorum
599 2112 699 2148 privata
707 2111 827 2144 aedificia.
839 2123 896 2152 quae
908 2123 998 2142 tamen
1009 2115 1118 2141 Atrium
1128 2122 1202 2141 more
1221 2116 1407 2143 Romanorum
1417 2123 1471 2141 non
1480 2112 1639 2142 habuerunt.
1661 2111 1728 2139 Haec
1738 2110 1792 2139 ille.
1813 2112 1899 2139 Porto

339 2153 402 2191 quid
412 2151 491 2181 fuerit
502 2151 600 2178 atrium
608 2153 738 2180 Romanis
748 2163 779 2180 cx
790 2153 836 2180 lib.
847 2164 882 2181 11:
895 2155 995 2182 AEneid.
1008 2154 1070 2181 licet
1081 2153 1219 2192 colligere.
1239 2153 1291 2181 Vbi
1301 2176 1308 2186 ,
1462 2162 1485 2187 ν,

691 2192 845 2228 Vestibulum
854 2202 916 2222 anto
924 2195 1003 2232 ipsum
1009 2197 1138 2233 primoque
1145 2198 1171 2221 m
1179 2195 1265 2222 limine
1276 2195 1387 2233 Pyrrhus

692 2233 802 2261 Exultat
813 2254 820 2265 ,
940 2239 991 2264 &c-

348 2273 418 2301 Dein
431 2294 438 2304 ,
1017 2280 1022 2286 ·

835 2320 891 2343 Vna
908 2317 1091 2354 omnig-Scyria
1104 2316 1180 2354 pubes

690 2355 831 2383 Succedunt
849 2359 910 2385 tec'z‘o
921 2378 926 2390 ‚
1054 2361 1105 2385 &c-

344 2397 379 2424 Et
395 2395 518 2435 denique,

682 2442 797 2475 Apparet
807 2437 894 2465 domus
908 2439 978 2465 imm
988 2458 994 2469 ,
1015 2438 1048 2472 &2
1062 2440 1131 2466 atria
1140 2438 1214 2475 longa
1227 2438 1388 2476 patescunca.

338 2478 358 2505 E
369 2476 465 2516 quibus
474 2477 681 2516 apparet.prinio
693 2488 746 2506 non
755 2476 828 2506 fuisse
838 2477 993 2506 vestibulum
1004 2491 1010 2510 ς
1021 2489 1105 2517 neque
1114 2489 1201 2507 aream
1211 2478 1391 2518 hypaethram5
1401 2476 1443 2505 sed
1454 2486 1555 2517 partem
1567 2479 1663 2506 domus
1677 2475 1723 2505 sub
1732 2475 1898 2515 test0‚atque

336 2518 403 2546 adeo
414 2519 556 2556 penetrale.
567 2522 591 2546 &
602 2516 708 2547 fortasse
719 2528 934 2546 concameratam
946 2520 1091 2556 porticum.

303 2557 333 2593 h]
355 2558 502 2586 Pliilander.
528 2559 558 2586 ld
566 2559 611 2590 est,
625 2561 682 2587 cavi
692 2559 807 2598 ipsorum
820 2559 989 2597 laquearium.
1000 2560 1140 2587 Barbarus.
1165 2560 1290 2588 Altitudo
1300 2569 1365 2588 vero
1373 2559 1502 2586 atriorum
1510 2559 1601 2587 eadem
1612 2561 1638 2587 in
1655 2556 1780 2585 omnibus
1792 2577 1799 2589 ,
1815 2556 1840 2583 id
1850 2556 1897 2588 est,

336 2599 525 2627 eodemmodo
536 2600 682 2638 excipitur:
703 2609 763 2627 nain
774 2600 891 2627 demitur
901 2608 1001 2638 quartat
1010 2600 1188 2640 longitudinis
1204 2612 1275 2639 pars;
1286 2601 1418 2638 reliquum
1431 2600 1508 2628 datur
1518 2600 1660 2631 altitudini,
1673 2599 1698 2626 id
1709 2598 1754 2630 est,
1773 2595 1788 2625 ii
1799 2597 1854 2624 solo
1864 2596 1897 2624 ad

335 2638 437 2669 trabes;
457 2649 515 2677 quae
524 2641 630 2669 csttcsti
639 2649 743 2672 catena,
754 2650 814 2678 quae
821 2650 909 2668 arcam
918 2644 942 2668 S:
954 2642 1056 2668 testum
1065 2641 1179 2669 sustinet.

300 2680 326 2713 c]
349 2679 432 2706 Idem.
456 2680 512 2707 Alae
523 2681 648 2710 dicuntur
665 2681 791 2709 hocloco
808 2681 881 2720 quod
901 2681 1035 2719 utrimque
1051 2682 1182 2709 continuo
1193 2681 1225 2709 ab
1243 2682 1372 2719 impluvio
1390 2681 1506 2709 struitur.
1526 2681 1665 2709 Barbaria.
1696 2679 1787 2708 Habet
1798 2679 1896 2707 atrium

334 2719 426 2746 dextra
437 2729 466 2747 ac
479 2721 575 2749 finistra
585 2722 636 2750 alas
649 2743 655 2755 ‚
676 2732 735 2761 quae
746 2724 840 2750 Gtaece
856 2731 1007 2760 pteroniata
1017 2722 1151 2750 dicuntur.
1175 2723 1268 2750 Claud.
1278 2720 1416 2760 Salmafim
1428 2723 1452 2749 in
1472 2721 1553 2749 Solin.
1567 2727 1637 2750 1218.
1656 2719 1733 2758 rr‘i'sgy)
1747 2720 1852 2758 proprie
1863 2719 1896 2747 ad

332 2759 413 2786 latera
424 2760 483 2787 aedis
494 2762 679 2791 columnarum
690 2763 794 2790 ordines
806 2763 857 2790 live
869 2763 997 2801 porticus.
1008 2763 1081 2791 Hinc
1093 2762 1224 2802 hodieque
1234 2764 1386 2791 columnata
1396 2763 1558 2800 templorum
1568 2763 1648 2791 latera
1659 2770 1787 2789 vocamus
1797 2760 1875 2786 Alas-

300 2802 331 2839 d]
351 2799 496 2826 Philander.
521 2803 571 2829 Pro
591 2803 764 2840 pinacotlieca
780 2803 911 2831 tablinum
930 2803 1026 2841 posuit.
1049 2805 1120 2832 Nam
1140 2806 1165 2831 i'n
1186 2804 1289 2831 tablino
1299 2824 1306 2833 .
1328 2803 1400 2842 quod
1418 2804 1519 2830 Graecis
1538 2799 1808 2840 ygapcstoessovadxiov
1826 2800 1895 2828 dici-

341 2849 383 2868 tur
395 2861 401 2870 ,
423 2840 528 2868 codices
539 2845 562 2869 Sc
576 2852 750 2872 monumenta
770 2854 857 2872 rerum
871 2844 897 2871 in
909 2845 1061 2883 magistratu
1079 2845 1210 2881 gestarum
1227 2841 1398 2876 asservantur,
1412 2844 1436 2871 in
1447 2843 1629 2882 pinacothecis
1638 2851 1701 2870 vero
1712 2842 1788 2879 pictae
1798 2841 1896 2869 tabula:

341 2885 366 2909 δι
378 2882 466 2908 statuae
479 2901 485 2911 .
506 2890 534 2908 ut
546 2892 576 2909 ex
590 2883 674 2910 Plinio
685 2884 730 2911 lib.
742 2895 822 2913 xxxv.
832 2895 888 2923 cap.
902 2894 935 2912 tt.
945 2889 969 2913 δε
982 2894 1035 2912 xii.
1049 2878 1181 2920 co‘njiccre
1192 2886 1264 2913 licet.
1289 2887 1325 2911 At
1335 2895 1387 2912 non
1401 2884 1480 2924 ligna.
1492 2883 1600 2911 titidem
1611 2884 1658 2915 ait,
1669 2891 1843 2909 externorum
1854 2892 1896 2909 ar-

342 2920 456 2952 tificum,
469 2931 517 2949 nec
526 2931 576 2949 κτα
586 2932 630 2950 aut
639 2933 772 2953 marmora
783 2926 849 2963 apud
860 2926 982 2961 majores.
994 2924 1035 2953 sed
1044 2922 1155 2964 expressi
1171 2936 1229 2953 cera
1240 2925 1327 2953 vultus
1339 2925 1444 2965 lingulis
1453 2922 1657 2962 disponebantur
1667 2923 1784 2950 armariis
1795 2942 1802 2952 ‚
1815 2931 1844 2950 ut
1854 2922 1895 2950 es-

343 2961 397 2990 sent
409 2963 550 3001 imagines,
563 2972 620 3000 qua:
630 2965 822 2994 comitarentur
831 2966 967 3005 gentilitia
977 2964 1068 2994 funera
1078 2976 1084 2993 :
1095 2965 1247 3005 semperque
1257 2963 1384 2995 defuneto
1394 2966 1492 3005 aliquo,
1503 2973 1577 2993 totus
1586 2973 1641 2992 erat
1650 2961 1758 2992 familiae
1773 2964 1838 2997 ejus,
1848 2963 1895 3000 qui

1764 3012 1893 3042 uniquam
