2023 3162
525 77 594 105 niz
640 64 1143 106 ARCHITECTVRA
1202 66 1395 107 Liax.
1681 88 1754 114 211

124 132 128 135 ’
164 144 246 170 rum
256 131 509 172 erectionibus
527 135 563 169 in
576 132 711 183 plano,
733 132 844 169 etiam
867 131 998 170 eadem
1016 133 1165 171 ratione
1183 134 1221 171 ὃς
1240 134 1450 184 temperatis
1467 135 1758 180 funibus&tr0-

167 189 281 228 chlcis
291 215 299 229 ‚
326 188 589 228 subductiones
600 190 753 228 navium
764 186 987 226 cfficiuntur.

811 292 846 330 C
875 302 904 331 A
935 306 965 331 Ρ.
1030 295 1104 333 VI.

239 381 486 457 Ingeniosa
509 377 823 454 thfiphontbs
838 388 967 434 ratio
985 381 1057 435 ad
1063 385 1256 457 gravia
1277 404 1422 438 onera
1438 387 1675 443 ducenda.

163 503 293 587 ΝΟ
304 513 331 539 N
348 499 398 537 est
407 500 568 537 alienum
580 500 692 537 etiam
711 498 967 550 Ctesiphontis
978 500 1210 550 ingeniosam
1222 504 1482 546 inventionem
1492 519 1691 559 exponere.
1721 511 1753 549 ls

256 560 356 595 enim
367 555 492 605 scapos
503 557 766 593 columnarum
779 567 823 594 ex
833 556 1039 607 lapicidinis
1052 568 1140 594 cum
1152 557 1348 609 deportare
1360 564 1472 601 vellet
1494 564 1696 614 Ephesium
1705 566 1752 605 ad

162 612 434 658 Dianaefanum
444 635 452 649 ‚
475 622 629 661 propter
639 611 936 660 magnitudinem
944 624 1114 652 onerum,
1129 613 1165 650 &
1177 616 1319 653 viarum
1332 619 1574 670 campestrem
1586 622 1752 661 mollitu-

163 671 286 707 dinem
298 698 307 713 ,
327 679 405 704 non
417 666 576 703 confisus
586 669 716 706 carris,
738 678 787 704 nc
796 678 887 705 rotae
899 666 1164 707 devorarentur
1174 699 1183 716 ‚
1207 669 1256 708 fic
1267 671 1317 709 cst
1330 684 1501 713 conatus.
1532 677 1593 713 De
1603 679 1658 727 [a]
1673 690 1752 716 ma-

161 728 254 763 teria
263 724 424 762 trientali
443 721 570 773 scapos
590 733 770 772 quatuor,
790 722 888 760 duos
908 722 1175 761 transversarios
1196 727 1434 778 interpositos
1454 731 1600 769 duobus
1612 733 1751 784 longis,

162 792 299 830 quanta
309 778 508 828 longitudo
520 778 614 830 scapi
624 778 743 816 fuerat
756 803 775 825 ,ι
787 775 845 824 [b]
863 779 1082 829 compleffit
1100 781 1343 834 &compegit
1355 814 1364 828 ,
1386 785 1422 822 ἃ
1434 788 1490 831 [c]
1501 787 1640 825 ferreos
1653 790 1752 827 cho-

162 838 271 874 daces
283 863 289 874 ,
304 838 356 873 uti
367 833 570 875 subscudes,
586 836 623 871 in
635 834 814 885 capitibus
824 833 1025 884 scaporum
1034 835 1315 885 implumbavit,
1331 842 1368 877 ὅς
1379 842 1535 880 armillas
1544 846 1581 879 m
1593 846 1748 883 materia

162 893 208 931 ad
221 892 406 930 cnodaces
417 888 839 929 circundandosinfixit‚
863 890 956 927 item
976 889 1121 928 baculis
1131 893 1276 942 iligneis
1296 897 1415 945 capita
1433 898 1611 946 religavit.
1643 900 1751 938 Cho‘

163 949 271 985 daces
284 948 466 991 autem‚in
477 947 626 991 armillis
636 944 776 990 inclusi,
787 945 943 983 liberam
954 945 1162 985 habuerunt
1173 949 1418 989 versationem
1430 962 1586 999 tantam,
1599 957 1748 995 uticum

162 1005 276 1041 boves
287 1004 466 1040 ducerent
477 1002 653 1048 subiunffi
666 1031 675 1047 ,
695 1001 791 1052 scapi
801 1000 981 1039 versando
993 1003 1031 1039 in
1043 1001 1274 1043 chodacibus
1285 1008 1323 1044 ὃς
1334 1008 1486 1045 armillis
1499 1008 1574 1047 fine
1584 1009 1658 1046 fine
1667 1012 1750 1048 vol-

160 1070 341 1097 verentur.
370 1059 472 1096 Cum
484 1070 608 1108 autem
620 1057 749 1108 scapos
761 1068 897 1094 omnes
909 1060 960 1095 ita
972 1057 1145 1096 vexiffent
1159 1085 1168 1100 ‚
1188 1061 1409 1100 &instarent
1421 1063 1679 1115 epistyliorum
1688 1078 1751 1105 vc-

161 1117 265 1154 stutae
278 1144 288 1159 ‚
307 1113 404 1151 filius
427 1113 678 1164 Ctesiphontis
698 1114 917 1163 Metagenes
936 1114 1115 1152 transtulit
1126 1126 1210 1154 eam
1224 1119 1411 1157 rationem
1435 1118 1455 1157 ὲ
1477 1119 1672 1170 scaporum
1684 1134 1751 1161 ve-

162 1173 261 1209 &ura
270 1171 383 1208 etiam
400 1171 438 1206 in
448 1169 701 1221 epistyliorum
722 1168 957 1207 deductione.
990 1170 1093 1207 Fecit
1103 1173 1202 1209 enim
1214 1183 1314 1212 rotas
1334 1176 1479 1213 circiter
1498 1176 1640 1227 pedum
1652 1177 1751 1216 duo-

160 1229 298 1265 denum
312 1252 319 1265 ‚
347 1228 383 1262 ὃς
396 1225 647 1275 epistyliorum
661 1226 780 1276 capita
791 1226 826 1262 in
838 1225 977 1263 medias
989 1236 1089 1263 rotas
1101 1256 1111 1272 ‚
1133 1229 1265 1266 eadem
1276 1233 1424 1268 ratione
1436 1261 1446 1277 ‚
1468 1243 1558 1269 cum
1572 1232 1750 1271 chodaci-

160 1284 227 1321 bus
241 1284 276 1319 &
288 1281 438 1318 armillis
449 1281 600 1320 inclusit.
630 1284 684 1319 Ita
697 1293 784 1319 cum
798 1280 864 1328 [d]
878 1282 1029 1320 trientes
1043 1281 1063 1319 a
1076 1283 1194 1321 bubus
1211 1285 1455 1328 ducerentur,
1478 1289 1518 1325 in
1529 1289 1679 1326 armillis
1696 1291 1749 1327 in-

160 1338 247 1377 clusi
259 1337 446 1375 chodaccs
457 1338 647 1376 versabant
658 1349 767 1375 rotas.
800 1337 967 1389 Epistylia
976 1350 1066 1376 vcro
1076 1339 1214 1377 inclusa
1226 1343 1281 1379 uti
1292 1354 1375 1389 axes
1387 1344 1425 1380 in
1436 1345 1541 1389 rotis,
1554 1344 1686 1382 eadem
1697 1358 1751 1384 ra-

161 1396 266 1433 tione
286 1405 362 1443 qua
380 1393 497 1445 scapi,
517 1393 592 1432 sine
613 1406 721 1432 mora
738 1393 784 1430 ad
802 1400 898 1445 opus
918 1405 1175 1446 pervenerunt.
1204 1397 1406 1449 Exemplar
1425 1409 1550 1438 autem
1570 1401 1637 1437 etit
1653 1402 1748 1446 ejus,

161 1450 484 1500 quemadmodum
503 1451 540 1487 in
558 1451 725 1501 palaestris
746 1451 793 1500 [e]
816 1450 970 1499 cylindri
987 1462 1182 1501 cxaequant
1198 1453 1480 1492 ambulationes.
1511 1456 1646 1506 Neque
1665 1455 1747 1493 hoc

158 1505 331 1557 potuisset
342 1504 432 1545 fieri,
446 1504 510 1542 nisi
521 1508 684 1556 primum
697 1507 956 1558 propinquitas
969 1506 1063 1546 esset.
1095 1509 1188 1545 Non
1198 1511 1299 1547 enim
1310 1511 1392 1560 plus
1402 1510 1480 1550 sunt
1489 1512 1534 1550 ab
1544 1511 1752 1562 lapicidinis

156 1562 202 1602 ad
213 1562 341 1599 fanum
356 1573 496 1610 „quam
518 1564 538 1606 [
547 1558 592 1608 f]
614 1564 725 1601 millia
744 1562 910 1613 passuum
923 1563 1035 1603 octo&
1058 1574 1128 1601 nec
1145 1565 1240 1602 ullus
1257 1564 1306 1602 est
1318 1566 1436 1604 clivus
1450 1596 1460 1612 ‚
1478 1567 1537 1604 sed
1549 1577 1751 1617 perpetuus

159 1629 326 1669 campus.
358 1617 491 1655 Nostra
501 1629 590 1655 vero
601 1621 784 1656 memoria
798 1648 807 1664 ‚
827 1631 914 1657 cum
927 1618 1099 1657 colossici
1110 1619 1298 1672 Apollinis
1310 1622 1347 1658 in
1359 1621 1448 1660 fano
1458 1621 1549 1660 basis
1561 1621 1646 1660 effet
1656 1623 1677 1660 a
1688 1634 1750 1661 ve-

158 1675 287 1712 tustate
298 1671 456 1710 diffracta
469 1703 478 1717 ‚
491 1677 527 1712 ὅ(
542 1686 748 1712 metuentes
759 1688 805 1713 ne
816 1675 965 1713 caderet
976 1687 1018 1713 ca
1036 1675 1150 1713 statua
1162 1675 1200 1713 &
1211 1675 1436 1727 frangeretur
1449 1707 1459 1723 ,
1470 1679 1689 1717 locaverunt
1699 1690 1745 1715 ex

158 1728 293 1767 eisdem
305 1729 507 1779 lapicidinis
518 1730 631 1768 basim
642 1731 899 1768 excidendam.
924 1731 1121 1769 Conduxit
1130 1731 1284 1781 quidem
1297 1735 1490 1772 Paconius.
1524 1734 1614 1772 Haec
1623 1743 1751 1772 autern

159 1785 248 1822 basis
263 1796 336 1822 erat
349 1786 460 1834 longa
473 1786 583 1837 pedes
595 1786 799 1824 duodecim
812 1813 820 1826 ,
842 1787 914 1823 lata
923 1787 1034 1837 pedes
1046 1788 1138 1824 osto
1148 1817 1160 1832 ,
1179 1788 1249 1826 alta
1261 1788 1371 1841 pedes
1381 1789 1454 1828 sex.
1489 1790 1618 1840 Qam
1631 1788 1751 1827 Paco-

156 1843 252 1884 nius,
265 1841 383 1890 gloria
395 1840 507 1877 fretus
522 1870 531 1885 ‚
553 1854 631 1879 non
643 1843 924 1892 utiMetagenes
936 1845 1160 1894 apportavit3
1171 1844 1229 1881 sed
1238 1845 1367 1895 ¹eadem
1378 1845 1519 1884 ratione
1529 1845 1605 1883 alio
1617 1857 1752 1895 genere

158 1897 351 1934 constituit
372 1897 586 1935 machinam
607 1897 738 1934 facere.
771 1899 898 1935 Rotas
909 1900 1010 1935 enirn
1030 1900 1175 1936 circiter
1186 1900 1326 1950 pedum
1345 1900 1566 1949 quindecim
1577 1900 1689 1946 fecit,
1712 1902 1753 1939 &

158 1952 212 1989 his
231 1955 322 1990 totis
342 1953 464 2003 capita
484 1953 614 2003 lapidis
633 1953 776 1990 inclusit
796 1967 803 1989 :
824 1952 956 1990 deinde
975 1950 1247 2004 circalapidcm
1269 1952 1329 2007 [gl
1351 1956 1449 1993 fusos
1460 1955 1691 2001 sextantales,
1704 1955 1752 1996 ab

159 2019 239 2045 rota
249 2009 294 2045 ad
311 2018 434 2045 rotam
449 2036 458 2051 ‚
478 2009 523 2046 ad
544 2010 723 2046 circinum
743 2009 954 2059 compegit,
974 2010 1026 2045 ita
1038 2011 1091 2047 uti
1108 2009 1205 2047 fusus
1226 2011 1247 2047 ‘a
1266 2006 1346 2049 fuso
1358 2024 1436 2049 non
1449 2011 1592 2050 distaret
1613 2012 1751 2063 pedem

162 2075 290 2100 unum.
320 2063 466 2100 Deinde
478 2065 575 2101 circa
587 2063 685 2102 fusos
698 2064 824 2101 funem
835 2065 1014 2107 involvit,
1036 2067 1072 2102 ὅ(
1085 2064 1206 2103 bubus
1217 2068 1348 2114 junctis
1358 2068 1488 2105 funem
1502 2068 1673 2114 ducebat3
1703 2068 1753 2105 ita

161 2131 248 2156 cum
261 2119 504 2169 explicaretur
524 2120 701 2158 volvebat
712 2132 832 2159 rotas:
850 2120 911 2158 sed
930 2132 1010 2158 non
1022 2131 1171 2171 poterat
1192 2122 1238 2159 ad
1248 2125 1388 2161 lincam
1405 2126 1463 2161 via
1475 2123 1571 2160 resta
1590 2123 1748 2169 ducere3

1064 2178 1101 2213 D
1115 2177 1138 2214 d
1171 2190 1190 2212 2
1691 2177 1753 2214 sed

158 2270 189 2302 a]
222 2266 371 2295 Pliilander.
394 2267 421 2294 ld
432 2268 466 2294 est
479 2289 484 2299 ‚
504 2265 679 2295 crasl‘itudinis
691 2277 805 2306 quatuor
815 2268 953 2306 pollicum.

160 2309 189 2344 b]
226 2308 307 2335 Idem.
331 2309 422 2335 Sinon
434 2317 508 2335 vacat
521 2308 628 2338 menda,
640 2307 770 2345 usurpavit
783 2308 894 2335 verbum
903 2308 1057 2346 compleC'to
1069 2303 1218 2343 o’vtpynZzal}
1229 2329 1236 2340 ,
1258 2308 1333 2337 ficuti
1343 2312 1367 2338 8(
1379 2308 1424 2347 qui
1433 2308 1463 2337 ad
1476 2308 1659 2336 testimonium
1670 2309 1756 2337 vocass

201 2358 246 2376 tur
258 2347 272 2376 a
285 2348 415 2376 Marcello
427 2349 596 2386 Pomponius.
622 2349 713 2386 Aliqui
726 2358 789 2375 vero
802 2348 908 2376 codices
918 2348 1016 2376 habent
1029 2347 1186 2386 complexus
1197 2349 1241 2376 est.

158 2393 182 2426 c]
223 2390 307 2417 Idem.
333 2388 556 2420 Chodaces‚1ive,
568 2397 596 2416 ut
608 2388 650 2415 alii
660 2387 787 2420 scribunt.
800 2389 949 2422 Cnodates,
959 2392 983 2417 δε
997 2398 1055 2416 mea
1067 2387 1196 2416 sententia
1208 2388 1311 2421 melius,
1323 2387 1381 2417 sunt
1390 2387 1481 2418 ferrea:
1492 2388 1613 2417 rotundae
1621 2398 1694 2428 parte
1705 2399 1754 2417 ex-

202 2431 299 2458 teriore
309 2429 496 2457 subscudiculae
505 2450 511 2461 .
532 2430 557 2456 in
568 2429 693 2456 extremis
702 2427 840 2467 scaporum
861 2429 903 2457 vel
923 2430 1013 2457 axium
1032 2428 1162 2466 capitibus
1180 2430 1277 2459 adastae
1286 2430 1522 2468 implumbatseve.
1543 2440 1587 2467 per
1602 2431 1703 2468 quasin
1713 2439 1754 2457 ar-

203 2470 282 2498 millis
303 2473 357 2508 (eo
370 2471 478 2498 nomine
490 2471 635 2508 accipimus
648 2466 746 2497 ferreos
757 2470 867 2497 annulos
878 2473 903 2498 34
916 2470 997 2498 veluti
1009 2469 1151 2498 umbilicos
1163 2470 1189 2498 in
1199 2471 1345 2499 arrectariis
1356 2480 1399 2499 aut
1413 2470 1617 2505 transversariis)
1630 2470 1697 2508 scapi
1708 2478 1752 2498 aut

203 2522 274 2542 axes.
288 2512 368 2538 etiam
382 2511 463 2543 torni,
473 2509 616 2538 versantur.
637 2510 702 2538 Vide
714 2512 843 2538 Lexicon.

161 2553 192 2587 d]
226 2553 310 2579 idem.
332 2554 383 2579 Pro
395 2551 561 2579 trientalibus
571 2550 650 2588 scapis
660 2551 726 2579 dixit
737 2552 860 2579 trientes·
1034 2584 1038 2588 ,
1676 2584 1679 2586 ,
1721 2584 1725 2588 .

162 2596 189 2629 e]
225 2593 308 2620 Idem.
334 2592 478 2631 Cylindrus
487 2592 550 2630 lapis
560 2593 596 2619 est
607 2601 674 2619 teres
687 2593 712 2619 in
724 2592 835 2620 modum
844 2592 987 2626 columnae,
998 2604 1052 2633 quo
1061 2602 1189 2626 areae,aut
1197 2593 1391 2623 ambulationes
1400 2592 1557 2620 solidantur.
1576 2594 1599 2619 3<
1611 2600 1755 2630 coaequan·

204 2643 257 2664 tur,
269 2636 283 2661 a
295 2633 463 2661 volubilitate
473 2634 635 2665 dic‘tusmam
646 2629 766 2660 κυληδῖω
776 2633 857 2660 νοΙνο
868 2633 1009 2673 significat.
1022 2634 1227 2673 Metaphoricais
1237 2634 1295 2662 usus
1307 2635 1342 2661 est
1355 2634 1533 2672 Pythagoras.
1546 2633 1571 2659 in
1584 2632 1698 2659 veriibus
1708 2642 1755 2660 au-

203 2676 263 2704 reis.
275 2674 306 2708 (fi
316 2674 424 2712 quidem
437 2674 491 2708 ejus
502 2673 561 2701 sunt
572 2693 578 2703 ,
595 2683 626 2701 ac
638 2683 692 2700 non
703 2674 793 2711 potius
803 2673 909 2703 alterius
921 2675 1086 2715 cujuspiam)
1111 2685 1174 2704 cum
1185 2675 1265 2707 dicit,
1277 2675 1402 2702 mortales
1414 2673 1541 2712 cylindris
1558 2683 1589 2701 ex
1600 2672 1656 2700 aliis
1667 2674 1693 2700 in
1703 2673 1754 2700 alia

204 2713 276 2746 ferri.
285 2715 412 2747 indicans,
425 2724 561 2753 nunquam
573 2714 722 2741 conlistere.

157 2755 198 2792 f]
223 2756 306 2783 Idem.
326 2755 355 2782 ld
367 2756 411 2787 est,
428 2756 525 2793 pedum
536 2755 711 2793 quadraginta
722 2755 812 2783 millia.
831 2755 958 2795 siquidem
969 2757 1037 2785 illius
1049 2767 1078 2785 ea
1089 2757 1124 2785 est
1135 2756 1321 2795 interpretatio
1331 2754 1417 2794 capite
1427 2753 1503 2790 hujus
1515 2753 1560 2782 lib.
1574 2764 1623 2783 xiv
1634 2775 1641 2786 ,
1654 2753 1754 2794 pedum

207 2796 286 2824 millia
298 2796 424 2835 quinque,
435 2796 460 2823 id
472 2796 515 2827 est,
528 2791 613 2833 passus
625 2795 706 2823 mille.

165 2838 194 2873 g]
224 2837 309 2864 Idem.
329 2836 497 2865 Fusosvocat
508 2837 540 2864 de
553 2837 662 2863 materia
672 2835 829 2865 sextantales
839 2858 846 2869 ,
867 2836 892 2864 id
902 2837 938 2865 est
948 2858 955 2870 ,
964 2834 1057 2866 crassas
1065 2838 1131 2866 duos
1143 2838 1252 2876 pollices
1261 2836 1366 2877 regulas
1377 2857 1382 2867 ,
1403 2833 1487 2864 arota
1498 2835 1529 2864 ad
1540 2845 1627 2864 rotam
1639 2845 1685 2874 per
1694 2834 1757 2863 uni-

209 2876 310 2905 versum
320 2877 452 2905 ambitum
465 2892 472 2911 3
493 2886 521 2905 ut
534 2887 612 2915 aequo
623 2878 692 2904 inter
701 2876 724 2905 se
734 2876 817 2916 spatio
828 2878 923 2906 distent
936 2899 943 2909 ,
959 2878 1051 2907 (indias
1064 2882 1088 2907 St
1100 2876 1207 2907 affixas:
1228 2880 1300 2916 quod
1311 2886 1339 2906 ut
1350 2875 1362 2905 ὲ
1374 2875 1432 2905 fuso
1441 2877 1581 2908 muliebri,
1601 2886 1662 2905 cum
1671 2876 1757 2903 trahi-

208 2925 250 2944 tur
259 2918 410 2945 involutum
422 2917 496 2946 filum
504 2916 604 2946 effundi
616 2918 719 2946 videtur
729 2939 735 2950 ,
748 2922 772 2946 &
785 2919 897 2947 vertitur
908 2916 976 2947 fusus
987 2940 994 2951 .
1014 2920 1053 2947 ita
1065 2920 1199 2947 involutus
1208 2920 1309 2947 circum
1320 2928 1361 2947 eas
1370 2918 1474 2958 regulas
1485 2915 1555 2946 funis
1567 2927 1629 2947 cum
1639 2916 1756 2944 trahere-

208 2965 259 2990 tur,
271 2958 465 2995 explicabatur,
486 2958 732 2998 exvolvebaturque
744 2980 751 2992 ,
771 2963 796 2988 3<
807 2956 1008 2994 effundebatur,
1028 2970 1110 3000 atque
1118 2970 1152 2990 eo
1162 2961 1240 3000 pasto
1252 2957 1401 2988 versabatur
1412 2958 1543 2988 machina.
1632 2997 1664 3033 h]
1673 2996 1702 3025 Id

1706 3005 1759 3025 em.
