2023 3162
292 79 369 119 236
679 73 1094 111 M.V1-rituvrr
1150 71 1501 110 PoLL10Nrs

296 153 384 178 tuot
394 141 537 177 circiter
549 139 686 192 pedum
701 153 758 177 xv.
771 139 851 176 fixae
863 138 1005 175 fuerant
1015 140 1050 175 in
1063 139 1228 176 materia.
1244 138 1280 174 A
1291 139 1410 189 capite
1422 150 1549 176 autem
1563 140 1733 179 adimam
1747 142 1888 179 calcem

296 198 400 246 tigni,
413 199 583 233 contenti
596 196 740 233 fuerunt
750 195 858 232 funes
870 204 1035 243 quatuor
1050 223 1061 238 ‚
1081 193 1312 231 crali‘rtudine
1325 195 1527 243 digitorum
1539 197 1650 234 octo,
1674 200 1722 235 ita
1734 199 1888 247 religati,

300 253 627 300 quemadmodum
638 252 738 288 navis
750 251 864 287 malus
875 250 894 285 a
905 251 1020 300 puppi
1032 250 1074 287 ad
1085 261 1238 299 proram
1251 252 1483 298 continetur3
1504 253 1614 299 eique
1626 251 1729 290 funes
1739 255 1887 303 praecin-

298 309 423 345 {toi-iis
436 306 636 345 transvertis
656 317 758 343 etant
768 306 927 354 religati,
951 305 1130 342 habentes
1147 307 1240 342 inter
1258 304 1290 341 se
1315 307 1384 357 [g]
1408 307 1665 355 palmipedalia
1687 307 1806 358 spatia,
1826 311 1887 345 111-

261 396 264 397 7
298 362 405 415 super
416 365 526 400 coriis
549 362 668 398 crudis
680 371 784 398 totus
801 363 892 397 aries
904 371 980 398 erat
995 362 1199 398 involutus.
1234 360 1287 397 Ex
1299 362 1434 410 quibus
1446 372 1571 398 autem
1590 361 1736 400 funibus
1747 366 1886 413 pende-

300 418 531 455 banteorum
543 419 684 466 capita,
707 417 853 454 fuerant
872 429 921 453 ex]
937 415 1034 453 ferro
1049 416 1147 454 faeta:
1170 417 1432 466 quadruplices
1453 428 1589 454 catenae
1602 445 1612 460 ,
1635 418 1763 467 &ipsse
1778 423 1889 457 coriis

300 476 423 511 crudis
436 483 538 509 erant
550 474 737 510 involutae.
767 474 863 509 Item
875 472 1053 509 habuerat
1065 474 1271 523 proiectura
1281 474 1311 517 ej
1321 485 1361 508 us
1381 484 1424 508 ex
1437 471 1569 509 tabulis
1588 485 1725 518 arcam,
1738 486 1888 525 compa-

300 531 396 567 stam
408 531 444 566 δ(
458 527 645 565 confixam
658 528 875 565 rudentibus
887 528 1085 575 majoribus
1098 530 1265 567 extentis,
1282 540 1345 578 per
1356 539 1515 576 quarum
1527 529 1733 577 asperitates
1745 542 1822 566 non
1836 533 1886 568 la—

299 584 470 622 bentibus
484 584 636 635 pedibus
649 583 807 621 faciliter
819 583 863 622 ad
878 595 1028 620 murum
1043 585 1334 634 perveniebatur.
1358 585 1450 632 Atq3
1463 596 1503 621 ea
1515 584 1753 620 machinascx
1767 587 1886 623 modis

293 639 536 682 movebatur,
549 639 741 689 progressu
755 669 766 684 ‚
784 641 874 676 item
886 640 998 677 latere
1010 639 1132 677 dextra
1154 653 1195 677 ac
1208 639 1358 687 finistra3
1381 641 1616 689 porrectione
1628 651 1705 675 non
1719 643 1840 676 minus
1851 644 1886 678 in

292 695 528 732 altitudinem
541 695 799 735 extollebatur,
814 698 851 734 ὃ(
863 697 900 731 in
913 697 1032 732 imum
1044 697 1284 732 inclinatione
1296 695 1572 733 demittebatur.
1602 696 1818 744 Erigebatur
1829 707 1887 733 au-

295 761 374 788 tem
388 751 604 789 machinam
622 752 855 788 altitudinem
867 751 911 788 ad
923 751 1182 797 disjiciendum
1205 763 1354 788 murum
1368 752 1513 788 circiter
1523 751 1634 801 pedes
1647 762 1678 787 c.
1703 752 1793 787 Item
1805 750 1824 786 ἐι
1837 753 1885 789 la-

297 818 373 844 tere
385 806 507 844 dextra
518 819 561 844 ac
572 807 702 844 sinistra
713 806 975 857 procurrendo
987 836 995 851 ‚
1015 807 1277 857 perstringebat
1291 818 1368 843 non
1381 808 1503 843 minus
1517 806 1626 857 pedes
1640 817 1672 842 c.
1694 806 1885 844 Guberna-

296 863 387 900 bant
395 874 479 900 eam
490 862 662 900 homines
675 875 716 907 c,
727 863 927 901 habentem
943 859 1004 911 [h]
1018 864 1167 915 pondus
1178 865 1359 900 talentum
1372 873 1535 912 quatuor
1546 863 1718 902 millium,
1733 863 1837 911 quod
1847 862 1886 900 fit

298 932 488 956 ccccrx
504 932 524 954 x
540 932 571 955 x.
592 919 740 969 pondo.

902 1009 936 1045 C
973 1020 994 1043 A
1024 1019 1054 1046 P.
1116 1006 1264 1044 XXII.

770 1096 953 1149 Totius
987 1100 1135 1170 operis
1150 1098 1401 1169 peroratio.

288 1221 408 1303 DE
429 1222 686 1273 scorpionibus
706 1223 743 1260 &
758 1225 948 1273 catapultis
961 1226 997 1262 ἅ
1011 1223 1143 1260 balistis
1157 1252 1166 1268 ‚
1188 1224 1378 1272 etiamque
1390 1222 1632 1261 testudinibus
1652 1224 1689 1260 ἃ*
1707 1222 1881 1263 turribus,

380 1291 460 1327 quse
474 1281 633 1316 maxime
646 1280 737 1316 mihi
748 1280 1116 1317 videbanturidonea
1129 1308 1138 1324 ‚
1158 1281 1195 1317 &
1217 1278 1237 1315 ὲ
1249 1280 1382 1328 quibus
1396 1279 1505 1316 ess'ent
1517 1281 1666 1316 inventa
1678 1308 1686 1323 ‚
1703 1281 1739 1315 δε
1752 1291 1884 1327 quem-

291 1333 500 1372 admodum
513 1335 589 1372 fieri
603 1335 792 1379 deberent,
805 1336 979 1385 explicui.
1010 1337 1206 1374 scalarum
1217 1345 1344 1372 autem
1355 1338 1391 1373 δε
1406 1334 1692 1378 carchesiorum,
1703 1333 1740 1370 ὃ(
1750 1346 1883 1371 eorum

289 1399 455 1436 qnorum
475 1388 636 1428 rationes
647 1391 726 1429 sunt
743 1392 1010 1429 imbecilliores
1023 1421 1032 1436 ‚
1051 1404 1131 1428 non
1155 1389 1296 1428 rieceffe
1315 1390 1429 1428 habui
1447 1391 1603 1428 scribere
1618 1418 1625 1425 .
1657 1391 1749 1426 Haee
1769 1391 1881 1428 etiam

289 1444 425 1481 milites
445 1457 510 1497 pet
527 1447 560 1484 se
581 1446 705 1484 solent*
717 1447 840 1485 facere
856 1477 865 1492 ‚
884 1459 1010 1496 neque
1032 1459 1073 1484 ea
1091 1446 1165 1498 ipsa
1185 1447 1364 1484 omnibus
1380 1448 1474 1484 locis
1493 1473 1500 1486 ‚
1526 1457 1649 1495 neque
1670 1445 1805 1483 eisdem
1827 1458 1882 1484 ra-

288 1499 457 1538 tionibus
468 1502 615 1552 poss'unt
628 1504 730 1540 utilia
742 1502 829 1541 esse,
853 1504 958 1552 quod
970 1502 1178 1541 differentes
1189 1502 1269 1540 sunt
1282 1504 1512 1540 munitiones
1523 1502 1808 1541 munitionibus,
1821 1501 1883 1537 na-

288 1555 396 1593 tionu
403 1569 516 1605 mque
529 1558 778 1596 fortitudines.
811 1559 990 1607 Namque
1002 1560 1071 1596 alia
1083 1560 1226 1597 ratione
1237 1559 1281 1595 ad
1289 1558 1445 1596 audaces
1459 1561 1495 1596 ὃς
1506 1559 1722 1595 temerarios
1735 1586 1744 1600 ‚
1757 1559 1825 1594 alia
1836 1557 1882 1592 ad

290 1610 504 1665 diligentes,
525 1615 628 1650 aliter
638 1614 682 1651 ad
694 1615 861 1651 timidios
874 1615 1171 1652 machinationes
1183 1615 1320 1652 debent
1332 1616 1550 1664 comparari.
1584 1615 1710 1663 ltaque
1730 1612 1784 1657 his
1795 1624 1882 1662 prae-

284 1664 543 1717 scriptionibus
557 1669 579 1707 fi
591 1671 671 1718 quis
683 1671 871 1707 attendere
882 1671 1046 1708 voluerit
1057 1684 1100 1708 ex
1112 1673 1291 1709 varietate
1302 1683 1438 1708 eorum
1450 1670 1623 1719 eligendo
1636 1699 1645 1713 ‚
1668 1672 1705 1706 δε
1717 1670 1751 1705 in
1765 1680 1879 1705 uuam

284 1726 611 1771 comparationem
623 1726 868 1764 conferendo,
883 1738 966 1763 non
977 1727 1158 1776 indigebit
1171 1727 1324 1766 auxiliis,
1338 1725 1397 1764 scd
1409 1726 1647 1775 quascunque
1661 1736 1716 1762 res
1728 1754 1738 1769 ‚
1752 1735 1813 1761 aut
1823 1735 1878 1760 ra-

283 1776 531 1823 tionibus-‚aut
542 1782 648 1821 locis,
665 1782 690 1818 fi
703 1794 800 1833 opus
810 1782 934 1827 fuerit,
949 1781 1020 1820 fine
1031 1782 1265 1820 dubitatione
1275 1783 1416 1831 poterit
1427 1782 1686 1832 explicare.Dc
1698 1789 1878 1828 repugna-

280 1833 386 1868 t'oriis
397 1845 489 1872 vero
501 1849 579 1873 non
593 1837 641 1875 est
653 1835 791 1888 scriptis
811 1838 1095 1888 explicandum:
1110 1850 1190 1876 non
1203 1839 1304 1874 enim
1317 1838 1361 1874 ad
1373 1838 1494 1874 nostra
1514 1836 1636 1873 hostes
1657 1844 1877 1883 comparant

279 1897 338 1923 res
351 1892 720 1937 oppugnatorias,sed
733 1893 1032 1931 machinationes
1048 1905 1182 1931 eorum
1192 1905 1236 1929 ex
1247 1903 1420 1942 tempore
1431 1892 1551 1928 solerti
1563 1889 1804 1927 consiliorum
1817 1901 1873 1926 ce-

278 1941 420 1979 leritate
432 1942 506 1981 fine
526 1946 709 1983 machinis
728 1947 851 1996 saepius
861 1958 1088 1985 evertuntur.
1121 1947 1242 1998 Qod
1255 1949 1363 1984 etiam
1382 1945 1664 1983 Rhodiensibus
1683 1957 1876 1982 memora-

276 2005 334 2033 tur
346 1996 411 2034 usu
422 1999 563 2037 veniss'e.
599 2002 812 2050 Diognetus
836 2004 935 2038 enim
948 2002 1068 2039 fuerat
1089 2002 1264 2038 Rhodius
1286 2001 1525 2039 Architectus
1537 2030 1546 2045 ‚
1567 2004 1604 2038 ἃ*
1616 2002 1707 2038 eide
1720 2002 1874 2052 publico

279 2055 482 2099 quotannis
494 2067 593 2094 certa
607 2069 751 2094 merces
772 2068 842 2107 pro
854 2067 929 2094 arte
940 2056 1168 2094 tribuebatur
1179 2057 1222 2094 ad
1233 2056 1433 2094 honorem.
1464 2059 1521 2094 Eo
1535 2067 1708 2106 tempore
1719 2056 1874 2105 quidam

280 2107 518 2147 At·ehite6’tus
531 2112 576 2149 ab
588 2111 716 2150 Arado
730 2142 739 2157 ‚
751 2114 908 2149 nomine
920 2113 1075 2156 Callias,
1090 2112 1276 2150 Rhodum
1297 2123 1387 2148 cum
1400 2112 1566 2150 veniffct‚
1581 2113 1757 2149 aetoalim
1769 2112 1871 2156 fecit,

279 2165 570 2216 exemplumque
584 2169 740 2217 protulit
752 2169 876 2212 muri,
897 2170 934 2206 &
947 2168 1052 2220 supra
1068 2168 1107 2205 id
1118 2168 1332 2206 machinam
1352 2169 1390 2204 in
1403 2167 1591 2206 carchesio
1611 2169 1765 2205 versatili
1777 2179 1871 2204 con-

1746 2224 1868 2262 stituit,

313 2306 414 2337 masum
437 2312 497 2345 (ita
508 2314 579 2340 enim
591 2312 758 2341 scribendum
770 2324 800 2341 ex
811 2312 960 2351 Stephano)
979 2311 1062 2350 Cypri
1074 2310 1203 2349 oppidum
1215 2312 1271 2339 aeris
1283 2310 1400 2341 habuiffe
1412 2313 1518 2341 metalla
1536 2313 1638 2353 scriptis
1649 2314 1742 2342 Strabo
1753 2315 1870 2343 tradidit,

311 2348 359 2377 lib.
370 2360 427 2381 xiv.
440 2354 473 2379 C.
484 2352 579 2381 Balbus
590 2354 616 2381 in
629 2355 817 2394 Argonauticis
830 2356 910 2382 rostra
921 2355 959 2381 uti
971 2353 995 2379 in
1006 2351 1185 2380 marmoribus
1195 2362 1265 2381 nunc
1276 2352 1562 2392 scalptainveniuntur,
1572 2351 1695 2394 exprcssit
1706 2355 1745 2384 his
1755 2355 1860 2384 verbis:

765 2424 769 2428 -
791 2408 867 2435 Volat
876 2406 991 2443 immiffis
1002 2417 1070 2435 cava
1086 2409 1162 2444 pinus
1171 2407 1285 2438 habenis,

633 2447 770 2487 Infidttque
783 2449 873 2485 solum,
885 2449 918 2483 &v
931 2449 1037 2486 spuma&
1048 2456 1126 2476 vorat
1136 2459 1179 2476 are
1189 2448 1306 2476 tridenti.

264 2497 297 2534 g]
333 2497 419 2526 Idem.
439 2498 625 2537 Palmipcdalia
635 2500 702 2527 dixit
713 2512 760 2539 pro
771 2502 888 2539 quinque
899 2502 1049 2541 palmorum
1063 2523 1069 2534 ,
1087 2499 1286 2540 &palmopcdm
1303 2512 1358 2541 quo
1368 2503 1452 2531 utitur
1471 2501 1516 2531 lib.
1529 2513 1555 2531 v.
1567 2512 1624 2541 cap.
1639 2508 1665 2530 6.
1686 2502 1762 2531 Vnde
1773 2503 1868 2542 palmi-

307 2539 407 2576 pedalis
417 2539 552 2567 malleolus
566 2540 723 2568 Columtllae
740 2541 787 2568 lib.
799 2551 847 2568 ιιι.
859 2552 915 2580 cap.
927 2553 965 2574 19·
989 2545 1018 2569 ln
1031 2542 1135 2570 clivolis
1145 2563 1151 2574 ‚
1170 2543 1206 2570 ait
1216 2563 1223 2572 ,
1244 2542 1288 2570 ubi
1298 2551 1366 2570 terra
1377 2545 1494 2572 decurrit
1509 2565 1514 2575 .
1533 2545 1619 2581 potest
1632 2544 1810 2582 palmipedalis
1820 2545 1867 2572 dc-

307 2581 381 2616 poni.
401 2582 485 2607 Varro
495 2579 541 2607 lib.
550 2580 582 2607 d:
593 2591 619 2607 re
632 2582 725 2609 rustica
736 2592 771 2609 rr.
781 2591 839 2620 cap.
851 2592 878 2616 4.
906 2585 1000 2610 Limen
1009 2581 1119 2611 iuferius
1138 2582 1221 2611 altum
1229 2583 1404 2622 palmipedale
1415 2605 1422 2618 ,
1438 2595 1471 2612 ue
1481 2586 1556 2623 porci
1566 2594 1599 2612 ex
1611 2584 1673 2612 hara
1682 2605 1688 2617 ‚
1711 2595 1773 2612 curn
1783 2594 1866 2612 mater

313 2620 413 2657 prodit,
424 2620 552 2648 tranlilire
563 2618 672 2658 poffiut.

266 2658 297 2693 h]
328 2661 410 2688 [dem.
433 2663 462 2688 In
479 2661 610 2700 aliquibus
621 2661 758 2689 codicibus
769 2671 830 2690 ante
843 2663 940 2701 pondo,
950 2662 1056 2691 additur
1066 2663 1147 2691 millia
1159 2677 1166 2695 ;
1177 2663 1217 2692 sed
1228 2664 1254 2691 in
1266 2663 1422 2692 melioribus
1433 2685 1440 2696 ,
1451 2665 1523 2692 notis
1533 2665 1583 2692 illis
1591 2664 1749 2703 superposita
1760 2665 1793 2692 ess
1807 2674 1867 2692 tan-

309 2702 454 2728 tummodo
463 2702 538 2729 linea.
561 2703 597 2730 Ea
609 2704 681 2730 enim
692 2701 811 2731 solebant
830 2705 932 2742 antiqui
944 2703 1121 2732 millenarium
1143 2714 1284 2733 numerum
1295 2704 1442 2744 [ignificare
1451 2726 1457 2738 ,
1472 2705 1497 2733 id
1506 2706 1541 2733 est
1553 2726 1560 2737 ,
1579 2705 1611 2732 ad
1622 2715 1711 2733 earum
1723 2714 1860 2736 norarum,

306 2740 401 2776 quibus
412 2742 674 2780 superimponebatur
687 2764 693 2774 ‚
713 2743 935 2783 lignilicationem
950 2744 1030 2772 millia
1041 2744 1145 2772 addere.
1174 2745 1357 2783 Reperiuntur
1375 2749 1399 2774 δε
1420 2745 1460 2773 hae
1471 2755 1520 2784 pro
1531 2746 1603 2773 mille
1615 2745 1642 2772 in
1653 2745 1829 2772 marmoribus
1839 2750 1865 2773 δε

304 2781 487 2819 manuscriptis
499 2783 635 2811 codicibus
646 2793 728 2814 notat„
743 2794 795 2812 cm
806 2806 812 2817 ,
825 2788 870 2812 cla
882 2806 888 2817 ,
908 2793 930 2814 Α
940 2804 947 2811 .
963 2794 1001 2811 02
1015 2805 1021 2814 .
1033 2794 1065 2812 00
1081 2806 1087 2817 ‚
1100 2788 1123 2813 3<
1145 2779 1200 2817 'cte
1215 2807 1222 2815 .
1238 2785 1324 2825 Qod
1334 2795 1422 2814 autem
1432 2786 1464 2814 ad
1473 2786 1603 2814 talentum
1612 2784 1863 2817 attinet,sciendtim

308 2822 446 2849 Romanos
459 2823 484 2850 id
494 2834 545 2850 non
556 2821 682 2855 habuiffc,
692 2824 732 2852 scd
745 2826 953 2863 quotiescunque
964 2825 1032 2863 apud
1044 2826 1170 2854 Latinum
1179 2836 1301 2854 autorem
1311 2828 1442 2864 reperitur
1453 2847 1459 2856 .
1478 2824 1579 2854 factum
1589 2823 1641 2853 effe
1651 2846 1657 2857 ‚
1673 2826 1744 2861 quod
1760 2826 1858 2854 dictio-

308 2871 370 2888 nem
381 2861 522 2899 scriptorisy
534 2874 614 2901 quem
626 2865 772 2897 imitantur,
785 2867 952 2894 retinuerint.
973 2866 1050 2904 Apud
1063 2869 1172 2895 Graecos
1183 2866 1326 2905 multiplici
1337 2863 1412 2894 fuisse
1421 2864 1571 2894 differentia
1579 2866 1779 2893 animadverto:
1801 2877 1859 2904 par-

307 2911 380 2931 vum.
393 2903 463 2940 quod
475 2905 556 2931 minas
568 2905 696 2941 pendebat
705 2906 855 2940 sexaginta:
880 2916 1018 2945 magnum,
1030 2907 1102 2944 quod
1112 2908 1266 2944 ostoginta,
1281 2907 1306 2934 id
1319 2908 1363 2936 est,
1374 2907 1452 2934 libras
1462 2908 1598 2934 Romanas
1608 2906 1749 2945 ostoginta
1758 2916 1820 2938 tres,
1836 2911 1861 2934 ἃ

302 2943 392 2971 uncias
404 2952 535 2982 quatuor:
559 2946 707 2973 maximum
721 2941 810 2975 §indas
823 2951 847 2975 S:
862 2946 1013 2986 Hesychius
1029 2947 1096 2985 apud
1107 2940 1234 2985 quosdam
1244 2944 1319 2976 fuisse
1330 2956 1442 2976 centum
1461 2950 1485 2975 &
1497 2947 1720 2986 vigintiquinque
1731 2947 1860 2974 librarum

1740 2988 1859 3016 tradunt.
