2023 3162
482 86 1085 128 naAacu1’rrchRA
1144 85 1399 127 LmVHI.
1660 94 1731 134 163

143 169 228 202 cus,
244 168 288 194 ex
302 168 381 206 quo
395 167 472 194 non
483 156 605 195 solum
617 158 680 206 qui
691 156 852 194 biberint
865 158 1075 195 moriuntur
1086 185 1096 202 ‚
1118 155 1176 194 sed
1187 158 1298 194 etiam
1311 157 1377 205 qui
1389 155 1554 193 laverint.
1587 155 1679 194 Item
1691 159 1731 195 in

142 217 220 260 [V]
237 211 418 251 Thessalia
429 212 512 250 fons
525 213 574 250 est
585 212 795 264 profluens,
811 225 855 249 ex
868 224 946 262 quo
958 212 1077 257 fonte,
1089 224 1157 249 nec
1169 224 1284 264 pecus
1293 214 1415 250 ullum
1425 210 1542 261 gustat
1554 240 1563 255 ‚
1585 224 1656 248 nec
1669 212 1731 250 be⁴

140 270 291 306 stiarum
313 280 428 319 genus
451 270 568 306 ullum
580 269 730 319 propius
753 268 918 305 accedit:
937 269 982 305 ad
992 280 1104 318 quem
1125 268 1270 305 fontem
1284 270 1456 318 proxime
1469 266 1518 304 est
1539 267 1650 304 arbor
1662 268 1732 305 fl00

140 335 224 363 rens
234 336 422 374 purpureo
434 325 673 361 colore.Non
683 325 802 360 minus
813 325 850 360 in
864 324 928 372 [X]
937 324 1257 373 Macedonia‚quo
1267 324 1345 361 loci
1355 323 1514 374 sepultus
1525 321 1574 359 est
1585 323 1730 373 Euripi-

140 381 219 425 des,
231 380 356 418 dextra
365 392 406 418 ac
417 380 550 417 finistra
563 380 814 418 monumenti,
823 378 1057 417 advenientes
1069 380 1146 417 duo
1158 381 1226 418 rivi
1237 389 1468 417 concurrunt
1479 380 1516 415 in
1530 375 1659 415 un'um:
1671 390 1732 416 ac—

141 435 362 474 cumbentes
373 438 531 475 viatores
541 433 735 486 pransitare
746 433 876 473 solent.
889 444 1042 485 propter
1051 430 1156 484 ac'luae
1167 434 1388 477 bonitatem,
1400 435 1444 472 ad
1454 435 1576 471 rivum
1587 442 1727 476 autem,

141 493 207 541 qui
216 491 264 528 est
275 493 312 528 in
323 492 432 529 altera
442 501 544 542 parte
554 491 925 538 monumenti‚nemo
935 490 1202 539 accedit‚quod
1213 490 1446 528 mortiferam
1454 501 1588 538 aquam
1598 488 1733 527 dicitur

141 548 285 585 habere.
314 549 406 585 Item
417 547 511 584 estin
523 546 683 583 Arcadia
695 547 878 583 Nonacris
889 546 1085 583 nominata
1095 556 1198 583 terrae
1209 548 1314 595 regio
1324 575 1334 590 ‚
1348 558 1427 595 quae
1440 544 1551 582 habet
1568 546 1607 581 in
1620 556 1732 582 mon-

141 603 239 641 tibus
251 600 270 639 ὲ
283 603 366 642 saxo
384 602 552 640 stillantes
563 599 814 650 frigidissimos
825 599 1017 639 humores.
1033 601 1126 637 Haec
1135 611 1259 639 autem
1272 612 1364 649 aqua
1377 604 1449 646 [Y]
1460 596 1553 647 ςυγδς
1564 593 1649 653 ὕδωρ
1664 613 1730 638 no·

142 660 302 696 minatur
313 685 321 699 ,
343 670 452 709 quam
461 669 581 707 neque
591 666 806 706 argenteum
820 685 829 701 ‚
841 668 962 705 neque
972 668 1121 693 aeneum
1134 685 1144 700 ‚
1162 668 1285 706 neque
1296 657 1456 694 ferreum
1469 668 1531 694 vas
1542 656 1660 707 potest
1672 652 1729 694 111-

142 714 271 753 stinere
289 741 297 755 ,
325 714 384 752 sed
402 712 541 751 dissilit.
574 713 611 749 &
631 711 823 763 dissipatur.
856 712 1084 749 Conservare
1103 721 1228 749 autem
1251 724 1352 750 eam,
1376 715 1411 750 St
1433 713 1626 749 continere
1637 711 1728 749 nihil

140 771 239 808 aliud
249 770 377 822 potest,
391 768 454 807 nisi
466 769 605 806 mulina
616 768 767 817 ungula,
777 779 857 816 quae
868 769 979 805 etiam
994 777 1223 804 memoratur
1240 768 1285 804 ab
1297 767 1499 817 Antipatro
1519 769 1557 804 in
1579 769 1729 819 provin·

142 828 240 864 ciam
252 853 260 867 ‚
281 826 344 864 ubi
360 835 435 864 erat
444 823 669 868 Alexander,
687 835 750 873 per
760 824 892 861 Iollam
904 822 1024 860 filium
1034 823 1170 873 perlata
1179 821 1259 862 effe,
1275 824 1312 859 ὅ(
1324 821 1370 859 ab
1380 833 1429 859 eo
1442 834 1484 858 ea
1496 834 1591 871 aqua
1602 835 1728 873 regem

142 881 212 920 effe
223 893 405 920 necatum.
435 882 525 919 Item
537 879 699 930 Alpibus
716 880 756 915 in
767 879 875 916 Cotti
886 890 1004 929 regno
1016 877 1066 915 est
1082 889 1192 927 aqua,
1220 888 1333 927 quam
1353 878 1417 926 qui
1428 877 1588 927 gustant,
1607 878 1729 917 statim

144 938 357 976 concidunt.
393 936 502 987 Agto
512 947 639 973 autem
652 933 792 972 Falisco
810 936 868 972 via
882 935 1090 985 Campania
1101 936 1138 970 in
1158 944 1297 984 campo
1309 933 1485 970 Corneto
1496 932 1545 970 est
1556 935 1672 971 lucus.
1687 935 1728 971 in

143 1005 221 1042 quo
231 993 313 1031 fons
323 995 453 1037 oritur,
464 992 527 1029 ubi
537 992 712 1041 anguium
725 990 760 1028 &
771 990 989 1028 lacertarum
1002 1019 1012 1035 ‚
1023 990 1321 1039 reliquarumque
1340 988 1566 1039 serpentium
1588 990 1662 1025 ossa
1679 991 1728 1034 ja-

144 1052 266 1087 centia
278 1058 460 1100 apparent.
492 1049 585 1085 ltem
598 1046 679 1084 sunt
689 1047 878 1084 nonnullae
890 1047 1004 1084 acidae
1025 1057 1127 1083 vcnae
1138 1045 1301 1083 fontium
1313 1070 1321 1084 ‚
1344 1046 1399 1082 uti
1417 1047 1492 1090 [Z]
1513 1044 1724 1093 Lyncesto:

143 1106 181 1142 ὅ(
192 1106 228 1141 in
241 1106 339 1142 Italia
351 1107 418 1150 [1]
430 1105 587 1141 Vir-ena:
608 1103 805 1153 Campana
818 1104 884 1148 [2]
896 1105 1050 1140 Teano:
1067 1100 1214 1151 aliisque
1226 1101 1321 1138 locis
1332 1101 1513 1150 pluribus:
1536 1112 1618 1148 quae
1630 1100 1728 1137 hanc

145 1160 277 1199 habent
287 1162 476 1205 virtutem,
487 1162 539 1198 uti
551 1159 716 1197 calculos
729 1160 765 1195 in
778 1157 906 1196 veficis
919 1187 929 1203 ,
941 1160 1004 1207 qui
1015 1157 1085 1194 nas
1079 1167 1214 1194 cuntur
1224 1158 1263 1194 in
1275 1156 1496 1206 corporibus
1509 1156 1724 1194 hominum,

142 1217 360 1267 potionibus
372 1216 430 1253 dis
425 1216 668 1253 cutiaanieri
678 1225 803 1252 autem
813 1213 890 1252 hoc
899 1214 1109 1252 naturaliter
1117 1213 1270 1251 ita,ideo
1279 1209 1441 1256 videtur,⁴
1449 1211 1553 1260 quod
1564 1212 1629 1256 [3]
1644 1222 1729 1248 acer

145 1274 183 1309 δ(
195 1271 321 1309 acidus
331 1271 459 1309 succus
469 1271 583 1309 subest
596 1272 631 1307 in
646 1282 688 1307 ea
699 1280 812 1310 terra,
836 1282 901 1321 per
911 1281 1024 1319 quam
1035 1268 1266 1319 egredientes
1275 1279 1375 1305 venae
1393 1269 1629 1316 intinguntur
1639 1267 1730 1304 acri-

143 1327 271 1364 tudine
285 1356 295 1371 ,
316 1329 352 1365 ὃ(
365 1330 412 1365 ita
423 1339 510 1365 cum
527 1329 564 1365 in
581 1338 716 1377 corpus
737 1329 886 1371 ineunt,
905 1325 1072 1376 dissipant
1093 1337 1174 1374 quae
1195 1336 1239 1361 ex
1255 1335 1435 1373 aquarum
1453 1321 1670 1360 subsidentia
1688 1323 1729 1358 in

145 1382 366 1432 corporibus
388 1385 424 1420 ὃ(
443 1383 712 1421 concrescentia
723 1380 974 1420 offenderunt.
1007 1382 1132 1435 Qare
1144 1390 1271 1417 autem
1289 1378 1529 1416 discutiantur
1548 1390 1593 1416 ex
1613 1376 1730 1414 acidis

145 1449 194 1476 eae
208 1449 276 1482 τες,
289 1438 337 1476 fic
348 1437 531 1489 possumus
542 1438 844 1479 animadvertere.
875 1438 1005 1475 Ovum
1017 1440 1053 1473 in
1064 1446 1174 1474 aceto
1193 1435 1218 1473 si
1230 1435 1365 1472 diutius
1375 1433 1592 1484 impositum
1604 1432 1724 1472 fuerit.

145 1504 272 1531 cortex
284 1496 360 1540 ejus
373 1494 561 1532 mollescet
573 1497 609 1532 &
619 1492 840 1532 dissolvetur.
853 1495 944 1531 Item
954 1490 1277 1552 plumbumquod
1288 1490 1337 1527 est
1347 1488 1587 1527 lentissimum
1600 1490 1635 1526 &
1646 1499 1728 1538 gra-

141 1547 339 1596 vissimum,
351 1549 421 1588 siin
431 1550 511 1591 vase
523 1551 756 1589 collocatum
767 1549 886 1590 fuerit,
901 1549 939 1586 &
951 1551 990 1587 in
1001 1561 1049 1587 eo
1061 1558 1210 1585 acetum
1219 1544 1391 1584 suffusum
1404 1572 1412 1587 ‚
1429 1545 1467 1583 id
1478 1555 1601 1582 autem
1614 1554 1726 1593 oper-

572 1615 575 1617 ·
1050 1604 1087 1641 X
1119 1616 1140 1640 z
1634 1608 1722 1636 tum

182 1705 248 1732 Hoc
260 1713 349 1732 autem
359 1705 474 1732 Vitruvii
484 1704 547 1732 loto
555 1705 624 1733 deest
635 1705 786 1743 praepositio
795 1704 861 1743 apud
872 1725 879 1737 ‚
891 1713 920 1731 ut
929 1704 958 1731 sit
967 1725 973 1736 ,
988 1699 1021 1733 ἐξ
1030 1702 1100 1740 apud
1109 1699 1224 1739 Cythras·
1243 1701 1313 1728 Nam
1324 1698 1350 1727 hi
1360 1695 1551 1742 sunt-Thraciae
1562 1695 1670 1740 populi5
1693 1704 1727 1722 ne

181 1745 238 1782 quis
250 1744 467 1773 nominandicasu
478 1747 598 1783 accipiar,
610 1755 657 1783 pro
668 1745 742 1783 ipsius
752 1745 822 1773 lacus
833 1746 950 1772 nomine.
979 1742 1131 1771 Aristoteles
1144 1762 1150 1772 ,
1172 1741 1190 1768 fi
1201 1739 1284 1768 modo
1294 1740 1349 1774 ejus
1359 1740 1394 1767 est
1405 1738 1470 1766 liber
1480 1759 1486 1771 ,
1511 1738 1543 1765 de
1554 1734 1666 1779 mirabli.
1678 1743 1729 1762 au-

180 1785 248 1814 ditu.
263 1795 316 1812 non
329 1785 452 1823 Cycbros
463 1785 505 1813 sed
516 1786 621 1817 Psittos.
635 1786 694 1819 (nili
706 1784 790 1813 codex
804 1784 899 1813 menda
910 1794 963 1812 non
974 1785 1060 1819 caret)
1072 1792 1155 1821 neque
1164 1781 1259 1813 lacum,
1271 1780 1314 1808 sed
1324 1778 1485 1808 fonticulum
1494 1785 1584 1805 vocat.
1594 1775 1641 1802 lib.
1653 1783 1726 1803 certe

181 1825 213 1852 de
222 1825 324 1852 Histor.
337 1826 442 1852 animal.
457 1836 501 1853 111.
524 1825 659 1864 Psychron
673 1834 797 1854 vocatum
806 1827 841 1853 ait
855 1824 870 1853 εὶ
881 1823 1037 1864 frigiditate.

142 1865 175 1900 V]
194 1865 276 1893 Idem.
298 1868 339 1899 De
349 1866 396 1893 isto
407 1863 482 1893 fonce
492 1866 565 1894 locus
585 1867 650 1893 Plin.
661 1866 850 1906 intelligendus
860 1865 906 1892 lib.
915 1874 993 1893 xxx1.
1011 1875 1067 1903 cap.
1080 1874 1115 1891 11.
1136 1863 1214 1890 Alter
1234 1864 1300 1889 circa
1319 1859 1460 1896 Theffizlica
1477 1860 1569 1894 Tempe
1579 1877 1586 1889 ,
1604 1858 1726 1902 quoniam·

182 1906 253 1941 visus
267 1905 382 1933 omnibm
398 1908 488 1933 terrori
506 1909 541 1934 ef}
550 1928 556 1937 ,
573 1907 732 1943 traduntque
743 1910 821 1934 etiam
831 1916 860 1933 as
877 1914 906 1932 ac
919 1904 1022 1941 ferrum
1033 1905 1100 1932 erodi
1111 1904 1156 1931 illa
1167 1911 1246 1941 aqua.
1269 1899 1375 1938 Profluit
1397 1901 1440 1932 (ut
1452 1897 1639 1931 indicavimus)
1651 1895 1725 1924 brem

179 1946 269 1984 spatio.
281 1948 425 1985 mirumque
429 1945 526 1985 fifiqua
530 1945 653 1983 filvestris
663 1946 778 1983 ampler'li
787 1945 914 1974 radtcibua
920 1944 1021 1981 fintem
1031 1955 1088 1972 eum
1097 1944 1198 1974 dtcitur.
1207 1940 1399 1979 ftmpcrfhrens
1405 1946 1525 1976 purpura.
1547 1937 1577 1965 Id
1595 1938 1631 1965 est
1652 1936 1726 1975 quod

180 1985 339 2027 significavit
349 1988 485 2015 Vitruvius
495 2008 502 2018 .
520 1997 580 2015 eum
590 1988 657 2015 dixit
665 1986 788 2015 arborem
798 1987 944 2016 florentem
957 1985 1048 2013 colore
1057 1993 1196 2024 purpureo.
1216 1983 1255 2010 Ex
1267 1982 1291 2010 vi
1300 1989 1406 2021 apparet
1417 1989 1458 2008 eas
1470 1988 1548 2018 aquas
1559 1978 1648 2006 multo
1658 1985 1727 2005 atra-

183 2036 276 2054 mento
287 2025 387 2054 sutorio
404 2025 514 2056 infec'tas
525 2025 584 2055 effe.

144 2068 184 2101 X]
201 2068 284 2094 idem.
307 2069 340 2095 Et
350 2067 420 2095 hunc
431 2068 520 2096 locum
531 2077 664 2096 mutuatus
676 2068 710 2096 est
722 2067 789 2096 Plin.
799 2065 846 2094 lib.
856 2076 932 2095 xxxi.
942 2076 997 2105 cap.
1011 2076 1049 2094 11.
1537 2100 1541 2104 ι

144 2109 177 2142 Υ]
202 2107 284 2135 Idem.
307 2110 348 2135 Dc
359 2108 450 2135 eadem
461 2109 519 2136 vide
532 2110 598 2136 Plin.
610 2109 656 2137 lib.
667 2119 702 2136 ιι.
713 2117 831 2147 cap.103.
842 2111 865 2135 &
876 2107 922 2136 lib.
931 2118 1007 2135 xxxr.
1019 2115 1115 2144 capit.
1130 2108 1154 2133 ἃ·
1165 2103 1211 2133 lib.
1221 2112 1284 2131 xxx.
1294 2111 1350 2140 cap.
1360 2102 1408 2130 ult.
1422 2100 1512 2129 lustin.
1524 2098 1627 2142 liban..
1639 2096 1730 2126 Pausa-

184 2148 255 2176 niam
264 2148 289 2174 in
302 2147 448 2176 Arcadios,
458 2152 481 2176 δι
492 2149 564 2177 alios.
584 2149 637 2177 Alii
646 2159 735 2178 autem
745 2148 872 2187 ungulam
881 2147 1001 2186 equi‚alii
1010 2147 1082 2185 asini,
1093 2146 1215 2174 Aelianus
1229 2144 1301 2171 Atini
1312 2142 1430 2181 Scythici
1441 2149 1541 2168 cornua
1551 2160 1557 2172 ,
1578 2138 1638 2166 huic
1653 2147 1728 2177 aquae

185 2187 369 2216 conservanda:
385 2188 479 2216 idonea
496 2189 611 2218 tradunt.

145 2230 183 2264 Z]
206 2227 351 2256 Pliilander.
370 2227 437 2255 Plin.
447 2228 493 2256 lib.
505 2239 540 2257 11.
552 2241 608 2269 cap.
619 2239 679 2264 ¹03·
701 2230 813 2266 Lycestis,
824 2229 919 2267 inquit,
930 2236 998 2266 aqua
1008 2248 1014 2259 ‚
1027 2236 1077 2265 que
1086 2233 1197 2254 vetatur
1205 2225 1327 2256 Acidula,
1338 2223 1396 2248 vini
1405 2220 1476 2248 modo
1486 2218 1633 2247 temulentos
1644 2219 1725 2258 fam,

185 2268 244 2298 Vib.
254 2268 388 2307 sequester
399 2268 496 2307 Lysum
507 2272 628 2297 nominat
642 2291 648 2302 ,
667 2270 785 2308 dicitque
795 2267 846 2298 esse
856 2269 978 2296 Thraciae
989 2268 1110 2295 fluvium.
1129 2267 1214 2294 Oitidv
1226 2266 1274 2293 ult.
1285 2260 1494 2300 Metamorphos.
1505 2259 1636 2289 meminit:

500 2325 567 2350 Huic
577 2321 639 2360 fluit
650 2322 735 2360 effiHu
745 2322 827 2360 d.spar
841 2321 983 2360 Lyncestius
993 2320 1075 2347 amnis
1085 2332 1094 2347 :

501 2366 585 2400 Qem
594 2365 737 2401 quicunque
748 2370 839 2400 parum
849 2362 977 2389 moderato
983 2367 1086 2396 guttere
1095 2361 1177 2386 traxit
1185 2380 1192 2391 ,

500 2404 581 2431 Haud
587 2403 662 2430 aliter
671 2402 767 2430 titubat
774 2424 782 2434 ,
801 2413 881 2441 quam
891 2400 917 2439 fi
925 2410 997 2429 mera
1006 2402 1071 2427 vina
1079 2398 1189 2437 bibffic‘
1198 2419 1205 2426 .

184 2456 283 2485 Eadem
294 2456 331 2483 vis
342 2455 454 2484 traditur
464 2455 497 2483 ab
509 2455 633 2485 Oribafio
642 2465 673 2482 ex
683 2451 756 2483 Rufo
765 2453 810 2482 lib.
822 2464 847 2481 v.
856 2463 912 2492 cap.
924 2463 953 2481 a.
973 2451 1000 2480 «ἐν
1011 2446 1129 2486 >mycenas
1138 2471 1144 2480 .
1164 2450 1210 2478 nisi
1229 2449 1316 2478 codex
1327 2447 1422 2476 menda
1442 2456 1495 2474 non
1517 2453 1599 2474 caret.
1610 2445 1653 2489 *Et
1671 2439 1729 2471 for-

185 2496 257 2525 taffis
268 2497 341 2524 locus
353 2496 538 2535 intelligendus
549 2496 579 2524 de
589 2493 665 2523 fonte
676 2516 682 2526 ,
702 2504 781 2533 quem
792 2493 898 2533 quidam
908 2493 975 2532 apud
987 2493 1097 2532 Ligures
1108 2489 1194 2519 facere
1206 2490 1367 2518 temulentos
1378 2488 1476 2532 scribit.
1495 2490 1571 2531 Aqua
1580 2493 1728 2530 etiamnum

186 2538 212 2565 in
219 2538 365 2576 Campania
377 2541 451 2575 (qux
461 2537 538 2564 hodie
549 2546 616 2564 terra
627 2535 722 2563 laboris
730 2535 841 2569 dieitur)
853 2536 922 2562 inter
932 2533 1093 2562 Vulturnum
1104 2536 1128 2561 &
1139 2533 1238 2559 Cumas
1245 2530 1368 2562 scatet,&
1379 2530 1405 2557 iu
1416 2530 1474 2567 ipsis
1484 2529 1605 2554 Linterni
1614 2526 1727 2554 Custi-

186 2579 273 2617 pionis
283 2575 401 2605 Africani
410 2577 477 2605 villae
487 2588 566 2615 arque
577 2577 643 2604 adeo
654 2575 765 2614 sepulcri
774 2575 862 2607 ruinis,
874 2584 931 2614 quae
943 2583 1021 2613 epota
1030 2571 1094 2601 facit
1105 2572 1278 2601 temulentos.
1615 2606 1620 2611 ι
1705 2604 1710 2610 ¹

143 2620 171 2653 1]
198 2619 282 2647 Idem.
308 2620 394 2647 Locus
406 2617 449 2645 hic
470 2618 533 2645 mihi
546 2618 618 2645 valde
629 2616 757 2655 suspectus
769 2617 821 2648 est,
841 2624 914 2643 tanta
929 2615 964 2643 est
973 2614 1098 2643 codicum
1118 2614 1240 2641 varietas.
1259 2614 1289 2638 In
1299 2610 1426 2649 aliquibus
1437 2609 1551 2637 Vircnna
1568 2606 1683 2647 legitur:
1703 2614 1731 2632 in

185 2659 321 2688 nonnullis
332 2660 445 2690 Vienna,
455 2660 480 2686 in
490 2659 545 2686 aliis
553 2659 660 2685 Virena.
681 2659 722 2685 De
733 2656 827 2694 quibus
838 2655 902 2693 quid
913 2656 1032 2685 statuam.
1044 2654 1163 2682 nondum
1176 2661 1280 2680 certum
1292 2653 1336 2679 est.
1467 2689 1476 2694 -
1595 2688 1600 2693 ¹

146 2700 176 2734 2]
207 2700 290 2728 ldem.
314 2701 447 2730 Teanum,
464 2700 610 2727 Sidicinum
620 2698 793 2737 cognomine,
807 2698 833 2724 in
844 2697 989 2735 Campania
999 2695 1044 2723 est.
1055 2694 1093 2723 ibi
1102 2703 1198 2733 aquam
1215 2692 1346 2720 acidulam
1355 2690 1489 2720 calculosis
1500 2687 1600 2717 mederi
1609 2697 1687 2717 autor
1696 2686 1732 2715 est

191 2741 257 2768 Plin.
269 2739 314 2768 lib.
325 2750 401 2768 xxxi.
412 2749 468 2778 cap.
480 2750 517 2768 11.
1690 2768 1694 2773 ¹

113 2790 115 2792 ·
146 2781 175 2814 3]
204 2781 285 2809 Idem.
307 2780 430 2809 Plin.1ib.
440 2791 483 2808 xv.
502 2790 558 2819 cap.
570 2791 614 2814 27.
633 2789 730 2819 genera
739 2777 861 2817 saporum
875 2777 1001 2815 simplicia
1016 2775 1146 2803 tredecim
1163 2781 1378 2802 commemorat:
1393 2771 1500 2799 dulcem
1511 2793 1517 2803 ,
1531 2770 1635 2799 suavem
1646 2790 1652 2801 ,
1670 2778 1731 2807 pin-

187 2830 277 2860 guem,
288 2831 407 2850 amarum
419 2843 425 2853 ,
446 2822 691 2851 austerum,acrem,
701 2828 819 2850 acutum.
830 2819 970 2848 acerbum,
993 2816 1107 2848 acidum,
1117 2819 1141 2844 3:
1152 2814 1253 2843 salsum.
1274 2810 1332 2842 Esse
1342 2813 1391 2841 alia
1402 2813 1451 2839 tria
1460 2833 1466 2843 ‚
1477 2821 1559 2839 unum
1569 2812 1595 2838 in
1603 2820 1660 2855 fluo
1670 2809 1731 2853 plu-

190 2871 229 2888 res
238 2863 333 2900 pariter
340 2862 488 2890 sentiuntur
499 2883 505 2893 ,
517 2862 584 2890 urin
596 2861 661 2888 vinis
669 2860 782 2887 austerus
793 2858 984 2891 acutus‚dulcis
997 2860 1020 2884 δέ
1031 2855 1123 2886 suavis,
1133 2865 1226 2883 omnes
1238 2854 1345 2882 alienos.
1364 2853 1486 2881 Alterum
1496 2853 1522 2879 in
1532 2862 1585 2889 quo
1596 2855 1625 2878 sit
1636 2854 1659 2878 δι
1671 2849 1734 2876 alie-

191 2910 238 2928 nus
249 2903 364 2940 quidem.
375 2902 418 2931 sed
427 2907 450 2931 ὃ(
460 2902 518 2931 suus
527 2902 632 2941 quidam
641 2900 788 2938 peculiaris,
798 2909 826 2927 ut
836 2900 861 2927 in
875 2899 940 2927 lacte
949 2898 1053 2928 lenitas,
1063 2906 1124 2925 cum
1133 2895 1208 2924 suave
1216 2895 1292 2924 dulce
1303 2898 1327 2923 3<
1339 2895 1437 2934 pingue
1449 2903 1508 2921 vere
1517 2893 1571 2920 dici
1582 2901 1635 2919 non
1645 2886 1733 2931 possit.

191 2938 250 2970 Effe
259 2946 283 2970 ὃ(
293 2946 365 2981 aquis
375 2944 476 2972 nullum
486 2965 492 2974 .
510 2953 539 2972 ur
557 2952 646 2971 tamen
664 2951 696 2969 eo
708 2939 761 2979 ipso
771 2940 816 2968 fiat
825 2940 918 2980 aliquis
929 2960 935 2972 ,
945 2949 975 2967 ac
984 2937 1059 2967 suum
1069 2947 1152 2978 genus
1162 2934 1251 2965 faciat.
1275 2934 1343 2965 Vide
1355 2934 1448 2964 Galen.
1461 2934 1506 2962 lib.
1520 2942 1542 2962 x.
1554 2932 1636 2971 fimpl.
1650 2929 1735 2958 medi—

191 2991 305 3013 cament.
317 2987 342 3012 ὅ(
353 2983 399 3012 lib.
409 2986 454 3024 qui
466 2985 510 3024 ipsi
520 2983 657 3014 ascribitur
669 3003 675 3017 ,
690 2981 722 3011 de
731 2981 826 3011 oculis.
1610 3012 1640 3045 4]
1652 3008 1735 3037 Idem.
