2023 3162
452 61 1064 102 oEARcHITEcrvRA
1122 52 1329 94 L13.X.
1642 69 1716 103 225

132 136 223 176 tudo
236 145 269 171 Z.
291 129 448 171 cardinis
474 130 531 178 [k]
551 125 794 177 longitudinis
806 125 998 162 foraminis
1019 123 1070 173 fij:
1093 124 1305 161 columella:
1327 121 1668 172 capitislongitudo
1685 137 1717 161 1.

131 191 230 230 S.K.
251 200 333 226 ante
346 187 416 224 fixa
433 185 590 223 latitudo
602 182 804 222 foraminis.
825 193 844 217 a
865 182 887 217 S
907 183 957 231 2¹:⁵1-
980 195 1014 225 9·
1039 178 1466 229 crassirudoiposterior
1476 180 1601 215 minor
1614 182 1720 217 colu.

132 258 240 286 mna.
264 256 345 294 qua:
362 244 492 279 Graece
511 242 646 277 dicitur
661 235 705 290 [l]
723 232 892 276 deiCamg
905 263 911 275 ‚
926 236 1156 273 foraminum
1170 236 1283 278 οθιο,
1303 233 1462 272 latitudo
1475 234 1668 271 foraminis
1684 237 1720 272 S.

134 314 166 340 1.
178 301 426 339 crassitudinis.
442 299 502 335 ΡΖ.
516 295 678 341 subjecto
691 293 921 330 foraminum
936 306 956 329 x
968 295 977 329 i
987 294 1009 328 i.
1028 291 1228 328 latitudinis
1240 290 1276 327 8<
1290 289 1531 328 crassitudinis
1543 289 1720 336 ejusdem,

131 360 235 404 cujus
247 358 369 393 minor
380 354 557 390 columna
568 351 640 388 illa.
661 350 776 401 Supra
789 350 976 385 minorem
991 349 1211 384 columnam
1225 347 1445 384 chelonium
1456 345 1529 383 sive
1543 346 1720 397 pulvinus

135 411 524 457 dicitur-,foraminum
542 420 554 443 1
569 420 579 443 i
592 436 598 443 .
612 406 708 456 5⁶:³5
728 404 930 442 altitudinis
954 417 966 440 1
981 405 1098 446 1.S².':'2
1121 402 1322 439 latitudinis
1342 403 1364 439 S
1382 415 1442 439 11-
1453 403 1532 449 [m]
1546 401 1720 438 carelicbi

129 468 339 508 sucularum
358 466 587 502 foraminum
605 474 620 498 1
633 473 662 497 1.
683 463 705 497 5
730 462 822 510 1·³'.·'.2
841 458 1042 496 crassitudo
1062 458 1254 495 foraminis
1273 459 1298 495 S
1324 470 1338 494 1
1353 470 1366 493 1
1385 459 1435 508 3:⁹5
1456 459 1614 495 latitudo
1642 470 1654 494 1
1682 457 1717 493 S.

132 523 387 562 transversariis
405 531 490 556 cum
509 516 718 554 cardinibus
737 515 939 564 longitudo
961 515 1188 551 foraminum
1206 514 1242 550 X
1318 515 1476 552 latitudo
1494 526 1525 551 1.
1547 515 1633 563 Ssjg
1655 513 1718 549 de-

133 593 219 618 cem
240 582 276 617 6<
297 574 512 617 crailitudo,
532 573 671 610 bracliii
690 570 896 620 longitudo
915 584 944 607 1.
958 569 1234 607 S.foraminum
1255 571 1317 608 vii.
1331 569 1530 607 crassitudo
1541 569 1719 607 abi-adice

133 636 326 674 foraminis
346 634 406 669 Fz.
427 632 463 666 in
475 629 622 666 summo
641 628 837 664 foraminis
850 655 860 670 ‚
883 626 951 662 siz.
966 635 1168 662 curvaturae
1190 624 1415 663 foraminum
1440 626 1542 664 οᾶο.
1577 624 1719 663 Haeciis

133 687 455 742 proportionibus,
465 683 815 729 autadjeffionibus,
828 692 890 717 aut
902 680 1191 717 detractionibus
1205 691 1483 731 comparantur.
1516 681 1616 718 Nam
1629 680 1653 717 si
1664 688 1720 718 ca-

133 748 246 798 pitula
256 746 399 782 altiora,
411 751 524 790 quam
538 741 605 777 erit
616 738 771 776 latitudo
783 762 792 775 ,
809 737 903 773 fana
913 736 1047 773 fuerint
1065 735 1162 784 <quae
1183 747 1348 774 anatona
1366 737 1556 784 dicuntur)
1570 737 1615 773 de
1638 738 1720 774 bra-

134 803 225 840 chiis
237 802 417 841 demetur,
429 807 469 834 ut
478 807 556 845 quo
568 796 721 832 mollior
733 793 783 830 est
794 804 908 830 tonus
921 821 931 837 ‚
950 801 1101 841 propter
1112 791 1347 828 altitudinem
1360 792 1510 842 capituli
1523 817 1529 829 ,
1558 794 1624 838 [n]
1638 793 1720 829 bra-

134 858 373 896 cliiibrevitas
393 853 501 890 faciat
515 852 661 901 plagam
681 849 1016 889 vehementiorem.
1045 848 1085 884 Si
1103 848 1228 884 minus
1247 847 1364 884 altum
1376 848 1580 897 capitulum
1592 847 1714 888 fuerit,

136 914 258 963 (quod
269 920 485 949 catatonum
496 908 649 953 dicitur)
670 915 822 957 propter
831 904 1111 943 vehementiam
1124 931 1134 946 ‚
1155 902 1302 940 brachia
1311 904 1424 953 paulo
1442 903 1613 951 longiora
1626 915 1719 939 con-

135 970 345 1008 stituentur,
359 964 528 1003 ntifacile
540 962 736 1000 ducantur.
767 962 964 1010 Namque,
988 958 1314 1008 quemadmodum
1325 959 1437 995 vectis
1451 986 1460 1002 ,
1481 969 1568 994 cum
1580 958 1721 995 estlon-

136 1024 300 1075 gitudine
310 1022 449 1073 pedum
460 1029 636 1067 quatuor,
650 1016 754 1067 quod
767 1028 862 1054 onus
873 1017 1039 1066 quinque
1050 1014 1267 1051 hominibus
1279 1015 1490 1052 extollitur,
1515 1014 1543 1049 is
1559 1012 1585 1050 fi
1603 1013 1651 1050 est
1661 1024 1723 1064 pc-

135 1082 224 1118 dum
236 1079 325 1116 οᾶὶο
338 1107 346 1121 ,
368 1076 388 1112 a
399 1075 545 1112 duobus
557 1075 742 1112 elevatur:
763 1073 902 1109 eodem
914 1070 1036 1110 modo
1049 1068 1209 1110 brachia,
1225 1082 1304 1120 quo
1316 1070 1490 1120 longiora
1502 1068 1583 1107 sunt
1593 1094 1601 1109 ,
1628 1069 1725 1106 mol-

134 1137 221 1176 lius‚
235 1146 311 1185 quo
323 1133 505 1173 breviora,
519 1130 644 1167 durius
658 1129 859 1167 ducuntur.

759 1245 794 1283 C
826 1259 849 1284 A
882 1259 914 1284 P.
976 1243 1100 1282 XVI.

568 1336 650 1387 De
668 1332 971 1401 Balistarbtm
993 1329 1278 1386 rationibm.

137 1463 483 1548 CAtapultarum
492 1464 674 1503 rationes,
698 1474 742 1500 ex
755 1461 894 1511 quibus
913 1462 1093 1499 membris
1112 1462 1149 1499 δε
1172 1458 1409 1510 portionibus
1429 1466 1719 1511 componantur,

221 1521 305 1558 dixi.
336 1520 547 1557 Balistarum
567 1529 692 1557 autem
710 1519 874 1556 rationes
894 1519 999 1555 variae
1019 1516 1097 1554 sunt
1118 1516 1155 1552 ὃ(
1174 1514 1386 1553 differentes
1399 1544 1409 1560 ,
1438 1518 1546 1552 unius
1567 1511 1720 1551 effectus

134 1576 241 1614 causa
253 1586 484 1626 comparatae.
517 1578 576 1621 [a]
592 1575 686 1612 Aliae
699 1576 801 1613 enim
813 1574 978 1612 vestibus
992 1573 1028 1609 &
1042 1572 1186 1615 suculis,
1198 1572 1389 1609 nonnullae
1404 1569 1624 1621 polyspasti5‚
1638 1568 1718 1605 alia:

134 1635 265 1681 ergatis
279 1631 471 1681 ‚quaedam
488 1633 598 1669 etiam
611 1641 878 1681 tympanorum
891 1639 1115 1678 torquentur
1135 1626 1349 1664 rationibus.
1381 1626 1453 1663 Sed
1472 1636 1598 1662 tamen
1618 1623 1721 1660 null-a

137 1688 261 1725 balista
281 1686 489 1738 perficitur,
516 1687 581 1724 nifi
602 1687 648 1724 ad
669 1685 898 1737 propositam
921 1683 1221 1733 magnitudinem
1243 1682 1419 1731 ponderis
1438 1680 1505 1718 faxi
1520 1709 1530 1724 ‚
1559 1679 1664 1728 quod
1682 1677 1722 1714 id

135 1755 319 1792 organum
336 1744 482 1780 mittere
501 1742 622 1780 debet.
654 1743 770 1791 Igitur
782 1742 827 1777 de
838 1743 982 1778 ratione
993 1751 1119 1777 earum
1132 1750 1212 1775 non
1224 1737 1274 1775 est
1287 1736 1466 1775 omnibus
1486 1736 1720 1785 expeditum,

133 1799 200 1835 nisi
224 1800 288 1847 qui
307 1798 548 1836 arithmeticis
568 1798 775 1835 rationibus
800 1807 978 1834 numeros
1005 1797 1044 1833 &
1076 1794 1411 1843 multiplicationes
1434 1788 1572 1830 habent
1592 1799 1716 1828 notas.

136 1851 196 1900 [h]
208 1855 340 1902 Namq
349 1853 459 1902 3fiunt
469 1856 505 1889 in
517 1854 696 1904 capitibus
707 1853 973 1902 foramina‚per
982 1863 1152 1901 quorum
1164 1850 1275 1901 spatia
1287 1845 1722 1898 contenduntur‚capillo

134 1909 498 1948 maximemulicbri,
516 1911 573 1946 vel
583 1920 698 1946 nervo
712 1938 721 1952 ‚
742 1908 872 1952 funes,
893 1905 1226 1956 quimagnitudine
1244 1904 1420 1954 ponderis
1438 1903 1587 1954 lapidis,
1609 1911 1725 1950 quem

136 1964 245 2002 debet
257 1977 298 2002 ea
309 1964 433 2002 balista
444 1966 610 2004 mittere,
630 1977 675 2000 ex
688 1966 832 2001 ratione
842 1963 1028 2012 gravitatis
1040 1962 1291 2011 proportione
1302 1961 1497 1997 sumuntur
1509 1984 1515 1995 ,
1541 1957 1725 2008 quemad·

136 2020 297 2058 modum
309 2021 504 2072 catapultis
514 2020 559 2059 de
571 2019 864 2070 longitudinibus
874 2017 1200 2069 sagittarumltaq3
1215 2041 1222 2056 ‚
1243 2026 1285 2054 ut
1296 2017 1410 2054 etiam
1421 2016 1486 2066 qui
1495 2013 1724 2103 Geometrihae

1072 2074 1098 2110 F
1110 2072 1132 2109 f
1589 2069 1677 2105 Arit
1707 2087 1720 2094 -

136 2169 164 2201 k]
199 2163 346 2193 Philander.
368 2164 476 2193 Miseret
488 2175 530 2193 me
540 2164 616 2193 sortis
626 2166 751 2197 Vitruvii',
762 2165 843 2193 cuilit
853 2175 918 2204 opus
929 2164 1031 2192 tantilla
1042 2164 1068 2191 in
1080 2173 1107 2191 re
1118 2172 1177 2191 mea
1188 2171 1279 2201 opera.
1300 2159 1477 2189 Scribendum
1487 2159 1570 2198 igitur
1578 2154 1724 2196 longitudo

178 2205 334 2233 nominandi
344 2204 410 2232 casu.

134 2248 157 2283 l]
192 2245 287 2274 Baldus
298 2247 323 2272 in
336 2245 440 2272 Heron.
451 2245 637 2280 A'mmvffneylx
647 2256 744 2273 nomen
755 2245 789 2273 est
803 2265 809 2277 ‚
823 2243 837 2273 a
849 2243 931 2272 verbo
940 2239 1094 2278 οἰνωπωίεοῧς,
1105 2241 1308 2280 conquiescere:
1323 2240 1383 2268 ideo
1393 2247 1484 2268 autem
1495 2239 1532 2266 ita
1541 2237 1639 2266 dicitur
1648 2235 1722 2277 quod

178 2287 282 2326 syringa
294 2286 330 2313 illi
341 2286 430 2312 innixa
440 2284 566 2323 quiescat.
586 2286 697 2313 Videtur
709 2285 775 2312 hanc
786 2285 893 2312 Vitruv.
903 2284 948 2312 hic
959 2279 1097 2322 appellasse
1109 2282 1265 2310 Antibalim.

137 2330 178 2364 m]
200 2327 326 2357 Omnino
336 2326 480 2365 legendum
491 2326 593 2352 videtur
604 2325 785 2353 Carchefium.
809 2324 869 2351 Vide
880 2327 995 2352 Lexicon.
1013 2324 1118 2351 Heron.
1130 2321 1211 2350 habet
1224 2319 1382 2359 μλκγῖζιον.
1401 2319 1447 2348 ubi
1457 2320 1494 2348 ita
1503 2319 1607 2348 Baldus.
1624 2320 1724 2347 Vtrum

178 2368 325 2396 adulterina
335 2367 364 2393 fit
375 2375 535 2406 germanave
546 2365 626 2394 lec‘tio
637 2386 644 2398 ,
656 2363 787 2394 affirmare
797 2375 850 2392 non
862 2365 943 2392 ausim
953 2385 959 2397 ,
979 2373 1051 2392 certe
1069 2363 1162 2391 nullibi
1177 2363 1246 2401 apud
1263 2364 1371 2390 Graecos
1383 2361 1544 2389 vocabulum
1555 2360 1605 2388 hoc
1616 2359 1724 2397 usurpa-

178 2418 238 2437 tum
250 2408 373 2446 reperies.
390 2405 445 2434 fieri
455 2407 539 2444 potest
551 2416 598 2444 pro
616 2405 736 2444 κμξχησέω
744 2406 846 2433 dicium
854 2403 1091 2442 fuiffefflzxn'ciov.
1106 2404 1139 2431 de
1149 2402 1292 2431 Carchefio
1301 2403 1327 2429 in
1339 2412 1365 2429 re
1376 2401 1443 2429 haud
1451 2401 1562 2429 ablimili
1574 2402 1610 2428 ita
1628 2401 1723 2427 Vitiu-

178 2450 235 2477 vius
245 2448 291 2476 lib.
303 2458 327 2475 x.
339 2457 397 2486 cap.
409 2458 434 2474 v.
456 2451 560 2474 Harum
570 2446 789 2474 machinationum
808 2448 922 2473 omnium
932 2466 939 2476 ,
957 2455 1008 2483 qua
1018 2445 1096 2482 supra
1108 2445 1170 2480 sunt
1180 2443 1275 2481 scripta
1286 2464 1293 2473 ,
1312 2445 1420 2470 rationes
1429 2452 1478 2469 non
1496 2441 1567 2469 modo
1576 2440 1665 2467 adbas
1673 2449 1720 2469 res.

175 2490 220 2527 [ἑά
229 2490 263 2523 (5·
273 2489 308 2516 ad
315 2488 456 2516 onerandas
467 2487 499 2521 (7-
509 2487 679 2515 exonerandas
696 2497 777 2514 naves
787 2507 793 2516 ,
804 2487 868 2522 fiant
879 2494 975 2524 parata
987 2507 993 2516 ,
1012 2485 1064 2512 alia
1072 2487 1152 2512 erem
1163 2505 1170 2516 ,
1191 2484 1241 2511 aliae
1248 2483 1325 2521 plana
1336 2503 1342 2513 ,
1362 2486 1388 2510 in
1409 2481 1549 2519 Carchefiz's
1557 2479 1720 2516 verfiztiltbuae

177 2531 303 2558 collocata.
327 2531 396 2556 Item
408 2527 453 2556 lib.
465 2538 490 2555 x.
502 2538 559 2566 cap.
568 2528 617 2556 ult.
636 2527 789 2554 Mashinam
800 2530 827 2553 in
847 2525 978 2564 Carchefio
988 2526 1106 2562 versatili·
1118 2525 1252 2560 constituit.
1276 2524 1318 2552 Est
1335 2533 1426 2551 autem
1445 2522 1616 2551 Carcheiium
1633 2519 1723 2558 poculi

178 2580 262 2611 genus
273 2591 280 2602 ,
299 2569 342 2598 sed
353 2573 376 2597 ὅ(
387 2569 438 2596 hoc
450 2569 569 2596 Heronis
580 2568 747 2596 Chalcelium
760 2567 901 2605 aliqualem
921 2567 1009 2605 poculi
1021 2576 1072 2605 prae
1083 2565 1106 2594 se
1117 2563 1186 2593 ferre
1199 2566 1302 2593 videtur
1312 2563 1520 2592 similitudinem.

137 2613 168 2647 n]
200 2610 349 2639 Philandcr.
373 2608 549 2637 Brachiorum
561 2610 586 2636 in
598 2609 758 2647 Catapultis.
770 2607 952 2645 scorpionibus
962 2611 986 2635 8<
998 2607 1103 2638 balistis,
1115 2607 1247 2634 brevitate
1257 2603 1391 2632 missiones
1402 2601 1627 2640 jaculatioiiesque
1639 2600 1726 2628 multo

175 2651 242 2680 fiunt
255 2651 465 2679 vehementiores
478 2671 484 2681 ,
504 2659 599 2677 contra
621 2649 763 2689 longitudo
784 2649 896 2676 multam
913 2645 989 2676 affert
1008 2649 1075 2676 ictus
1087 2647 1229 2674 mollitiem
1249 2655 1329 2683 atque
1348 2641 1530 2672 remiffionem
1540 2662 1547 2674 ‚
1566 2651 1595 2670 ut
1607 2643 1724 2670 vestium

176 2692 348 2731 longitudine
359 2690 523 2719 sublevandae
533 2690 638 2718 farcinat
647 2690 749 2717 accedit
757 2686 867 2716 facilitas
880 2710 887 2719 ,
899 2699 952 2727 quo
963 2688 1021 2717 sunt
1032 2688 1178 2719 breviores,
1187 2685 1385 2714 incommodius
1395 2685 1499 2712 tollitur
1510 2683 1623 2722 pondus.
1638 2683 1724 2710 Porro

178 2733 210 2760 dc
220 2732 360 2770 Catapulta
372 2732 431 2759 vide
442 2732 521 2770 Liplii
531 2731 577 2758 lib.
589 2742 634 2758 iii.
647 2731 844 2758 Poliotccticon
856 2730 965 2769 Dialog.

135 2790 164 2823 a]
195 2787 342 2816 Philandcr.
364 2790 405 2816 De
417 2787 512 2815 Sucula
525 2790 548 2815 ἃ
560 2787 676 2822 trajectis
688 2786 794 2824 (quibus
805 2785 887 2813 veluti
898 2785 1040 2813 manubriis
1051 2783 1186 2818 versatur)
1199 2782 1319 2813 vefflbur
1330 2782 1384 2811 dixi
1395 2781 1468 2821 supra
1478 2790 1535 2821 cap.
1547 2791 1584 2810 11.
1598 2781 1632 2810 de
1642 2781 1719 2822 poly-
1737 2787 1861 2823 Capwfl,

181 2830 251 2866 pasto
261 2838 317 2867 cap.
330 2838 353 2862 3.
363 2828 395 2855 de
406 2837 496 2866 ergata
506 2831 529 2855 ἃ
542 2837 672 2866 tympano
684 2837 740 2864 cap.
752 2837 778 2859 4.

140 2867 169 2905 ΙΙ]
204 2869 287 2897 Idem.
310 2870 480 2896 foraminum
498 2869 524 2895 in
543 2868 665 2907 capitulis
684 2868 800 2899 Balistx,
821 2877 866 2905 per
885 2877 942 2905 qua:
959 2866 1106 2895 tenduntur
1126 2867 1199 2894 nervi
1217 2865 1302 2897 torti,
1322 2864 1367 2904 qui
1384 2863 1490 2892 brachia
1508 2863 1563 2899 ejus
1583 2864 1724 2891 continere

179 2908 276 2953 debent
290 2930 296 2940 ‚
312 2909 471 2950 magnitudo
481 2919 511 2938 cx
524 2909 643 2947 pondere
658 2908 748 2947 lapidis
758 2929 765 2943 ‚
783 2918 863 2947 quem
874 2909 983 2937 mittere
995 2907 1073 2936 debet
1086 2928 1093 2941 ,
1107 2906 1232 2937 sumenda
1243 2906 1293 2940 est,
1305 2906 1332 2934 iri
1340 2904 1478 2944 catapultis
1490 2914 1553 2935 vero
1565 2914 1595 2932 ex
1608 2913 1678 2932 nona
1687 2903 1725 2932 sa-

178 2957 254 2988 gittae
266 2958 346 2988 parte.

1575 2987 1587 3012 I
1599 2988 1634 3014 O.
1657 2988 1676 3012 B
1686 2985 1723 3011 V—
