2023 3162
249 117 296 150 ¹4
584 98 981 137 ELtMssNroiva
1039 91 1467 132 Atei-ttrncrvizffi

247 165 377 204 nostro
395 163 535 214 vulgari
553 186 564 213 3
595 165 640 202 de
662 173 736 211 qua
767 161 924 198 brevitet
955 160 1136 210 colligam
1175 158 1453 199 observationes
1477 162 1640 200 maxime
1668 160 1836 201 conside-

251 223 395 259 randas.

300 278 411 314 Antae
424 275 481 314 scu
492 275 674 326 parastatae
688 286 767 311 non
777 272 914 311 debent
924 272 992 309 effe
1004 274 1116 310 nimis
1134 274 1212 310 altae
1224 283 1285 310 aut
1297 274 1518 322 graciles‚ne
1529 272 1723 310 videantur
1735 276 1838 312 colu-

254 345 456 381 mna:‚neq;
470 334 581 368 nimis
592 332 736 381 pumilae
749 340 813 367 aut
827 327 953 372 crass'ae,
967 340 1012 365 ne
1023 331 1113 379 pilas
1126 331 1301 378 pontium
1315 332 1516 366 imitentur.
1531 329 1653 365 Decet
1666 329 1743 367 illas
1757 342 1837 366 non

258 399 336 425 tam
354 389 534 437 elegantia
547 416 556 430 ‚
576 398 689 435 quam
700 385 830 422 rustica
841 383 1057 433 superficies.
1087 386 1203 432 magis
1216 385 1317 421 enim
1331 380 1508 435 adspirant
1519 384 1562 419 ad
1574 383 1787 421 firmitatem
1799 388 1838 431 ὃς

254 445 371 481 robur
384 473 393 488 ‚
417 455 530 492 quam
543 443 588 478 ad
597 442 829 490 elegantiam.
862 441 898 476 ln
912 441 1060 490 privatis
1081 439 1243 476 aedificiis
1265 451 1342 476 non
1355 450 1510 490 oportet
1526 438 1750 488 angustiores
1770 440 1838 477 effe

256 511 372 548 quam
385 500 489 536 tertia
499 507 616 548 parte,
630 509 711 533 non
722 496 871 532 latiores
885 507 1000 545 quam
1012 495 1154 532 duabus
1166 496 1328 545 partibus
1340 496 1455 532 totius
1466 496 1658 532 vacuitatis
1670 495 1765 531 inter
1775 508 1839 532 an-

257 566 335 591 tam
347 556 384 591 &
397 557 532 590 antam.
557 552 608 588 Jis
621 563 745 590 tamen
756 563 838 600 quae
849 550 941 589 stant
951 551 995 589 ad
1006 562 1151 587 cornua
1163 580 1173 594 ‚
1191 551 1303 601 paulo
1318 552 1438 597 major
1447 550 1524 588 dari
1534 549 1653 600 potest
1665 551 1838 595 latitudo,

255 611 301 648 ad
311 611 468 659 angulos
481 607 719 645 firmandum:
734 608 773 643 in
784 606 958 645 Theatris
971 607 1007 643 δε
1020 606 1369 655 Ampliirheattis‚&
1383 606 1564 647 eiusmodi
1577 606 1745 655 gravibus
1756 606 1841 644 stru-

259 666 367 703 etur-is
381 693 390 707 ‚
408 663 575 700 observat
589 662 774 702 Palladim²
789 664 962 700 tamlatas
972 661 1040 698 effe
1058 661 1156 711 poss'e
1170 673 1284 711 quam
1296 661 1489 698 dimidium
1502 672 1563 698 aut
1582 662 1768 698 interdum
1780 672 1841 699 to-

257 732 337 757 tum
359 719 616 757 intervallum:
638 720 761 757 Notat
780 717 921 768 insuper
943 716 1272 766 (consentiuntque
1293 717 1370 764 alii)
1391 717 1517 764 justam
1540 729 1666 754 earum
1685 716 1842 765 symme-

257 779 365 813 triam
386 773 454 811 ess‘e
473 775 638 812 &astum
657 774 898 824 quadratum:
919 785 1052 812 vetum
1072 774 1124 810 ob
1144 773 1435 810 diminutionem
1453 773 1689 823 expensarum
1709 775 1745 810 δε
1764 773 1842 810 loci

255 830 593 882 amplificationem
607 832 859 867 communiter
869 829 1091 879 angustiores
1102 829 1229 865 suntin
1242 830 1416 867 lateribus
1428 841 1540 877 quam
1559 831 1594 865 in
1609 828 1741 866 fronte.
1772 831 1842 867 Ea-

256 900 339 926 rum
353 888 466 936 gratia
477 885 638 923 consistit
649 888 686 922 in
697 885 858 922 dimidiis
870 897 931 923 aut
940 886 1091 934 integris
1102 885 1303 923 columnis,
1317 897 1397 933 quae
1410 883 1490 934 ipsis
1501 886 1747 934 applicantur:
1761 896 1841 934 quo

257 942 339 981 casu
351 943 445 979 bene
458 952 628 979 notatum
641 941 686 979 ab
698 941 920 985 austoribus,
934 942 1130 977 columnas
1142 939 1241 991 poffe
1253 941 1308 977 eff
1302 953 1320 977 e
1334 941 1445 991 paulo
1456 941 1604 978 altiores
1616 939 1739 977 solito,
1754 942 1842 990 quia

256 999 443 1036 aeclinant
456 1008 530 1035 tam
542 997 652 1035 bonis
664 997 904 1034 fulcimentis.
939 996 1071 1045 Atque
1083 995 1160 1033 haec
1176 995 1355 1034 sufficiant
1365 996 1410 1032 d'e
1429 995 1556 1034 Antis,
1578 1008 1657 1045 quse
1670 995 1749 1032 sunt
1761 1008 1840 1046 par-

253 1053 489 1104 vaeimpensae
502 1080 510 1093 ‚
533 1052 591 1090 sed
602 1052 716 1089 fii-mae
735 1055 772 1090 ὃς
792 1052 927 1088 nobilis
939 1051 1120 1088 struiturae
1141 1063 1273 1100 genus.
1304 1052 1423 1088 Porro
1442 1053 1528 1101 quia
1540 1049 1684 1101 saepius,
1707 1062 1784 1089 tam
1795 1050 1842 1088 ad

260 1108 594 1159 pulchritudinem,
619 1120 731 1157 quam
750 1107 988 1148 maiestatem,
1001 1108 1231 1157 reperiuntur
1250 1106 1452 1145 fornicarae,
1465 1117 1576 1155 quam
1587 1109 1710 1144 aliter:
1732 1120 1842 1156 agen-

257 1166 347 1201 dum
362 1165 451 1201 mihi
463 1164 507 1201 de
520 1164 737 1207 fornicibuS‚
746 1165 782 1200 ὃ(
795 1163 858 1200 sub
868 1162 1006 1200 eodem
1017 1163 1126 1199 titulo
1138 1163 1184 1199 de
1195 1163 1351 1200 cameris
1363 1176 1370 1198 ε
1384 1173 1470 1199 nam
1482 1162 1605 1199 fornix
1615 1175 1740 1200 revera
1752 1163 1843 1200 nihil

258 1220 307 1257 est
321 1221 416 1257 aliud
427 1232 540 1269 quam
553 1219 742 1256 conti-aeta
755 1230 922 1266 eamera5
937 1218 972 1255 ὃ(
985 1229 1130 1256 camera
1142 1247 1150 1262 ‚
1159 1230 1273 1267 quarn
1285 1219 1429 1255 dilatata
1440 1217 1564 1255 fornix
1578 1232 1585 1254 z
1607 1231 1735 1267 quare,
1745 1229 1784 1256 ut
1796 1219 1842 1255 de

258 1275 328 1313 hae
342 1287 439 1325 parte
453 1274 721 1325 compendiose
742 1275 779 1312 δε
798 1273 1119 1313 fundamentaliter
1131 1285 1256 1324 agam,
1285 1273 1450 1324 redigam
1462 1283 1587 1311 totum
1598 1276 1795 1324 negotium
1805 1275 1843 1311 in

263 1343 382 1382 pauca
395 1332 615 1369 thoremata.

312 1383 498 1423 Theorema
519 1389 548 1424 Ι.
581 1388 726 1426 Omnes
748 1387 870 1427 solidae
890 1390 1050 1428 materia:
1064 1419 1074 1435 ‚
1094 1386 1434 1440 nifiimpediantur‚
1451 1385 1679 1424 descendunt
1689 1397 1844 1436 perpen-

259 1441 469 1480 diculariter
483 1443 655 1481 deorsum
668 1469 676 1484 ,
696 1447 783 1494 quia
793 1446 943 1495 pondus
961 1448 1168 1483 naturalem
1179 1446 1290 1482 habet
1308 1445 1591 1482 inclinationem
1611 1442 1658 1480 ad
1671 1452 1844 1479 centrum

259 1498 413 1535 universi
427 1530 437 1547 ‚
460 1501 498 1537 ὃς
510 1511 637 1538 natura
647 1500 789 1550 perficit
801 1500 883 1538 suos
895 1511 1021 1539 motus
1033 1514 1098 1552 per
1109 1499 1332 1538 brevissimas
1341 1501 1469 1537 lineas.

313 1551 499 1590 §theorema
519 1557 575 1592 11.
607 1557 758 1594 Lateres
779 1556 880 1594 duriti
893 1557 1074 1595 ordinaria
1093 1556 1151 1595 sua
1171 1556 1409 1605 reeiangulari
1426 1554 1570 1593 forma,
1594 1553 1617 1591 si
1639 1564 1844 1603 coagmem

258 1619 381 1646 rentur
392 1609 597 1648 secundum
619 1612 790 1650 libratum
809 1612 980 1649 ordinem
996 1642 1005 1657 ‚
1028 1614 1122 1650 inter
1142 1612 1357 1649 fulcimenta
1377 1610 1587 1648 sustinentia
1607 1610 1739 1647 ambos
1754 1608 1846 1645 fines

257 1676 391 1701 omnes
410 1665 636 1704 intermediae
656 1678 774 1716 partes
794 1667 993 1705 neeess'ario
1014 1667 1195 1705 subsident
1211 1668 1368 1705 naturali
1388 1666 1448 1703 sua
1467 1667 1658 1716 gravitate,
1672 1668 1709 1703 ὅ(
1723 1666 1846 1701 multo

257 1720 372 1768 magis
391 1719 413 1755 si
428 1719 643 1769 asuperiore
661 1722 827 1771 pondere
846 1735 1077 1772 premantur,
1094 1725 1181 1771 quia
1192 1735 1281 1760 cum
1303 1724 1412 1759 latera
1422 1733 1556 1759 eorum
1574 1720 1643 1758 fint
1661 1721 1847 1771 parallela,

259 1773 398 1812 habent
413 1773 569 1824 spatium
589 1778 943 1826 perpendiculariter
955 1778 1215 1817 descendendi,
1237 1777 1309 1814 sinc
1322 1776 1615 1828 impedimento,
1635 1778 1720 1813 utin
1729 1776 1845 1825 priori

260 1829 511 1867 theoremate:
533 1842 759 1882 quapropter
783 1843 824 1869 ut
842 1832 1039 1882 persistant,
1053 1833 1196 1871 necess'e
1209 1833 1257 1871 est
1269 1832 1437 1882 ipsorum
1452 1842 1513 1870 aut
1522 1831 1752 1882 positionem
1764 1843 1847 1868 mu-

266 1886 355 1929 tari,
379 1895 439 1922 aut
451 1885 605 1934 figuram
621 1915 630 1930 ‚
651 1896 714 1923 aut
726 1896 932 1936 utramque.

312 1937 497 1977 Theorema
518 1942 598 1977 ΙΙΙ.
633 1942 672 1978 Si
693 1942 1148 1993 lateresduffiautlapides
1169 1943 1334 1993 quadrati
1347 1942 1558 1987 cuneatim,
1579 1940 1615 1978 id
1626 1941 1675 1979 est
1693 1942 1845 1980 latiores

257 1992 360 2044 supra
371 2008 482 2044 quam
493 1996 602 2034 infra,
630 1996 862 2047 ponentur-'in
883 1998 1016 2036 librato
1028 1999 1159 2036 ordine
1175 2029 1184 2043 ‚
1203 1999 1337 2036 finibus
1348 1997 1499 2036 suffultis
1515 2009 1556 2035 ut
1568 1998 1604 2033 in
1623 1999 1847 2047 praecedenti

260 2051 536 2090 Theoremate,
557 2052 704 2101 puneffis
717 2054 1026 2091 concurrentibus
1043 2056 1078 2091 in
1093 2067 1210 2091 unum
1230 2065 1399 2092 centrum
1414 2083 1422 2098 ,
1435 2055 1534 2090 nulla
1546 2054 1753 2090 mediarum
1767 2066 1848 2102 par-

259 2108 354 2143 tium
369 2107 488 2157 potest
499 2106 698 2147 subsidere,
717 2108 842 2145 donee
853 2108 1069 2147 fulcimenta
1079 2111 1286 2148 concedant
1297 2139 1306 2154 ‚
1327 2111 1413 2159 quia
1425 2109 1670 2146 destituuntur
1681 2108 1798 2159 spatio
1809 2111 1848 2145 in

258 2163 319 2198 illa
332 2161 447 2211 figura
467 2162 510 2198 ad
523 2162 815 2202 descendendum
826 2166 1195 2214 perpendiculariter:
1227 2166 1299 2203 Sed
1311 2165 1390 2202 haec
1401 2164 1524 2203 adhue
1541 2163 1684 2201 infirma
1699 2164 1748 2202 est
1759 2165 1849 2201 sttu-

257 2218 367 2254 Cturae
379 2216 522 2265 species,
539 2219 626 2267 quia
646 2218 864 2258 fulcimenta
887 2221 1054 2258 obnoxia
1072 2221 1152 2258 sunt
1170 2222 1338 2272 plurima:
1359 2220 1595 2270 impulsioni‚
1615 2219 1847 2269 praesertimfi

256 2273 354 2309 linea
368 2272 408 2309 sit
419 2273 540 2322 longa.
571 2286 682 2321 quare
698 2274 774 2312 hate
785 2274 907 2313 forma
919 2287 1001 2313 raro
1012 2277 1224 2327 usurpatur,
1249 2286 1495 2326 praeterquam
1507 2277 1545 2312 in
1558 2274 1718 2312 fenestris
1729 2277 1767 2312 &
1786 2287 1849 2312 an-

255 2327 479 2376 gustioribus
494 2330 621 2379 portiS.
652 2330 856 2381 Eapropter
865 2332 1188 2380 quemadmodum
1200 2331 1247 2369 ad
1258 2331 1481 2370 firmandum
1494 2342 1588 2382 opus
1599 2331 1635 2366 in
1648 2329 1723 2367 hoc
1734 2332 1848 2367 tertio

258 2384 293 2419 T
299 2394 489 2421 eoremate
508 2383 763 2434 supposuimus
780 2398 914 2424 omnes
936 2390 1102 2425 materias
1123 2386 1331 2425 differentes
1344 2388 1390 2425 ab
1408 2388 1526 2424 illisin
1536 2385 1721 2432 seeundo,
1739 2388 1789 2424 ita
1807 2388 1847 2425 ὅ(

260 2451 362 2476 nune
376 2439 511 2489 positio
525 2439 574 2475 est
587 2441 775 2484 mutanda,
785 2452 825 2478 ut
836 2442 990 2490 liquebit
1001 2437 1039 2480 i'n
1050 2443 1306 2480 Theoremate
1316 2442 1496 2491 sequenti.

311 2491 495 2531 leeorema
509 2495 578 2532 IV.
602 2496 641 2532 Si
652 2498 811 2534 materiae
820 2496 983 2546 figuratae
996 2525 1002 2538 ,
1017 2510 1057 2535 ut
1067 2510 1149 2536 ante
1160 2525 1168 2538 ,
1185 2499 1373 2536 cuneatim
1386 2526 1395 2541 ‚
1407 2509 1484 2534 non
1498 2498 1733 2535 collocentur
1741 2497 1847 2535 libra⁴

259 2549 339 2592 tim,
351 2550 408 2587 sed
421 2551 664 2596 formareris,
679 2562 743 2588 aut
755 2554 940 2602 portionis
954 2555 1093 2592 circuli,
1111 2563 1378 2592 concurrentes
1389 2554 1425 2589 in
1439 2565 1557 2590 unum
1571 2564 1742 2590 centrum
1753 2582 1763 2598 ‚
1781 2565 1846 2590 ne-

261 2616 334 2651 que
346 2616 461 2654 partes
485 2618 641 2644 camerae
654 2606 803 2656 poss'unt
813 2607 1009 2648 subfidere‚
1032 2611 1116 2657 quia
1139 2619 1264 2647 carent
1280 2610 1398 2659 spatio
1416 2608 1762 2658 perpendiculariter
1780 2608 1847 2645 de-

259 2658 475 2703 secndendi3
500 2674 621 2711 neque
639 2662 860 2700 fulcimenta
880 2665 949 2709 (uti
961 2666 1161 2711 vocantur)
1176 2665 1276 2702 dietae
1292 2676 1448 2701 camerae
1467 2673 1608 2700 tantam
1626 2664 1847 2702 violentiam

260 2716 333 2763 pati
345 2715 498 2765 possunt,
514 2729 628 2766 quam
640 2719 677 2755 in
690 2719 908 2769 praecedcnti
921 2721 1025 2768 plana
1038 2719 1234 2769 positione.
1249 2720 1455 2757 rotunditas
1465 2721 1565 2755 enim
1576 2719 1685 2755 faciet
1701 2719 1848 2756 incum-

260 2769 350 2805 bens
362 2772 639 2822 ponduspotius
657 2772 839 2823 quiescere
857 2774 962 2826 super
973 2775 1203 2820 fulcimenta,
1220 2787 1334 2824 quam
1352 2775 1412 2812 illa
1424 2775 1598 2823 impellet.
1630 2775 1659 2810 E
1676 2786 1755 2822 quo
1775 2776 1847 2812 evi-

261 2822 351 2861 dens
363 2827 607 2863 corrolarium
629 2828 763 2866 deduci
775 2830 914 2879 potest,
939 2829 1199 2868 securissimam
1219 2831 1393 2867 omnium
1413 2840 1644 2866 camerarum
1663 2827 1729 2865 effe
1741 2829 1846 2866 semi-

262 2879 478 2917 circularem
494 2906 499 2917 ‚
514 2884 739 2920 &omnium
750 2885 938 2922 fornicum
961 2886 1292 2936 licmisphaerieam,
1314 2886 1402 2922 licet
1424 2896 1501 2921 non
1514 2884 1846 2923 absoluteliberam

260 2934 306 2972 ab
317 2937 421 2973 omni
434 2938 585 2975 naturali
595 2938 822 2986 infirmitate,
838 2939 935 2990 (quac
947 2942 996 2979 est
1010 2941 1086 2979 sola
1107 2943 1346 2992 praerogativa
1359 2939 1721 2991 perpendicularium
1732 2941 1845 2978 linea-

1762 3009 1846 3035 rum
