2023 3162
431 121 1063 163 nsAncuirrcrvnA
1119 118 1352 165 Lavi.
1636 142 1705 178 113

117 193 216 230 naria
225 190 270 229 ad
280 191 463 228 circinum
477 192 537 238 [e]
553 191 781 229 delumbata.
812 192 851 228 In
863 189 1048 242 AEgyptiis
1064 203 1189 232 autem
1199 194 1304 245 supra
1323 194 1521 234 columnas
1532 199 1704 248 epistylia,

115 251 154 286 δε
163 249 208 286 ab
221 246 389 297 epistyliis
401 247 443 284 ad
454 249 610 297 parietes
622 250 684 296 qui
696 246 776 284 sunt
787 248 884 285 circa
896 277 907 293 ,
926 249 1156 298 imponenda
1165 250 1214 287 est
1235 249 1305 299 [f]
1324 254 1561 302 contignatio
1571 283 1580 298 ,
1602 256 1623 290 s
1618 268 1706 305 upra

115 315 199 340 cam
218 304 395 340 coaxatio
415 304 451 340 ὃς
475 304 735 353 pavimentum
753 302 816 339 sub
834 302 898 340 dio
911 333 920 348 ‚
942 314 982 340 ut
1001 303 1043 341 fit
1062 306 1256 344 circuitus.
1285 307 1435 345 Deinde
1454 307 1556 358 [upra
1573 311 1706 359 episty-

114 360 218 397 lium,
236 358 281 394 ad
294 358 600 408 perpendiculum
617 358 837 396 inferiorum
861 360 1128 398 columnarum
1148 387 1156 401 ‚
1179 362 1416 412 imponenda:
1436 362 1518 401 sunt
1536 366 1702 402 minores

114 424 244 464 quarta
261 424 362 464 parte
381 413 580 451 columnae.
612 415 730 463 Supra
741 425 868 450 earum
879 415 1056 465 epistylia,
1069 419 1106 454 ὅ(
1117 428 1353 458 ornamenta,
1369 419 1559 456 lacunariis
1568 432 1702 459 ornan-

114 481 196 513 tur,
218 471 256 507 δε
268 471 362 506 inter
372 469 565 506 columnas
575 468 777 519 superiores
788 469 948 506 feiiestroe
959 472 1208 510 collocantur.
1231 474 1285 511 Ita
1307 473 1538 514 basilicarum
1556 488 1599 514 ea
1610 475 1703 515 fimi-

115 525 237 563 litudo
252 553 262 570 ,
282 536 364 563 non
376 524 664 563 Corinthiorum
676 525 923 564 tricliniorum
934 551 942 566 ‚
964 526 1110 565 videtur
1122 526 1202 566 ess'e.

767 642 914 681 CAP.
972 643 1047 682 VI.

631 731 718 782 De
734 733 836 782 (πιέ-
852 749 979 783 more
996 733 1166 784 Graecoi

114 862 258 946 Flunt
269 869 392 898 autern
405 859 518 897 etiam
529 869 608 895 non
619 856 752 895 Italicae
771 857 1048 895 consuetudinis
1069 858 1119 909 [a]
1136 860 1214 896 oeci
1226 888 1236 904 ‚
1250 870 1346 908 quos
1364 860 1486 898 Graeci
1507 859 1696 913 Κυζικᾶυές

175 917 368 968 appellant.
396 915 447 952 Hi
469 915 712 951 collocantur
727 914 926 964 spectantes
947 915 992 951 ad
1003 916 1323 964 Septentrionem,
1345 915 1556 954 &maxime
1575 919 1701 956 viridia

111 973 393 1023 prospicienre83
409 968 603 1018 valvasque
622 968 757 1007 habent
768 971 805 1006 in
818 970 960 1007 medio.
989 969 1059 1020 Ipfi
1070 981 1195 1009 autem
1211 970 1280 1008 fint
1300 972 1349 1008 ita
1367 972 1471 1020 longi
1491 974 1527 1010 δε
1540 974 1621 1012 lati,
1646 975 1701 1010 uti

111 1029 189 1066 duo
199 1029 369 1065 triclinia.
391 1037 479 1063 cum
491 1026 774 1062 circuitionibus
786 1027 881 1063 inter
892 1025 925 1062 se
938 1024 1150 1079 spectantia,
1175 1024 1313 1077 poffint
1323 1026 1391 1064 effe
1405 1028 1596 1065 collocata
1610 1056 1618 1070 ‚
1641 1028 1700 1066 lia-

111 1084 294 1133 beanrque
313 1082 437 1119 dextra
455 1092 499 1118 ac
518 1079 651 1118 sinistra
662 1082 802 1118 lumina
813 1081 1050 1118 fenestrarum
1069 1082 1230 1121 valvara,
1254 1083 1306 1119 uti
1328 1079 1381 1134 [b]
1395 1083 1522 1120 viridia
1533 1083 1578 1119 de
1594 1084 1700 1121 tectis

110 1152 175 1190 per
194 1139 301 1190 spatia
311 1136 546 1175 fenestrarum
562 1135 840 1187 prospiciantur.
872 1137 1101 1175 Altitudines
1113 1149 1245 1175 eorum
1259 1138 1410 1176 dimidia
1424 1138 1621 1175 latitudinis
1639 1140 1700 1175 ad-

110 1195 186 1232 dita
203 1193 481 1231 constituantur.
512 1192 551 1228 In
572 1192 625 1229 liis
643 1191 889 1229 :edificiorum
906 1192 1099 1242 generibus
1120 1205 1253 1230 omnes
1273 1194 1355 1231 sunt
1373 1193 1548 1231 faciendae
1570 1206 1700 1231 earum

111 1249 404 1299 symmetriarum
416 1249 576 1285 rationes
589 1277 599 1293 ,
619 1260 701 1296 quae
722 1247 1046 1298 sineimpeditione
1057 1250 1132 1285 loci
1149 1248 1226 1285 fieri
1236 1258 1422 1298 poterunt.
1454 1249 1699 1298 Luminaque

112 1307 293 1357 parietum
313 1302 567 1342 altitudinibus
588 1330 595 1344 ,
626 1303 653 1340 fi
671 1315 750 1340 non
770 1303 1082 1348 obscurabuntur,
1100 1304 1257 1341 faciliter
1278 1316 1383 1342 erunt
1401 1305 1603 1354 explicata·
1634 1304 1696 1341 Sin
1711 1306 1820 1350 Apa.

112 1372 235 1399 aurem
255 1359 499 1410 impedientur
509 1359 553 1396 ab
566 1359 758 1409 angustiis,
777 1369 838 1396 aut
848 1361 925 1396 aliis
945 1359 1240 1404 necessitatibus,
1262 1356 1327 1412 [c]
1349 1370 1431 1397 tum
1443 1371 1539 1409 opus
1551 1361 1635 1399 erit,
1657 1344 1803 1397 utped‘m‘

111 1417 312 1465 ingenio&
326 1415 497 1453 acumine
517 1414 561 1450 de
574 1414 791 1463 symmetriis
811 1415 1059 1453 deti-actiones
1072 1445 1082 1460 ‚
1103 1426 1164 1454 aut
1183 1416 1404 1464 adjectiones
1423 1415 1537 1464 fiant,
1555 1425 1598 1454 ut
1617 1427 1698 1453 non

112 1470 297 1509 diffimiles
307 1472 400 1510 veris
411 1469 632 1519 symmetriis
644 1470 881 1524 perficiantur
891 1471 1106 1509 venustates.

731 1578 766 1615 C
797 1592 821 1616 A
853 1591 884 1615 P.
942 1577 1052 1617 VII.

164 1666 242 1719 eA
245 1664 280 1718 d
285 1686 409 1740 quas
418 1666 517 1719 coelj
525 1666 731 1741 regiones
742 1686 935 1740 {jureque
952 1664 1252 1738 aedificiorum
1261 1684 1436 1738 genera
1451 1664 1654 1740 speffare

443 1743 627 1802 debeant,
653 1759 697 1789 ut
712 1748 791 1806 usui
816 1755 872 1794 <9⁴
887 1742 1115 1804 salubritati
1125 1745 1209 1804 fint
1220 1742 1369 1789 idonea.

108 1859 290 1943 NUnc
311 1862 575 1911 explicabimus
594 1863 730 1913 quibus
751 1864 1038 1913 proprietatibus
1059 1875 1191 1912 genera
1209 1863 1450 1901 aedificiorum
1468 1862 1512 1899 ad
1530 1861 1634 1899 usum
1657 1860 1696 1898 &¹

201 1918 292 1953 coeli
312 1920 485 1966 regiones
503 1930 586 1968 apte
608 1920 766 1956 debeant
785 1918 954 1967 spectare.
995 1916 1044 1970 [a]
1070 1919 1245 1967 Hyberna
1255 1919 1477 1961 triclinia‚&
1494 1917 1691 1956 balnearia.

107 1972 359 2009 Occidentem
378 1972 584 2021 hybernum
597 1973 766 2023 spectent.
787 1974 876 2011 Ideo
890 2004 899 2018 ‚
918 1975 1026 2023 quod
1047 1974 1256 2024 vespertino
1275 1975 1415 2011 lumine
1433 1985 1529 2023 opus
1549 1972 1598 2009 est
1619 1973 1692 2010 uri:

107 2038 280 2078 ptaererea
300 2029 404 2077 quod
416 2031 527 2067 eriam
536 2029 602 2066 Sol
613 2029 815 2067 Occidens,
834 2030 1025 2068 adversum
1043 2029 1180 2067 habens
1196 2029 1446 2080 splendorem,
1460 2030 1626 2066 calorem
1644 2040 1697 2064 re-

1118 2086 1146 2123 P
1531 2087 1698 2126 mittem,

107 2176 133 2209 e]
170 2174 315 2204 Philander.
339 2177 367 2204 ld
377 2177 412 2204 est
421 2198 428 2208 ,
445 2187 525 2205 curva
533 2178 654 2217 quidem,
666 2170 708 2205 sed
719 2188 771 2205 non
782 2178 814 2205 ad
822 2176 969 2216 perfec'tam
979 2179 1210 2211 rotundationem,
1223 2178 1359 2206 humiliter
1368 2176 1562 2205 confornicata.

106 2215 138 2250 f]
163 2215 246 2242 Idem.
269 2217 346 2245 Ficta
356 2219 494 2256 tignorum
504 2227 617 2250 textura,
628 2218 725 2247 scitiles
738 2218 844 2250 tabulae,
856 2228 914 2256 quae
924 2229 983 2246 axes
992 2223 1016 2246 ὅ(
1027 2216 1093 2246 aises
1101 2219 1237 2251 dicuntur,
1248 2219 1321 2255 supra
1333 2217 1472 2245 statuenda:
1483 2237 1490 2249 ,
1501 2220 1526 2244 δι
1537 2215 1616 2244 clavis
1629 2223 1698 2242 con-

146 2255 268 2295 figendae.
291 2259 355 2296 Qa
365 2266 454 2285 autem
465 2258 494 2285 lit
507 2260 615 2286 materia
624 2259 655 2286 ad
663 2260 851 2286 coaxationem
863 2258 992 2286 utendum
1004 2280 1010 2290 ,
1030 2259 1140 2287 docebit
1151 2269 1207 2297 cap.
1218 2268 1238 2285 1.
1249 2258 1294 2285 lib.
1305 2267 1359 2285 vri.

105 2311 137 2345 a]
167 2308 314 2337 Philander.
334 2308 481 2347 Κυζικῦμὲς
492 2330 499 2340 ‚
510 2311 547 2338 ita
558 2312 627 2338 enim
637 2311 812 2343 scribendum,
826 2320 988 2339 vocaverunt
999 2309 1013 2338 ,ὶ
1027 2312 1131 2350 Cyzico
1141 2311 1240 2349 oppido
1251 2310 1415 2338 Milcfiorum
1428 2310 1453 2337 iri
1465 2309 1639 2347 Propontide,
1648 2318 1695 2336 au-
1718 2329 1728 2342 v

149 2349 226 2377 thore
239 2350 370 2390 Plin.cap.
380 2351 483 2378 ult.lib.
494 2361 519 2379 v.
539 2352 598 2379 Fuit
618 2359 707 2378 autem
726 2351 814 2379 nobile
825 2361 884 2378 arce
898 2372 904 2385 ‚
918 2351 1070 2382 rnoenffius,
1085 2361 1181 2390 portu,
1205 2350 1372 2388 turribusque
1383 2351 1539 2378 marmoreis
1550 2370 1557 2383 ‚
1576 2359 1604 2378 ut
1615 2348 1695 2377 tradit

150 2393 180 2418 1..
192 2390 292 2418 Florus.

105 2431 135 2467 b]
168 2431 252 2459 Ideni.
274 2432 310 2460 Ea
320 2431 363 2460 alii
383 2431 503 2459 viridaria
512 2431 650 2470 appellant.
673 2433 738 2459 Sunt
749 2431 907 2459 autemloca
924 2431 1068 2460 virentibus
1079 2429 1220 2459 arboribus
1236 2430 1347 2460 conlita.
1370 2431 1518 2460 Annoravit
1537 2429 1693 2458 Macrobius

146 2472 347 2500 lib.i.Saturnal.
357 2494 363 2504 ,
376 2473 542 2502 viridia.cuiii
555 2483 602 2510 pro
613 2472 746 2506 adit-{tivo
755 2473 1086 2511 accipiuntur,genitivum
1097 2474 1122 2500 in
1132 2473 1187 2500 ium
1198 2470 1462 2505 facere,ut,viridium
1474 2480 1690 2510 pratorum:cum

150 2522 214 2540 vero
225 2511 304 2550 ipfiirn
314 2513 367 2541 loci
379 2513 539 2540 viriditatem
553 2512 699 2552 significare
711 2513 795 2542 voles.
809 2513 963 2540 viridiorum
973 2513 1116 2541 dicendum
1126 2509 1186 2544 effe,
1196 2521 1234 2544 ut,
1245 2511 1359 2541 formosa
1369 2511 1448 2540 facies
1466 2512 1631 2540 viridiorum.
1643 2511 1693 2536 Vi-

150 2554 260 2581 ridarios
280 2554 415 2591 N'lpianus,
426 2553 549 2582 pandect.
559 2554 604 2580 li'o.
616 2554 760 2581 xxx111.de
771 2551 854 2581 fundo
865 2554 992 2582 instruero
1004 2575 1010 2585 ,
1020 2563 1099 2582 vocat
1110 2551 1246 2592 praefeaos
1255 2554 1374 2582 curandis
1392 2553 1527 2580 viridariis.
1547 2552 1596 2579 Seii
1608 2550 1693 2579 corri-

146 2594 250 2633 gendus
262 2594 297 2621 est
309 2596 351 2630 (ut
363 2604 380 2621 o
401 2595 473 2627 inor)
484 2594 558 2622 loeus
569 2594 622 2624 hic,
634 2604 733 2633 proque
742 2596 810 2621 teHx
821 2594 963 2634 legendum
972 2594 1038 2622 ledis
1049 2615 1056 2624 ,
1074 2604 1121 2632 pro
1131 2594 1300 2622 accubitoriis
1311 2594 1410 2622 scilicet
1422 2615 1429 2626 ,
1449 2592 1464 2621 ὲ
1476 2592 1569 2630 quibu:
1581 2600 1693 2619 coenan-

146 2643 186 2662 tes
195 2634 308 2672 (pestate
321 2605 484 2673 poss‘gsylvas
496 2655 502 2665 ,
525 2635 677 2672 platanones
689 2655 695 2665 ,
710 2636 824 2672 pomaria
834 2643 877 2662 aut
887 2634 991 2667 hortos,
1001 2645 1045 2673 per
1055 2632 1223 2663 fenestrarum
1235 2635 1303 2665 loca.
1315 2634 1436 2672 cupiebit
1454 2633 1601 2660 Vitruvius.
1623 2634 1692 2660 Nam

149 2678 174 2703 δέ
184 2676 210 2701 iri
221 2670 336 2702 fenestris
348 2675 440 2704 hortos
451 2672 644 2702 habuiffetestis
656 2676 690 2702 est
701 2675 797 2702 Plinius
809 2676 855 2702 lib.
866 2685 922 2703 xix.
937 2685 985 2714 cap
1009 2686 1046 2703 ιν.
1062 2681 1120 2703 Iam
1130 2678 1156 2702 in
1163 2674 1278 2712 fenestris
1287 2675 1340 2711 ficu
1348 2674 1415 2711 plebs
1434 2672 1535 2700 urbana
1548 2675 1575 2700 in
1582 2675 1692 2708 imagine

150 2715 280 2742 hortorum
289 2716 440 2754 quotidiana
448 2715 520 2742 octclu
531 2725 593 2742 rura
603 2715 741 2751 prabebant
753 2736 758 2745 .
779 2724 918 2755 antequam
923 2715 1158 2755 praefigiprospec'lus
1168 2718 1247 2743 omnis
1258 2718 1334 2752 co‘e'git
1344 2713 1515 2742 nmln‘tudmiae
1525 2715 1690 2742 innumerata

147 2754 214 2792 sava
224 2756 395 2784 latreum-itio.
419 2756 482 2783 lude
494 2756 623 2783 Martialis
635 2756 697 2783 illud
707 2756 752 2783 lib.
765 2766 810 2783 xi:

521 2796 628 2831 Donasti
639 2817 643 2825 ,
663 2801 738 2832 Lupe,
749 2796 846 2832 russub
854 2797 915 2824 urbe
924 2796 992 2824 nabis
1001 2809 1009 2825 .-

522 2838 571 2865 Sed
580 2849 624 2865 rm
633 2840 668 2864 esi
679 2838 743 2865 mihi
752 2846 836 2872 malm
847 2840 873 2863 m
879 2837 998 2873 f'enz’stra.

113 2878 140 2912 ι]
169 2878 251 2907 lderri.
273 2880 345 2919 Lege
357 2889 415 2918 quae
427 2878 477 2907 huc
489 2880 621 2917 pertinent
634 2877 706 2916 supra
716 2888 773 2916 cap.
788 2877 949 2905 ii.s;11b.v.
963 2888 1018 2917 cap.
1032 2889 1084 2907 vir.

113 2931 144 2965 a]
174 2929 315 2960 Phiunder.
342 2933 472 2960 Triclinia
483 2942 511 2961 ut
523 2942 576 2959 nou
588 2931 676 2959 eadem
687 2931 743 2958 sunt
754 2932 844 2958 omnia
856 2951 861 2962 ,
882 2929 924 2957 scd
933 2940 980 2968 pro
990 2933 1049 2958 anni
1058 2929 1224 2969 temporibus
1234 2938 1368 2958 mutantur
1379 2941 1384 2958 :
1396 2931 1433 2959 ita
1440 2928 1522 2957 varias
1533 2928 1597 2957 coeli
1608 2929 1696 2968 regio-

154 2980 200 2997 nes
210 2969 318 3007 spectare
329 2973 435 3001 debent.
456 2974 556 3001 AEstiva
568 2973 603 2999 ira
614 2972 720 2999 obverti
732 2980 840 3010 oportet
853 2992 860 3002 .
879 2979 908 2998 ut
919 2972 1052 3008 excipiant
1064 2971 1270 3010 septentrionem
1281 2992 1287 3003 ,
1309 2981 1389 2999 verna
1401 2976 1423 3000 &
1434 2970 1596 2999 autumnalia
1606 2980 1696 2997 oriens·

156 3018 222 3044 tem5
233 3009 356 3050 hybernis
365 3014 538 3045 occidentem
555 3012 708 3054 hybernum
717 3012 773 3041 dari
782 3012 839 3042 vult
849 3012 986 3043 Vitruvius
999 3024 1006 3046 5
1028 3012 1083 3041 aliis
1094 3012 1179 3053 tnagis
1187 3012 1282 3053 placet,
1294 3012 1467 3045 meridianum
1478 3011 1602 3086 Solemb]
1615 3050 1642 3078 [d

1645 3058 1695 3078 em,
