2023 3162
248 103 318 139 19s
637 89 1057 130 M.V1'rRuv11
1105 87 1461 127 Porrxome

239 157 489 204 stituatur,ubi
501 159 566 197 erit
575 160 692 198 littera
702 156 796 200 A3&
807 155 963 193 diducto
974 156 1116 192 circino
1128 153 1173 192 ab
1184 166 1233 192 eo
1245 166 1380 194 centro
1391 156 1435 193 ad
1446 158 1580 197 lineam
1591 155 1834 211 planitiae‚ubi

240 218 306 253 erit
316 217 436 254 littera
448 216 475 251 B
488 245 497 260 ‚
520 216 714 252 circinatio
727 213 856 250 circuli
865 210 1088 249 describatur
1100 240 1110 256 ,
1129 222 1210 260 quae
1224 211 1357 250 dicitur
1380 212 1599 253 Meridiana.
1629 217 1776 254 Deinde
1788 230 1832 255 ex

239 284 383 310 novem
396 272 575 324 partibus,
598 282 678 320 quae
691 268 772 306 sunt
785 267 805 303 a
814 268 967 318 planitia
976 267 1020 304 ad
1038 268 1245 317 gnomonis
1255 279 1428 306 centrum
1438 293 1446 307 ‚
1467 270 1557 307 ouo
1566 271 1750 310 sumantur
1763 299 1771 313 ,
1792 276 1832 312 ὅ(

239 327 472 377 fignenturin
485 327 594 369 linea,
606 337 686 375 quae
699 323 795 361 estin
806 324 972 373 planitia,
998 323 1063 359 ubi
1074 323 1141 359 erit
1151 323 1270 360 littera
1283 325 1328 361 C.
1352 324 1442 361 Haec
1453 336 1576 362 autem
1591 328 1656 364 erit
1666 340 1831 377 guom00

239 386 296 420 nis
307 382 573 432 aequinoctialis
584 381 733 419 umbra:
745 381 781 417 &
792 379 837 416 ab
848 391 896 416 eo
908 378 1013 428 ligno
1025 379 1191 416 &littera
1202 380 1250 422 C,
1262 390 1325 430 per
1338 389 1508 417 centrum
1519 380 1582 418 ubi
1594 381 1643 419 est
1654 383 1769 421 littera
1778 385 1829 430 A,

237 439 334 476 linea
351 438 574 488 perducatur
588 462 596 476 ‚
618 437 681 474 ubi
700 436 768 473 erit
778 435 877 472 Solis
896 434 1162 483 aequinoctialis
1172 434 1302 471 radius.
1334 435 1448 471 Tunc
1461 435 1507 472 ab
1526 448 1657 474 centro
1680 439 1831 478 diduCto

236 496 380 532 circino
391 492 434 529 ad
443 493 579 529 lineam
589 493 747 543 planitiae
757 492 980 540 aequilatatio
989 490 1227 539 fignctur‚ubi
1237 491 1304 526 erit
1317 490 1434 529 littera
1449 491 1477 527 E
1488 491 1704 530 sinisteriore
1716 506 1828 545 parte,

234 549 273 586 &
286 552 297 586 Ι
310 549 519 586 dexteriore
528 549 566 584 in
579 549 752 586 extremis
763 547 868 584 lineis
881 547 1134 584 circinationis
1144 574 1155 590 ,
1177 546 1215 582 &
1225 557 1288 597 per
1300 556 1468 584 centrum
1477 548 1715 597 perducenda
1724 551 1830 589 linea:

233 615 273 642 ut
285 615 388 653 aeque
397 603 474 641 duo
484 604 707 653 hemicyclia
718 602 785 640 sint
797 601 915 641 divisa.
929 603 1020 639 Haec
1034 612 1159 639 autem
1170 602 1268 639 linea
1280 600 1300 638 a
1312 601 1591 641 Mathematicis
1603 604 1738 642 dicitur
1751 606 1831 644 Ho-

233 662 343 697 rizon
358 688 365 696 .
398 659 548 697 Deinde
569 657 633 707 [d]
658 659 908 696 circinationis
929 660 1043 695 totius
1055 657 1230 695 sumenda
1239 669 1322 708 pars
1333 657 1383 695 est
1393 659 1676 707 quintadecima
1687 685 1695 699 ‚
1718 662 1755 698 ὃς
1768 662 1835 698 cir-

235 717 311 752 cini
323 725 494 753 centrum
506 716 774 754 collocandum
792 716 827 751 in
837 714 933 751 linea
944 714 1201 751 circinationis
1213 742 1224 758 ,
1248 725 1326 763 quo
1337 714 1413 751 loci
1430 713 1524 752 secat
1548 728 1632 753 cam
1644 717 1782 754 lineam
1791 730 1835 755 ae-

234 771 472 822 quinofflalis
483 771 603 809 radius
615 802 624 818 ‚
644 772 707 809 ubi
719 772 785 808 crit
794 771 913 808 littera
924 770 949 806 F
965 799 975 814 ‚
995 768 1032 806 δε
1043 768 1261 819 fignanclum
1274 770 1399 807 dextra
1412 781 1455 807 ac
1468 770 1602 809 sinistra
1612 773 1676 810 ubi
1686 771 1834 810 suntlit-

236 837 323 865 terae
336 827 386 872 G,
400 827 449 863 H.
470 827 618 865 Deinde
628 827 674 865 ab
684 827 752 872 his,
765 828 801 864 ὃ(
811 839 876 877 per
886 836 1074 865 centrum,
1092 826 1197 876 lineae
1208 826 1320 874 usque
1330 825 1374 863 ad
1383 826 1518 865 lineam
1528 828 1688 877 planitiae
1698 829 1835 878 perdu-

235 883 360 921 cendae
375 881 471 928 sunt,
485 883 547 921 ubi
560 894 666 922 erunt
679 885 806 921 litterae
824 884 859 919 T
871 883 927 918 R:
950 883 1001 919 ita
1012 883 1079 918 etit
1089 881 1186 918 Solis
1198 880 1334 926 radiuS,
1345 893 1437 919 unus
1448 882 1631 932 hybernus
1643 884 1734 921 alter
1744 884 1835 923 aesti-

234 951 315 979 vus.
348 939 496 977 Contra
513 951 639 978 aurem
650 941 677 977 E
691 965 699 978 ‚
725 940 842 975 littera
862 939 876 974 I
891 938 976 975 erit,
1002 936 1066 974 ubi
1084 935 1178 974 secat
1199 939 1486 976 circinationem
1500 939 1547 988 [e]
1560 941 1675 984 linea,
1691 952 1771 988 quae
1783 940 1833 978 est

235 995 386 1047 trajesta
398 1007 462 1045 per
474 1006 643 1033 centrum
656 1009 663 1031 ς
676 997 713 1032 δε
728 1003 860 1030 contra
878 993 912 1030 G
924 995 961 1030 &
977 992 1027 1039 H,
1041 993 1168 1031 litterae
1180 1004 1288 1031 erunt
1299 993 1336 1030 K
1348 996 1384 1032 ὅ(
1394 994 1426 1030 L
1441 1024 1451 1040 ‚
1466 997 1503 1032 ὃ(
1516 1007 1646 1034 contra
1661 996 1695 1033 C
1707 998 1744 1033 ὅ(
1756 997 1780 1033 F
1793 999 1832 1034 <Sc

234 1051 274 1088 A
287 1080 297 1095 ,
316 1051 510 1088 eritlittera
522 1052 573 1088 N.
595 1052 708 1088 Tunc
720 1047 798 1102 [f]
811 1049 1055 1100 perducendae
1066 1048 1147 1087 sunt
1158 1049 1329 1088 diametri
1341 1051 1386 1088 ab
1397 1050 1485 1088 Gad
1500 1053 1528 1089 L
1541 1081 1552 1096 ‚
1570 1054 1608 1090 δ(
1619 1052 1665 1089 ab
1676 1052 1711 1087 H
1722 1052 1767 1089 ad
1779 1052 1830 1090 K.

239 1107 336 1158 Qae
348 1108 414 1143 erit
424 1106 587 1147 inferior,
604 1108 715 1158 partis
727 1108 795 1143 erit
807 1105 954 1144 aestivae‚
970 1105 1133 1156 superior
1143 1104 1324 1154 hybernae.
1347 1109 1442 1159 Qae
1454 1106 1625 1146 diametri
1636 1107 1717 1145 sunt
1727 1121 1833 1158 aeque

235 1162 367 1200 mcdiae
379 1162 660 1203 dividendae.ubi
673 1171 780 1200 erunt
792 1162 918 1199 litterae
930 1161 972 1198 M
985 1164 1023 1200 ὃ(
1035 1161 1087 1206 O,
1098 1161 1185 1211 ibiq;
1198 1171 1323 1199 centra
1337 1160 1520 1212 signanda,
1542 1165 1579 1201 &
1591 1175 1655 1213 per
1665 1175 1706 1201 ea
1718 1163 1828 1214 ligna.

233 1220 271 1256 &
285 1228 457 1255 centrum
471 1218 508 1255 A
522 1245 530 1258 ,
554 1220 650 1256 linea
663 1218 708 1255 ad
719 1227 903 1256 extremas
916 1219 1028 1255 lineas
1040 1218 1293 1255 circinationis
1304 1217 1353 1255 est
1365 1218 1624 1268 perducenda,
1647 1221 1711 1257 ubi
1724 1230 1831 1258 erunt

232 1275 343 1311 literae
354 1274 392 1316 P,
408 1277 479 1326 Q
492 1275 582 1312 Haec
594 1277 661 1312 erit
672 1276 764 1312 linea
775 1271 860 1316 faede
869 1270 967 1326 ὀρθάς
978 1273 1083 1312 radio
1101 1274 1364 1323 aequinofitiali.
1398 1274 1608 1312 Vocabitur
1617 1285 1742 1312 autem
1752 1275 1833 1314 haec

233 1330 329 1367 linea
344 1330 626 1368 Mathematicis
636 1330 840 1370 rationibus
862 1330 978 1368 Axon
995 1345 1001 1368 :
1022 1332 1058 1367 ὅ(
1073 1329 1119 1366 ab
1133 1329 1267 1367 eisdem
1289 1330 1425 1367 centris
1449 1330 1604 1368 diducC‘to
1624 1331 1768 1369 circino
1785 1331 1833 1369 ad

232 1394 410 1423 extremas
420 1385 621 1424 diametros
634 1417 645 1433 ,
665 1386 913 1425 describantur
923 1385 1146 1436 hemicyclia
1157 1385 1234 1423 duo
1247 1412 1254 1426 ‚
1268 1398 1431 1435 quorum
1444 1399 1563 1424 unum
1574 1388 1641 1424 erit
1651 1386 1832 1434 aestivum,

230 1441 392 1479 alterum
403 1441 620 1491 hybernum.
651 1442 798 1481 Deinde
809 1445 845 1480 in
863 1442 997 1492 quibus
1011 1443 1106 1479 locis
1130 1441 1256 1480 secant
1273 1443 1375 1479 lineae
1387 1443 1568 1492 parallelae
1589 1443 1723 1481 lineam
1744 1456 1831 1483 eam

229 1508 312 1545 quae
323 1496 457 1535 dicitur
469 1499 656 1544 Horizon,
669 1502 705 1537 in
716 1499 925 1536 dexteriore
938 1508 1039 1550 parte
1051 1499 1119 1536 erit
1130 1498 1248 1535 littera
1259 1498 1295 1543 S,
1308 1500 1344 1534 in
1357 1497 1572 1536 sinisteriore
1585 1499 1642 1547 V,
1664 1502 1701 1537 ὃ(
1713 1500 1757 1538 ab
1768 1511 1832 1538 ex-

231 1562 357 1590 tremo
369 1553 596 1603 hemicyclio
611 1585 620 1599 ‚
639 1555 702 1592 ubi
714 1555 762 1592 est
774 1556 892 1592 littera
903 1554 956 1594 G,
972 1555 1126 1593 ducatur
1136 1554 1231 1592 linea
1241 1555 1434 1605 parallelos
1448 1554 1580 1593 Axoni
1592 1555 1638 1592 ad
1648 1554 1830 1594 finistrum

231 1607 513 1658 hemicyclium,
525 1612 588 1648 ubi
600 1611 777 1649 estlittera
791 1611 838 1647 H.
873 1611 964 1649 Haec
974 1620 1097 1649 autem
1109 1610 1307 1661 parallelos
1317 1611 1412 1648 linea
1421 1613 1606 1649 vocitatur
1619 1612 1692 1664 [g]
1709 1615 1830 1649 Laco-

231 1675 378 1702 tomus:
398 1667 434 1703 &
447 1676 528 1703 tum
540 1668 664 1705 circini
678 1677 852 1705 centrum
864 1667 1136 1704 collocandum
1156 1665 1205 1703 est
1216 1667 1375 1711 coloci,
1392 1679 1470 1716 quo
1481 1667 1577 1705 secar
1596 1678 1678 1705 eam
1689 1668 1827 1706 lineam

231 1721 502 1768 aequinostialis
513 1723 648 1768 radius,
659 1723 723 1761 ubi
735 1725 801 1761 erit
813 1724 933 1761 littera
946 1723 995 1766 X,
1007 1722 1043 1759 &
1055 1721 1318 1760 deducendum
1331 1722 1375 1759 ad
1385 1734 1471 1760 eum
1484 1723 1632 1767 locum,
1642 1735 1720 1772 quo
1729 1723 1827 1760 secat

232 1776 519 1815 circinationem
530 1779 624 1818 aestiv
631 1791 671 1817 us
681 1780 799 1817 radius
813 1808 823 1823 ,
842 1779 906 1817 ubi
918 1778 967 1816 est
978 1780 1098 1815 littera
1111 1778 1147 1814 H
1161 1807 1171 1821 ‚
1181 1780 1219 1816 <Sc
1230 1788 1361 1815 centro
1373 1779 1620 1827 aequinoetiali
1631 1778 1826 1815 intervallo

234 1830 356 1868 aestivo
368 1833 562 1872 circinatio
576 1836 703 1872 circuli
714 1835 891 1873 menstrui
901 1844 1041 1883 agatur,
1051 1835 1114 1883 qui
1126 1830 1191 1879 [h]
1204 1834 1385 1871 Manacus
1397 1833 1539 1870 dicitur.
1573 1833 1624 1869 lta
1635 1831 1828 1871 habebitur

233 1888 503 1926 analemmatos
516 1889 750 1928 deformatio.
784 1888 832 1942 [ι’]
857 1891 960 1927 Cum
978 1889 1114 1926 hocita
1130 1887 1172 1926 sit
1181 1889 1404 1939 descriptum
1426 1891 1463 1926 ὃς
1483 1887 1709 1938 explicatum
1723 1913 1731 1928 ‚
1752 1887 1825 1926 five

1759 1956 1825 1994 per

229 2024 259 2058 d]
291 2022 439 2050 Philander.
459 2023 655 2050 Trecentarum
666 2019 799 2060 sexaginta
811 2020 927 2059 partium
947 2020 1058 2058 (gradus
1069 2020 1214 2058 appellant)
1225 2020 1251 2046 in
1263 2029 1324 2058 quas
1334 2020 1462 2048 dividitur
1469 2020 1582 2048 circulus
1591 2042 1597 2053 ‚
1618 2031 1676 2060 pars
1686 2021 1828 2060 quintade-

270 2065 340 2092 cima
348 2064 383 2091 est
394 2063 623 2103 vigintiquatuor.
646 2061 805 2089 Ptolemaeus
816 2070 907 2088 tamen
915 2061 980 2088 dicit
991 2061 1134 2088 maximam
1151 2060 1218 2088 Solis
1229 2060 1437 2088 declinationem
1451 2058 1501 2089 else
1514 2061 1612 2100 viginti
1621 2062 1702 2089 trium
1712 2062 1786 2101 grad.
1797 2066 1824 2091 δε

269 2104 463 2143 quinquaginta
473 2106 497 2131 ἕ(
508 2104 584 2131 unius
595 2104 770 2130 minutorum.
781 2103 872 2140 [taque
883 2110 911 2129 ut
923 2101 1026 2129 decima
1035 2101 1128 2140 quinta
1137 2100 1166 2128 iit
1175 2110 1232 2140 pars
1244 2121 1250 2133 ‚
1269 2099 1361 2129 desunt
1372 2111 1471 2131 novem
1483 2102 1596 2129 minuta.
1617 2102 1751 2140 Siquidem
1760 2112 1824 2132 una-

269 2154 381 2184 quaeque
391 2154 446 2183 pars
459 2143 510 2171 five
520 2143 616 2182 gradus
625 2142 761 2182 sexaginta
772 2144 873 2170 constat
885 2142 1006 2169 minutis.

229 2188 255 2221 e]
285 2186 369 2213 Idem.
394 2187 431 2213 Ea
442 2184 486 2217 est,
499 2193 578 2222 quam
588 2183 728 2211 horizonta
737 2182 803 2210 dixit
812 2182 952 2220 appellari,
971 2191 1029 2221 quae
1040 2181 1066 2209 in
1077 2191 1150 2220 aequa
1158 2181 1212 2211 duo
1224 2182 1382 2219 hemicyclia
1392 2182 1567 2210 meridianum
1577 2182 1708 2211 circulum
1719 2183 1824 2212 dividit.-

222 2227 263 2263 f]
285 2226 370 2253 Idem.
392 2224 521 2254 Nondum
539 2224 597 2253 sunt
612 2223 737 2252 diametri
753 2244 760 2256 ,
783 2221 825 2251 sed
845 2222 915 2251 bases
932 2231 1042 2251 arcuum
1054 2242 1061 2255 ,
1085 2219 1180 2251 futurae
1198 2224 1286 2261 postea
1305 2224 1428 2252 diametri
1445 2223 1675 2252 semicirculorum
1693 2224 1775 2253 aestivi
1796 2228 1824 2254 δε

264 2265 280 2293 h
304 2265 387 2293 berni.

228 2308 259 2345 g]
283 2276 373 2334 >idern.
397 2308 568 2337 Lacotomus,
578 2305 713 2337 hocloco,
723 2304 785 2343 quid
795 2304 825 2332 fit
836 2303 1005 2344 intelligitur.
1028 2304 1070 2332 Est
1080 2304 1151 2333 enim
1160 2304 1227 2333 linea
1237 2305 1306 2333 recia
1316 2305 1357 2332 axi
1369 2304 1506 2344 parallelos
1517 2325 1524 2337 ‚
1537 2303 1551 2332 a
1560 2303 1633 2332 radio
1642 2304 1747 2335 aestivo.
1766 2315 1822 2343 quo

269 2346 323 2376 loci
333 2345 401 2374 secat
413 2347 587 2374 meridianum
599 2367 605 2379 ,
624 2346 655 2374 ad
664 2346 765 2374 radium
776 2345 925 2383 hybernum
936 2365 942 2377 ,
962 2354 990 2373 ur
999 2343 1051 2383 ipse
1062 2346 1175 2374 cundem
1194 2346 1370 2373 meridianum
1380 2344 1517 2374 intersecat
1530 2365 1536 2375 ,
1555 2344 1643 2373 dusta.
1666 2346 1717 2373 Sed
1727 2347 1820 2374 curita

268 2387 415 2426 appelletur
423 2397 477 2414 non
488 2388 586 2414 inveni.
609 2386 750 2414 Barbarus.
773 2386 802 2414 Id
813 2386 864 2418 est,
880 2386 953 2416 linea
968 2395 1026 2424 quae
1041 2386 1246 2424 amplitudinem
1265 2385 1378 2423 praefinir
1390 2407 1396 2418 ,
1416 2386 1543 2424 quoniam
1559 2394 1588 2412 ea.
1599 2385 1706 2414 lincaab
1725 2396 1779 2414 uno
1787 2387 1822 2415 ad

269 2429 350 2456 alium
360 2428 497 2466 tropicum
506 2427 636 2462 trajicitur
649 2446 656 2457 ‚
677 2431 701 2456 δι’
714 2427 850 2466 integrum
858 2426 1045 2454 declinationis
1064 2426 1131 2454 Solis
1143 2426 1312 2455 intervallum
1331 2426 1530 2466 complectitur,
1541 2425 1609 2453 intra
1619 2426 1692 2466 quod
1702 2427 1823 2466 reliquo—

270 2478 330 2497 rum
339 2468 529 2496 declinationes
541 2467 704 2495 collocandae
716 2466 783 2495 sunt.
806 2466 869 2494 Vide
878 2468 993 2494 Lexicon.

227 2509 259 2544 h]
293 2509 376 2537 Idem.
397 2507 454 2536 Α’πὲ
463 2506 567 2543 §ianm
578 2528 584 2538 ‚
605 2508 630 2534 id
642 2508 686 2539 est,
698 2506 712 2535 ,ἱ
723 2507 818 2540 mense,
833 2509 978 2535 sormatum
993 2516 1092 2535 nornen
1105 2507 1231 2535 menstrui
1241 2507 1333 2536 circuli
1349 2517 1388 2536 ma
1395 2516 1485 2536 nacos.
1505 2508 1548 2536 Est
1559 2507 1630 2536 enim
1641 2507 1753 2536 circulus
1764 2517 1821 2546 quo

261 2550 377 2582 umbrae,
389 2557 484 2588 praeter
492 2548 707 2586 aequinostialem
717 2548 831 2575 aestivam
842 2550 866 2575 &-
876 2547 1021 2585 hybernam
1033 2568 1039 2580 ‚
1051 2548 1083 2576 tle
1094 2547 1189 2587 quibus
1200 2548 1326 2581 tradidit,
1339 2548 1572 2586 deprehenduntur
1582 2569 1589 2581 ‚
1606 2548 1679 2584 cujus
1689 2549 1821 2576 diameter

262 2591 297 2618 est
308 2593 481 2618 Lacotomus.
505 2588 590 2628 Qod
601 2597 689 2616 autem
699 2588 763 2616 dicit
775 2609 781 2620 ,
800 2591 835 2614 Et
845 2595 928 2615 centra
939 2588 1101 2626 aquinofiiali
1110 2589 1247 2616 intervallo
1257 2589 1346 2623 estivo,
1358 2586 1411 2620 εἴτ.
1435 2591 1525 2617 Genus
1536 2590 1571 2617 est
1582 2589 1687 2617 dicendi
1696 2591 1818 2616 Geome-

260 2631 306 2658 tris
318 2629 453 2661 familiare.
466 2639 527 2658 cum
536 2628 684 2670 fignificare
694 2628 787 2657 volunt
797 2628 880 2655 altero
892 2628 985 2655 circini
994 2628 1058 2667 pede
1067 2629 1095 2656 in
1104 2629 1168 2656 dato
1176 2629 1251 2669 figno
1263 2638 1386 2657 manente
1397 2650 1404 2663 ‚
1421 2629 1534 2658 alterum
1544 2629 1575 2657 ad
1585 2630 1756 2657 constitutam
1764 2638 1822 2656 ma-

258 2672 427 2710 gnitudinem
437 2671 633 2702 deducendum,
645 2678 672 2698 ut
683 2668 812 2697 circulum
820 2667 965 2707 perficiant.
976 2671 1017 2697 De
1028 2678 1140 2706 manaco
1150 2668 1192 2697 seu
1202 2669 1340 2697 Monacho
1350 2669 1452 2697 circulo
1464 2670 1522 2697 vide
1533 2670 1606 2708 plura
1615 2671 1642 2697 in
1654 2670 1762 2697 Lexico.

224 2711 246 2745 i]
276 2711 370 2739 Claud.
383 2712 517 2739 Salmalius
529 2711 555 2738 in
574 2711 695 2738 Solinum
707 2720 768 2749 pag.
780 2715 843 2743 637.
865 2710 903 2737 Ex
914 2708 953 2736 his
965 2709 1066 2737 constat
1076 2707 1246 2748 apertissime,
1261 2710 1352 2737 omnia
1362 2710 1517 2750 Horologia
1534 2719 1592 2747 quae
1603 2719 1661 2737 tum
1671 2708 1765 2737 fierent
1776 2719 1818 2737 ra-

259 2751 377 2779 tionibus
389 2752 563 2791 gnomonicis
575 2772 581 2783 ,
601 2761 694 2779 omnes
713 2751 825 2778 omnino
840 2749 894 2777 dies
906 2750 967 2776 anni
986 2745 1153 2778 brevissimos
1169 2748 1387 2790 longissimosque
1404 2752 1431 2777 in
1448 2750 1590 2778 duodecim
1605 2749 1681 2777 horas
1699 2747 1817 2777 habuisse

258 2791 393 2828 aequaliter
404 2791 502 2820 divisos
514 2813 520 2824 ‚
541 2791 666 2830 horasque
676 2790 739 2830 ipsas
750 2801 782 2818 eo
794 2799 906 2818 numero
915 2790 942 2817 in
953 2790 1022 2818 diem
1031 2790 1198 2818 contributas
1208 2790 1297 2829 quales
1307 2800 1380 2818 erant
1389 2800 1434 2828 per
1446 2790 1562 2832 fingulos
1572 2789 1627 2825 dics
1637 2809 1645 2822 ,
1663 2790 1746 2818 modo
1755 2790 1818 2818 lou-

257 2828 374 2872 gillimas
385 2853 392 2865 ,
411 2832 495 2861 modo
504 2829 668 2862 brevissimas
680 2852 686 2864 ‚
703 2827 856 2859 ostendisse.
881 2830 955 2858 Hinc
965 2831 1150 2868 explicandum
1162 2830 1212 2858 hoc
1224 2839 1298 2860 vetus
1307 2830 1447 2859 distichon.

617 2873 714 2909 Περιιὼν
733 2866 874 2908 οἷχωρεόσκ
891 2868 962 2907 aspa)
973 2872 1054 2900 λίθΘ’
1066 2891 1073 2902 ,
1091 2868 1172 2909 02:215)
1183 2870 1252 2899 w'loi

655 2910 793 2944 sulpur&
812 2911 889 2948 αἐλὶιμ
908 2908 983 2938 mni
1001 2908 1188 2947 'mesto-Quium!

613 2955 701 2990 Qum
716 2959 819 2989 parvm
835 2952 924 2979 coelum
937 2953 1003 2988 capit
1014 2952 1054 2979 hic
1064 2951 1126 2989 Iapis
1136 2971 1142 2982 ,
1162 2958 1241 2989 atque
1256 2949 1342 2990 pufille

655 2995 797 3026 Gnomom,
814 2993 840 3029 fe
859 2991 919 3021 Solis
937 2994 1020 3021 vertit
1031 2991 1068 3020 ad
1077 2992 1153 3020 omnis
1164 2993 1230 3020 iter!

1774 3034 1814 3061 Aa
