2023 3162
462 98 1095 138 DEARCHITECTVRA
1152 98 1386 138 L12.1X.
1662 114 1731 142 181

147 166 298 208 haberet
320 166 458 217 pedum
480 168 748 216 quadratorum
763 196 772 210 ‚
792 165 828 203 id
848 166 1118 217 duplicaretur,
1141 169 1178 205 ὃ(
1191 167 1241 205 ita
1257 166 1358 207 fore,
1381 177 1421 205 ut
1440 167 1477 206 hi
1495 171 1561 219 qui
1579 169 1737 210 essentin

146 236 187 261 ea
207 221 339 268 insula,
362 232 453 261 tune
472 225 652 273 religione
665 222 918 260 liberarentur.
950 224 1081 273 Itaque
1106 222 1174 272 [k]
1195 222 1372 262 Architas
1392 224 1735 273 hemicylindorum

1054 280 1085 315 Z
1121 294 1135 322 3
1671 284 1732 321 de—

186 353 212 379 in
225 351 371 379 mesolabio
381 373 387 383 ‚
398 352 430 379 ad
441 352 632 390 explorandum
644 373 650 384 ‚
670 363 702 380 an
714 362 743 379 ea
751 352 842 379 omnia
853 352 926 391 ligna
936 350 982 379 sub
993 352 1084 379 eadem
1095 352 1162 380 linea
1174 353 1233 384 lint,
1245 354 1462 382 commodiorem
1473 355 1620 385 exhibebit.
1643 360 1737 397 Neque

186 392 321 420 videbitur
331 389 444 420 fortaffis
461 393 494 419 ab
504 403 531 420 re
541 391 589 420 hac
608 393 724 421 alienum
741 392 808 420 latus
828 391 915 420 ultimi
933 392 1174 431 parallelogrammi
1186 393 1272 422 versus
1282 394 1411 423 finistrurn
1422 416 1429 428 ‚
1451 406 1482 424 ex
1493 407 1547 435 quo
1556 398 1693 438 segmenta
1703 400 1736 427 ad

185 433 401 471 magnitudinem
413 434 547 460 minorum
561 433 688 462 linearum
702 432 1004 472 expolitarumabscindi
1014 432 1112 460 habent
1122 435 1150 461 in
1159 433 1295 474 sexaginta
1306 445 1392 473 partes
1401 457 1408 469 ,
1426 437 1507 466 veluti
1517 439 1542 465 in
1553 448 1656 468 minuta
1667 440 1736 479 phy-

185 465 421 501 fica‘foraminibus
429 473 588 513 distinguere
598 474 752 512 perpusillis,
761 474 948 512 :equaliterque
956 474 1071 501 invicem
1080 474 1362 514 distantibus3quorum
1372 476 1466 505 summi
1477 479 1593 508 medium
1602 481 1632 508 lit
1643 482 1668 508 in
1677 480 1734 519 ipso

186 514 288 554 angulo
299 514 547 554 parallelogrammi,
559 515 583 542 in
597 525 675 553 quem
685 515 751 542 latus
761 514 845 552 ipsum
854 513 966 552 superius
975 514 1078 546 delinit,
1090 524 1117 542 ut
1129 514 1184 545 filo,
1195 515 1269 543 lieuti
1280 516 1466 556 proposuimus
1478 540 1485 551 ‚
1498 530 1546 558 pro
1556 522 1648 561 regula
1657 523 1734 549 adhi-

187 554 255 586 bito,
267 553 365 583 facilius
377 555 406 582 lit
415 555 441 581 in
452 564 619 594 quacumque
629 557 742 587 ratione,
753 565 830 593 quam
844 564 965 582 numerus
974 554 1157 594 sexagenarius
1167 555 1198 583 ad
1210 557 1341 589 minorem
1352 557 1447 586 habere
1459 562 1561 598 potest,
1574 563 1660 590 media
1671 573 1735 600 pro-

185 596 347 634 portionalia
356 596 482 623 invenire.
503 596 553 623 Sed
573 606 626 624 non
644 598 693 624 erit
715 605 778 624 tunc
795 595 892 623 tabella
909 595 952 622 illa
970 605 1098 624 continua
1114 596 1260 624 minoribus
1278 598 1409 626 tabellulis
1417 599 1576 636 subjicienda
1585 623 1591 635 ‚
1610 613 1669 642 qux
1678 614 1734 631 non

186 637 251 664 linet
263 636 337 665 filum
348 634 455 664 inferius
465 636 581 669 demitti;
594 637 635 665 sed
645 637 742 677 regulae
753 637 803 664 ssve
813 636 920 676 ligneae.
931 636 982 663 live
991 645 1064 664 aereae
1076 657 1081 667 ‚
1095 636 1146 664 live
1154 647 1186 664 ex
1197 637 1245 664 alia
1257 638 1287 665 ad
1298 649 1357 666 eam
1368 650 1423 668 rem
1433 643 1639 672 accommodata
1649 653 1735 672 mate—

186 677 232 709 ria,
245 678 271 704 in
280 676 446 716 quadrilateri
458 676 592 712 cujusdam
600 678 750 716 reCkanguli
758 673 981 705 circumferentia:
989 676 1103 714 speciem
1114 677 1282 715 disponenda:
1294 688 1381 712 erunt,
1391 690 1449 709 area
1459 684 1546 720 pervia
1558 685 1646 712 media
1655 693 1736 723 atque

184 719 255 745 inani
266 726 436 750 remanente,
452 728 502 756 qua
513 719 730 756 perpendiculum
742 728 787 756 per
798 726 985 756 quamcunque
996 717 1083 744 lateris
1102 719 1345 758 parallelogrammi
1363 730 1464 759 partem
1481 722 1635 753 submiffum
1652 726 1737 754 libere

186 760 321 799 pervagari
334 756 422 797 poffit3
434 759 510 797 inque
521 758 589 786 binis
600 759 693 787 harum
705 758 868 798 regularum,
879 767 937 795 quae
947 755 1065 785 referunt
1074 759 1241 796 quadril-atesi
1250 759 1374 800 longiora
1384 761 1465 789 latera
1473 784 1479 795 ,
1496 765 1646 793 canaliculis
1657 777 1736 794 exca-

186 799 252 827 vatis
263 798 393 827 tabellula:
403 799 433 826 ad
442 799 555 827 eundem
567 800 678 827 modum
690 821 696 832 ,
715 809 768 838 quo
777 798 893 837 superius
906 819 912 831 ‚
932 798 1135 826 concinnanda.
1157 799 1199 826 Ad
1209 798 1264 827 liaec
1275 820 1281 832 ,
1307 801 1349 828 vel
1359 801 1405 829 sub
1416 804 1505 830 medio
1516 805 1660 834 mesolabio
1671 807 1736 835 baiis

185 840 331 868 altitudinis
349 837 403 867 fere
421 849 517 878 quanta
537 841 572 868 est
591 839 727 868 mesolabii
737 839 882 879 longitudo
893 859 899 871 ,
922 839 962 867 vel
980 838 1028 867 sub
1038 839 1146 879 lingulis
1161 840 1269 880 fingulae
1286 841 1401 876 ejusdem
1421 843 1570 873 altitudinis
1581 847 1736 876 adhibenda:

186 881 343 913 columellae,
356 880 450 919 quibus
461 881 554 908 innixo
563 880 716 913 mesolabio,
726 890 807 919 atque
817 882 843 907 in
852 879 955 907 sublimi
967 880 1062 918 polito,
1073 881 1263 919 perpendiculo
1273 880 1349 909 locus
1360 883 1390 910 fit
1401 903 1408 916 ‚
1424 893 1478 921 quo
1489 888 1659 923 propendeat.
1681 890 1738 916 Ne-

185 932 236 960 que
245 921 341 949 horum
351 923 494 960 quicquam
505 921 668 960 prohibebit,
679 932 710 950 ne
719 921 745 948 in
753 921 850 949 eodem
862 919 1016 953 mesolabio,
1027 921 1118 960 regula
1129 942 1135 954 ‚
1158 931 1221 950 cum
1231 931 1296 960 opus
1303 921 1393 956 fuerit,
1403 926 1441 951 uti
1454 935 1507 952 non
1519 923 1656 964 possimus.
1679 926 1739 956 Esse

185 971 274 990 autem
284 972 343 1000 quae
353 958 454 993 afferui,
467 963 553 990 media
562 962 781 1001 proportionalia,
791 962 824 989 fic
837 961 981 989 ostendam.
992 961 1147 990 Describam
1156 963 1181 990 in
1192 961 1328 1001 superficie
1337 964 1414 1002 plana
1425 964 1499 994 hasce
1510 967 1600 997 lineas.
1610 970 1740 1006 quemad-

186 1003 298 1030 modum
308 1002 450 1030 mesolabio
458 1003 490 1030 ad
501 1003 567 1031 hanc
583 1003 896 1042 parallelogrammorum
913 1000 1028 1030 sormam
1039 1003 1147 1032 redacto
1161 1003 1299 1031 delineata:
1308 1003 1382 1032 sunt:
1400 1010 1423 1034 ὃ(
1434 1006 1453 1033 fi
1461 1007 1570 1044 quidem
1582 1009 1667 1042 tribus
1677 1018 1735 1036 tan-

185 1043 328 1071 tummodo
341 1042 474 1071 mesolabii
485 1044 588 1072 tabellis
596 1044 632 1072 uli
642 1045 721 1072 fimus
734 1065 740 1076 ‚
759 1054 821 1082 quas
832 1043 863 1070 ad
872 1043 926 1071 duo
939 1043 1024 1071 media
1035 1043 1214 1084 investiganda
1224 1041 1344 1073 sufficere
1352 1046 1468 1075 diximus
1479 1068 1486 1079 ,
1506 1050 1606 1087 (neque
1617 1050 1688 1077 enirn
1699 1071 1706 1082 ,
1719 1049 1738 1078 fi

185 1082 269 1123 plures
280 1084 338 1116 lint,
349 1083 475 1112 diversam
483 1086 593 1125 exigent
605 1085 802 1113 demonstrandi
813 1084 957 1119 rationem)
966 1093 1043 1112 erunt
1052 1085 1078 1112 in
1087 1084 1301 1123 eadescriptione
1312 1087 1362 1114 tria
1371 1086 1479 1126 disparia
1489 1089 1738 1129 parallelogramma

185 1125 346 1164 redtangula,
357 1135 472 1163 quorum
483 1127 599 1163 primum
610 1126 809 1163 maximumque
816 1125 847 1152 ad
857 1125 979 1153 dextram
989 1125 1104 1163 politum
1114 1146 1120 1156 ,
1137 1126 1187 1153 erit
1199 1125 1215 1153 b
1227 1136 1239 1153 c
1249 1126 1265 1153 d
1275 1124 1298 1158 f,
1308 1127 1379 1155 idem
1390 1129 1462 1167 quod
1473 1130 1497 1156 iu
1510 1132 1595 1168 prima
1604 1130 1741 1159 mesolabii

183 1158 374 1194 constit‘utione
383 1164 466 1194 fuerat
478 1167 560 1194 etiam
570 1167 587 1194 b
597 1177 611 1195 c
621 1167 638 1195 d
646 1164 673 1194 f:
685 1167 799 1194 alterum
808 1166 894 1194 minus
903 1167 953 1193 erit
963 1166 978 1193 d
989 1164 1028 1206 fg
1041 1165 1057 1193 h
1068 1176 1074 1193 r
1086 1166 1196 1194 tertium
1207 1167 1351 1196 minimum
1361 1179 1380 1208 g
1391 1169 1436 1196 h'n
1447 1180 1474 1198 m
1485 1181 1490 1196 :
1503 1175 1527 1198 ὅ(
1539 1173 1699 1201 comediam
1708 1172 1743 1200 fi-

183 1216 236 1245 gna
246 1206 299 1235 b.&
310 1207 407 1234 n-linea
415 1208 485 1235 reeta
496 1206 513 1235 b
525 1218 551 1239 ης
565 1208 591 1236 in
603 1218 654 1247 qua
662 1218 708 1246 per
720 1206 889 1246 hypothelim
897 1216 974 1234 erunt
984 1207 1057 1247 figna
1066 1206 1342 1246 sestionunnquorum
1352 1210 1424 1247 quod
1435 1211 1469 1238 est
1478 1211 1504 1238 in
1512 1211 1594 1239 latere
1602 1212 1618 1240 d
1629 1209 1739 1251 Happel-

185 1247 253 1275 letur
262 1241 406 1285 q3'quodin
418 1258 436 1288 g
445 1247 471 1278 h,
479 1248 624 1287 appelletur
634 1248 857 1287 r.producamque
866 1248 947 1275 lineas
958 1258 972 1276 c
985 1257 1019 1275 m.
1031 1251 1055 1276 &
1068 1247 1085 1275 b
1096 1258 1120 1275 n.
1128 1248 1197 1276 ultra
1205 1257 1242 1275 m.
1250 1252 1274 1277 δε
1288 1259 1313 1276 n.
1323 1249 1409 1278 donec
1419 1260 1579 1280 concurrant
1588 1253 1613 1280 in
1624 1253 1699 1292 ligno
1707 1264 1735 1292 p.

184 1296 343 1316 concurrent
356 1289 427 1316 enim
436 1299 482 1327 per
492 1300 518 1316 v.
528 1289 696 1328 postulatum.
708 1289 835 1327 fiquidem
846 1288 959 1329 angulus
970 1299 984 1316 c
995 1288 1012 1316 b
1022 1299 1042 1316 r.
1062 1290 1151 1317 minor
1162 1289 1198 1317 est
1207 1290 1311 1329 angulo
1320 1299 1334 1318 c
1347 1289 1364 1317 b
1372 1290 1397 1318 d.
1409 1294 1483 1320 recto
1495 1303 1540 1330 per
1554 1303 1591 1321 ix.
1610 1303 1739 1322 commu·

186 1338 247 1356 nem
257 1328 414 1357 sententiam
424 1350 431 1361 ,
452 1333 476 1358 &
485 1330 595 1369 angulus
604 1331 621 1358 b
632 1341 680 1370 cp.
698 1332 785 1359 rectus
797 1330 833 1357 est
841 1340 886 1368 per
898 1329 1078 1368 hypotheiim.
1104 1331 1137 1357 Et
1166 1329 1274 1358 uoniam
1286 1331 1313 1358 in
1331 1331 1454 1369 primaria
1465 1333 1599 1362 mesolabii
1608 1335 1739 1363 constitu-

185 1369 260 1397 tione
271 1390 279 1402 ,
299 1368 447 1410 priusquam
455 1370 557 1399 tabellae
568 1371 631 1400 loco
642 1380 816 1399 moverentur
824 1391 831 1403 ,
852 1370 990 1411 triangulo
999 1370 1016 1398 b
1025 1381 1038 1399 c
1048 1369 1068 1398 f.
1087 1373 1111 1399 δι
1121 1370 1138 1398 d
1146 1339 1193 1398 iili.
1206 1374 1231 1399 3<
1241 1381 1260 1412 g
1272 1370 1289 1398 li
1301 1381 1337 1399 m.
1350 1372 1500 1402 habuerunt
1511 1374 1612 1414 lingula
1621 1375 1739 1414 singulos

185 1410 274 1438 restos
285 1410 396 1444 angulos
405 1432 411 1443 ‚
423 1411 537 1440 &latera
548 1412 649 1441 circum
659 1413 762 1441 ree'tum
772 1411 901 1450 angulum
911 1414 938 1439 in
950 1422 1005 1439 uno
1015 1411 1213 1451 triangulorum
1226 1432 1232 1444 .
1250 1411 1376 1441 lateribus
1387 1414 1494 1443 alterius
1512 1416 1614 1444 circum
1626 1416 1737 1443 fimilem

184 1443 432 1490 angulum‘fuerunt
443 1453 567 1491 aequalia:
588 1455 672 1482 Erunt
683 1455 763 1482 etiarn
774 1462 819 1495 per
827 1451 972 1480 sextamvr.
990 1452 1083 1493 anguli
1094 1463 1108 1480 c
1118 1450 1163 1480 fb.
1172 1456 1197 1480 δε
1208 1450 1244 1480 fh
1252 1452 1278 1480 d.
1289 1456 1313 1481 &
1325 1452 1342 1480 h
1353 1463 1379 1482 m
1389 1465 1418 1495 g.
1438 1455 1596 1485 adinvicem
1616 1455 1738 1495 aequales.

186 1495 211 1520 δι
224 1501 268 1530 per
278 1502 381 1521 xxvui.
393 1493 481 1531 primi,
493 1493 567 1522 lineae
576 1492 618 1522 bf.
629 1499 653 1523 &
663 1505 683 1535 g
694 1494 719 1523 h.
730 1498 755 1523 δε
765 1504 777 1521 r
789 1503 825 1522 m.
837 1494 862 1521 in
871 1492 923 1522 hoc
934 1494 1245 1533 parallelogrammorum
1255 1493 1305 1522 fitu
1316 1503 1412 1523 mutuo
1421 1497 1503 1524 etiam
1514 1496 1651 1535 parallelae.
1663 1495 1742 1524 Insu-

182 1542 281 1572 perque
290 1534 418 1571 quoniam
428 1535 560 1574 triangula
569 1535 585 1563 b
595 1546 608 1563 c
621 1546 646 1574 p.
660 1540 685 1564 ὃς
696 1546 713 1575 q
725 1533 768 1574 fp.
782 1538 805 1563 &
817 1545 828 1562 r
840 1534 855 1562 h
865 1545 890 1572 Ρ.
900 1537 925 1563 &
936 1544 953 1562 n
964 1544 990 1562 m
1001 1545 1026 1574 p.
1047 1533 1145 1561 habent
1157 1534 1249 1562 omnia
1259 1535 1388 1574 angulum
1404 1535 1421 1564 b
1431 1547 1447 1576 p
1460 1547 1483 1565 c.
1501 1546 1674 1565 communem
1683 1558 1690 1569 ,
1711 1540 1739 1565 δε

184 1572 286 1613 lingula
304 1573 421 1614 ungulos
437 1576 524 1603 rectos
544 1586 589 1614 per
599 1575 769 1615 hypothefim
780 1597 786 1608 ‚
805 1571 915 1603 afferam
931 1585 977 1614 per
988 1585 1024 1603 11.
1041 1583 1217 1603 communem
1235 1573 1394 1604 sententiam
1405 1597 1412 1609 ,
1431 1581 1457 1605 ὃ(
1476 1576 1614 1606 secundam
1637 1586 1740 1616 partem

185 1623 249 1641 xxxi
257 1624 276 1640 1.
284 1613 427 1652 primi,effe
437 1617 602 1657 aequangula,
615 1621 640 1645 &
651 1627 695 1656 per
707 1628 743 1644 iv.
751 1616 826 1647 sexti,
837 1624 881 1644 aut
894 1616 910 1644 fi
920 1616 1002 1645 mavis
1013 1626 1059 1655 per
1069 1626 1106 1644 ιι.
1117 1614 1341 1650 ejusdem‚habere
1350 1616 1431 1644 latera
1440 1618 1661 1655 proportionalia,
1671 1616 1741 1647 effe-

184 1664 244 1692 que.
257 1654 322 1683 licut
333 1655 350 1683 b
359 1667 382 1684 e.
391 1656 423 1684 ad
433 1667 450 1695 q
460 1655 479 1688 f.
492 1657 525 1685 fic
535 1659 552 1685 b
562 1668 586 1696 p.
599 1658 631 1686 ad
643 1669 658 1696 q
669 1669 694 1697 p.
707 1661 732 1686 ὃς
744 1657 809 1685 ficut
818 1667 834 1696 q
845 1655 864 1684 f.
873 1657 905 1684 ad
915 1667 926 1684 r
937 1656 963 1689 h,
973 1656 1008 1685 fic
1018 1667 1036 1695 q
1045 1667 1070 1695 p.
1085 1655 1116 1684 ad
1126 1666 1137 1682 r
1147 1666 1172 1694 p.
1182 1655 1300 1693 licutque
1311 1666 1323 1683 r
1333 1655 1359 1683 h.
1370 1657 1402 1684 acl
1413 1659 1520 1691 nin,1ic
1531 1668 1577 1697 rp.
1587 1658 1618 1686 ad
1629 1669 1644 1686 n
1656 1669 1683 1698 p.
1703 1660 1740 1687 Et

182 1694 413 1733 deindequoniam
423 1698 455 1725 ad
465 1697 579 1726 alterum
589 1699 655 1727 latus
667 1697 821 1738 triangulib
832 1708 847 1735 Ρ
858 1695 877 1724 f.
890 1698 948 1725 aeta
959 1695 1009 1724 fuit
1021 1696 1156 1735 parallelus
1166 1706 1184 1734 q
1195 1695 1221 1729 b,
1233 1693 1285 1724 effe
1292 1696 1395 1724 divium
1406 1708 1450 1736 pet
1463 1708 1498 1726 ιι.
1509 1698 1574 1726 sexti
1585 1719 1591 1730 ‚
1610 1699 1676 1727 ficut
1687 1698 1704 1726 b
1715 1709 1742 1737 q.

186 1734 242 1774 adq
254 1746 281 1773 p,
292 1737 325 1765 fic
335 1735 422 1766 fh.ad
430 1737 448 1766 h
460 1742 515 1778 p.&
524 1740 673 1778 composite
684 1749 730 1777 per
739 1748 824 1766 xviii.
836 1738 935 1777 quinti,
947 1738 1012 1765 ficut
1021 1737 1038 1764 b
1047 1747 1072 1776 p.
1081 1737 1112 1765 ad
1123 1747 1140 1775 q
1151 1747 1177 1775 p,
1189 1736 1222 1765 fic
1233 1733 1285 1765 esse
1295 1734 1338 1775 fp.
1348 1737 1380 1765 ad
1389 1737 1405 1764 h
1417 1748 1442 1776 p.
1454 1740 1487 1766 Et
1496 1740 1623 1777 quoniam
1632 1739 1664 1767 ad
1676 1738 1745 1767 latus

540 1795 685 1842 Μεωκωι·
703 1795 872 1840 affirmatio·
1285 1775 1511 1851 2³.1fi·.f.{;³.”ffi¹¹.¹}s2
1518 1777 1686 1857 §.5321ss
1695 1790 1745 1848 εἴ

162 1854 205 1885 B
515 1857 559 1885 D
856 1850 896 1885 G
1284 1855 1478 1898 utfp.adhp,
1501 1859 1741 1899 licqp.adrp,&

1286 1908 1331 1936 per
1341 1908 1381 1926 xi.
1393 1900 1488 1937 quinti,
1500 1900 1534 1929 fic
1546 1901 1562 1928 b
1572 1910 1597 1939 p.
1608 1901 1639 1929 ad
1678 1912 1702 1940 p.
1715 1905 1741 1930 δε

1284 1937 1369 1966 rursus
1378 1949 1424 1978 per
1440 1939 1542 1969 easdem
1552 1962 1559 1975 ,
1579 1941 1614 1969 fic
1624 1910 1676 1970 esile
1687 1952 1703 1981 q
1713 1952 1729 1981 p

1285 1979 1317 2006 ad
1328 1989 1340 2006 r
1349 1983 1403 2018 p.&
1415 1990 1460 2019 rp.
1473 1981 1504 2009 ad
1516 1992 1532 2009 n
1543 1992 1568 2020 p.
1577 1990 1744 2021 quatuorque

1284 2017 1329 2047 has
1341 2019 1423 2049 lineas
1434 2019 1486 2049 esse
1500 2023 1744 2061 proportionales‚b

1288 2070 1312 2097 p.
1323 2063 1347 2088 &
1359 2071 1374 2099 q
1384 2071 1408 2099 Ρ.
1421 2065 1445 2090 3:
1455 2072 1500 2101 rp.
1512 2067 1536 2091 δε
1547 2073 1590 2101 np-
1600 2063 1648 2090 Sed
1658 2063 1746 2091 osten-

1286 2099 1343 2128 sum
1354 2102 1396 2134 est,
1408 2102 1472 2131 licut
1482 2102 1499 2130 b
1509 2113 1533 2139 p.
1545 2105 1575 2131 ad
1588 2113 1603 2140 q
1614 2113 1640 2141 p,
1654 2102 1686 2130 fic
1698 2102 1747 2131 ha-

1290 2140 1352 2169 bere
1370 2141 1516 2180 bc.adqf.
1537 2146 1561 2170 δε
1580 2141 1698 2181 ficutqf.
1712 2143 1745 2171 ad

1286 2190 1298 2207 r
1311 2181 1327 2207 h
1339 2203 1346 2213 ,
1359 2181 1392 2209 lic
1405 2193 1420 2220 q
1433 2192 1458 2220 p.
1476 2183 1507 2210 ad
1517 2192 1556 2221 rp.
1571 2183 1688 2222 fientque
1698 2193 1709 2211 r
1719 2183 1747 2212 h.

1287 2221 1319 2247 ad
1330 2231 1390 2254 nm,
1402 2223 1434 2250 lic
1445 2232 1488 2260 rp.
1497 2223 1528 2251 ad
1539 2233 1597 2262 n.p.
1606 2224 1690 2264 igitur
1699 2234 1746 2263 per

1287 2270 1327 2288 xr.
1337 2262 1423 2299 quinti
1433 2272 1509 2291 erunt
1528 2267 1553 2292 &
1573 2264 1612 2292 1,ae
1622 2265 1701 2292 etiam
1712 2265 1745 2292 li-

1287 2311 1342 2328 neae
1353 2304 1580 2341 proportionales,
1592 2304 1609 2332 b
1619 2315 1643 2335 c.
1656 2309 1681 2333 St
1698 2315 1714 2343 q
1725 2304 1743 2332 f.

1288 2344 1313 2369 δε
1324 2342 1367 2370 th.
1379 2347 1402 2371 δε
1414 2354 1430 2371 ιι
1442 2353 1479 2376 m;
1490 2353 1569 2383 atque
1579 2345 1673 2373 intcrb
1685 2356 1708 2373 c.
1722 2349 1747 2373 8<

1286 2392 1302 2410 n
1316 2392 1353 2409 m·
1371 2384 1426 2411 duo
1436 2386 1750 2424 proportionaliainveu«

1288 2432 1322 2450 ta.
1332 2425 1403 2461 quod
1411 2422 1495 2453 fuerat
1503 2426 1746 2454 demonstrandum.

1288 2465 1330 2491 Est
1340 2465 1424 2503 igitur
1434 2469 1457 2494 ὃς
1470 2468 1538 2494 ratio
1546 2467 1596 2505 ipsa
1605 2467 1681 2494 linea:
1697 2466 1748 2494 bc.

1287 2505 1319 2532 ad
1331 2515 1346 2532 ri
1357 2515 1392 2534 m.
1411 2507 1478 2535 linea
1498 2508 1523 2535 in
1534 2516 1586 2535 tres
1606 2507 1702 2534 similes
1722 2510 1748 2537 St

1286 2546 1396 2584 aequalcs
1405 2549 1518 2575 rationes
1526 2545 1643 2575 diffecta.
1653 2556 1711 2585 quae
1720 2547 1751 2575 fi-

1289 2596 1319 2614 ve
1331 2584 1408 2614 fuerit
1418 2588 1495 2625 dupla
1505 2608 1511 2619 ‚
1525 2587 1577 2614 {ire
1589 2588 1638 2615 alia
1649 2588 1749 2626 quaevis

1287 2627 1371 2659 ratio,
1393 2627 1456 2655 dum
1468 2638 1484 2655 n
1497 2637 1532 2654 m·
1543 2628 1584 2655 vel
1595 2628 1661 2656 latus
1671 2628 1749 2656 {itdi-

1287 2668 1321 2694 sti
1335 2666 1397 2694 cubi
1415 2678 1459 2706 per
1476 2668 1656 2696 Corollarium
1674 2680 1745 2697 xxx.

1286 2707 1439 2740 undecimi,
1450 2709 1491 2736 vel
1502 2706 1598 2736 referat
1608 2710 1750 2739 unitaterm

1229 2782 1237 2784 .
1287 2751 1311 2776 δ(
1323 2747 1373 2775 bc.
1398 2758 1538 2777 numerum
1555 2749 1616 2778 cubi
1635 2748 1751 2785 ejusdem

1284 2788 1394 2816 rationis
1406 2789 1437 2816 ad
1460 2789 1552 2818 datum
1568 2790 1666 2819 cubum
1681 2804 1687 2823 3
1708 2800 1752 2829 per

191 2843 259 2861 vm.
270 2833 329 2862 libri
339 2833 419 2866 noni‘,
440 2837 465 2862 δε
477 2843 534 2862 xvr.
547 2837 572 2862 &
583 2843 652 2861 xvu.
663 2831 728 2860 sexti
737 2854 744 2863 ,
765 2832 814 2860 erit
825 2831 928 2860 utrovis
939 2829 1022 2858 rnodo
1033 2829 1256 2859 demonstratum,
1275 2836 1284 2855 t
1297 2827 1322 2856 li.
1334 2828 1404 2857 latus
1415 2826 1466 2858 effe
1476 2830 1538 2858 cubi
1556 2831 1587 2858 ad
1598 2831 1691 2859 datum
1702 2841 1751 2859 cu-

189 2873 254 2902 bum
265 2875 376 2903 eandem
387 2875 517 2902 rationem
527 2873 659 2902 habentis.
670 2874 702 2901 Et
714 2873 746 2901 ad
755 2873 780 2901 id
791 2870 1005 2912 investigandum
1016 2871 1085 2898 ratio
1095 2878 1224 2909 perpetuo
1232 2870 1261 2896 in
1271 2868 1473 2909 universumque
1483 2871 1587 2900 tradita:
1598 2872 1681 2908 Cujus
1692 2881 1750 2911 per-

192 2914 253 2941 inde
261 2924 289 2942 ac
299 2917 479 2943 Geometrieae
489 2914 631 2953 disciplinae
640 2915 821 2955 ignorantiam
834 2912 934 2950 Apollo
945 2910 1012 2938 visus
1024 2911 1059 2938 est
1070 2911 1180 2938 oraculo
1190 2907 1367 2948 exprobrasse.
1737 2951 1743 2956 .

154 2955 183 2989 k]
214 2954 297 2982 Idem.
320 2955 504 2984 Eratosthenes
523 2956 631 2994 epistola
652 2955 684 2983 ad
696 2954 871 2982 Ptolemaeum
882 2954 928 2984 ait,
942 2950 1084 2979 Architam
1095 2951 1277 2979 Tarentinum
1289 2960 1334 2988 per
1343 2950 1552 2990 hemicylindros
1564 2951 1756 2980 demonstrabi-

195 2994 254 3023 liter
264 2996 372 3033 quidem
379 2993 536 3036 descripliffe
547 3018 554 3031 ‚
576 3006 668 3026 verum
686 3004 714 3024 ut
734 2995 761 3023 id
772 2994 817 3024 sub
827 3003 936 3023 manum
948 2993 1088 3021 duceretur
1099 3013 1106 3027 ,
1117 2993 1145 3020 in
1156 2991 1284 3030 usumque
1294 2991 1399 3021 caderet
1407 3013 1414 3026 ,
1434 2993 1588 3033 neutiquam
1598 2989 1695 3031 assequi
1703 3001 1758 3060 ‘pf-

1669 3041 1708 3065 tui
1733 3041 1756 3060 e.
