2023 3162
647 56 678 100 P
710 72 735 101 A
768 77 790 102 rt
821 75 837 100 s
894 61 922 101 P
952 76 974 101 R
1006 75 1019 102 1
1050 70 1079 102 ili
1107 71 1145 102 Α.
1655 75 1669 109 1
1683 85 1697 117 ,-

111 141 194 171 'rum
206 133 242 170 ὃς
255 129 441 169 tenorum
452 130 693 180 angulorum)
707 141 748 168 ut
757 128 987 167 Bernardinm
995 129 1116 169 Baldus
1127 126 1239 168 Abbas
1251 130 1440 181 Guastallae,
1456 134 1494 170 in
1506 146 1704 174 cominen-

111 190 209 226 tariis
223 187 267 225 ad
279 187 484 224 Aristotelis
495 187 732 226 Mechanica‚
747 187 845 225 redte
856 185 1003 237 probat,
1021 188 1084 225 ubi
1096 189 1219 225 obiter
1231 188 1403 234 observo,
1417 201 1506 227 cum
1518 193 1639 242 aliqua
1650 205 1705 229 res

112 243 375 282 mathematice
392 242 641 280 demonstrata
660 242 709 279 est
727 242 893 281 infirma,
916 244 1034 292 magis
1052 244 1240 281 infirmam
1261 245 1329 282 effe
1346 245 1584 295 mechanico,
1617 251 1706 297 quia

113 312 254 337 errores
266 299 407 336 facilius
419 309 624 336 occurrunt
635 301 674 336 in
685 299 902 336 tractatione
912 296 1110 338 solidarum
1125 302 1362 339 materiarum
1373 327 1381 341 ‚
1408 312 1523 352 quam
1535 304 1573 340 in
1584 315 1707 353 gram-

113 357 224 395 micis
235 354 563 393 delineationibus.

169 408 358 448 Theorema
371 412 417 446 V.
430 408 488 447 Ut
500 409 790 448 semicirculares
801 420 1041 456 camerae,aut
1051 410 1172 449 hemis
1165 410 1329 463 phaericae
1343 413 1516 454 fornices,
1531 417 1704 453 omnium

113 466 193 506 sunt
208 464 477 504 rotundissimae
489 467 526 503 δ(
538 478 601 516 per
613 465 842 514 consequens
853 465 1069 504 firmiffimae
1082 496 1092 511 ,
1112 466 1312 506 secundum
1331 471 1542 519 praecedens
1559 471 1706 510 theore-

115 536 188 571 ma3
201 525 248 561 ita
259 525 294 560 δε
306 520 560 559 venustissimae
571 521 652 559 sunt
666 550 675 566 ‚
694 533 774 570 quae
783 522 927 572 praecise
938 522 1122 560 servantes
1133 525 1288 561 eandem
1300 522 1535 565 altitudinem
1547 553 1555 566 ‚
1575 536 1706 565 tamen

116 579 370 616 distenduntur
389 587 559 625 quartam
581 578 768 615 decimam
786 587 930 627 partem
951 580 1102 627 longius
1121 592 1235 628 quam
1256 580 1306 617 est
1331 582 1469 631 integra
1489 584 1707 621 diametros:

116 648 200 684 quae
212 628 355 671 additio
367 631 593 669 distensionis
607 633 769 670 multum
781 633 950 671 conferet
960 634 1005 671 ad
1016 646 1143 671 earum
1156 636 1401 680 venustatem,
1414 641 1451 675 δε
1464 640 1618 688 paulum
1631 651 1706 676 tan-

115 702 197 728 tum
210 690 335 727 demet
347 700 472 734 earum
483 687 660 725 firmitati.
700 688 806 725 Hanc
817 688 1117 726 observationem
1137 692 1330 740 reperioin
1347 696 1458 728 Leone
1476 694 1621 746 Baptista
1642 693 1704 730 Al-

115 744 203 783 berti
213 760 223 782 .·
235 744 293 782 scd
305 745 424 794 praxis
436 743 673 781 conservandi
684 743 841 782 eandem
852 745 1106 784 altitudinem,
1134 745 1170 782 δέ
1183 756 1309 784 tamen
1320 747 1547 786 distendendi
1558 750 1705 788 brachia

119 812 180 840 aut
193 801 373 840 terminos
386 810 492 836 arcus
505 801 600 836 ratio
619 799 669 836 est
689 800 727 835 in
739 796 872 836 Alberti
883 802 1015 844 Durem'
1024 801 1256 842 Geometria,
1270 804 1334 852 qui
1348 804 1459 840 Italos
1471 805 1602 842 docuit
1614 807 1708 842 mul-

117 869 171 896 tas
182 857 216 894 &
229 856 450 893 excellentes
462 857 585 894 lineas,
600 867 759 904 quarum
772 868 930 906 magnus
942 856 1023 894 usus
1035 857 1084 894 est
1096 859 1132 894 in
1145 857 1214 895 hac
1227 858 1337 895 Arte.

174 907 290 962 Super
301 911 381 948 haec
395 913 560 960 quinque
571 911 804 949 theoremata
813 912 938 949 omnis
950 911 1138 963 disciplina
1148 914 1361 951 camerandi
1370 913 1555 953 fundatur.
1568 917 1708 969 Qoad

120 978 283 1006 cameras
297 996 306 1011 ,
323 978 415 1015 quas
433 966 547 1004 nostri
565 966 723 1004 artifices
740 978 880 1005 vocant
898 965 944 1018 of
953 964 1123 1005 thethird
1128 966 1200 1004 and
1206 966 1336 1019 fourth
1348 972 1466 1021 poz‘nt3
1489 973 1526 1008 ὅ(
1542 972 1710 1009 Hetrusei

118 1025 312 1073 scriptores
322 1021 358 1058 dl
367 1030 468 1078 terzo
483 1022 519 1058 &
532 1020 568 1058 di
578 1031 703 1073 quarto
713 1032 831 1062 acuto,
853 1025 940 1073 quia
950 1021 1091 1074 semper
1103 1036 1310 1062 occurrunt
1320 1027 1358 1062 in
1369 1037 1519 1063 acutum
1530 1028 1710 1077 angulum

120 1081 156 1118 «Sc
168 1080 296 1116 faliunt
317 1077 339 1114 a
358 1077 539 1116 divilione
553 1077 734 1115 Diametri
747 1107 756 1123 ,
779 1080 817 1115 in
836 1089 910 1116 tres
923 1102 933 1118 5
957 1090 1119 1128 quatuor
1138 1090 1201 1117 aut
1224 1082 1345 1131 plures
1365 1092 1485 1132 partes
1503 1095 1573 1132 pro
1590 1084 1709 1125 libitu,

120 1136 195 1183 Ajo
209 1165 218 1180 ,
236 1136 325 1172 tales
339 1163 349 1179 ,
361 1145 444 1171 tum
459 1133 511 1170 ob
524 1134 730 1172 naturalem
742 1135 1039 1173 imbecillitatem
1051 1137 1150 1174 acuti
1161 1135 1269 1186 iplius
1279 1138 1422 1186 anguli,
1448 1138 1484 1174 6<
1495 1149 1647 1188 propter
1658 1140 1714 1175 in-

122 1191 366 1231 venustatem,
381 1189 606 1227 abdicandas
619 1189 686 1227 effe
698 1189 718 1226 a
728 1189 917 1237 judiciofis
927 1193 1061 1229 oculis,
1075 1194 1112 1229 ὃς
1123 1192 1383 1241 relinquendas
1394 1194 1523 1243 primis
1542 1196 1715 1231 invento-³

122 1248 220 1284 ribus
233 1246 370 1284 Gothis
381 1256 444 1283 aut
457 1245 720 1296 Longobardis
733 1274 743 1290 ‚
763 1258 850 1295 cum
863 1248 1004 1284 caeteris
1016 1248 1176 1297 reliquiis
1188 1247 1332 1285 barbari
1342 1250 1437 1285 illius
1448 1251 1525 1286 aevi.

180 1303 283 1340 Cum
294 1330 304 1346 ,
325 1298 344 1338 ὲ
358 1303 478 1351 prima
491 1314 574 1339 mea
586 1303 787 1352 partitione
806 1303 970 1354 partium
983 1302 1159 1352 cujusque
1178 1303 1325 1341 fabricae
1345 1305 1384 1341 in
1395 1306 1562 1354 quinque
1581 1307 1714 1356 capita,

124 1358 201 1396 duo
211 1360 335 1408 prior-a
348 1356 567 1395 absolverim
589 1360 627 1396 ὃς
648 1370 713 1408 per
724 1358 896 1396 accidens
907 1358 1040 1396 duetus
1060 1358 1193 1396 fuerim
1204 1360 1250 1397 ad
1261 1359 1357 1397 hanc
1378 1360 1585 1399 dotti-inam
1596 1362 1640 1398 de
1654 1373 1715 1399 ca-

123 1416 249 1459 meris,
265 1415 285 1450 s
280 1424 462 1463 equuritur
471 1416 543 1461 jam
553 1415 590 1451 in
599 1414 733 1451 ordine
744 1420 940 1467 Aperturae3
957 1412 1019 1452 sub
1031 1427 1104 1463 qua
1117 1415 1277 1453 notione
1294 1417 1581 1466 comprehendo
1594 1446 1603 1461 ,
1616 1416 1710 1465 ostia,

113 1467 304 1520 fenestras,
313 1466 455 1521 grades,
470 1471 619 1506 caminos
630 1462 675 1507 ὠ
684 1467 766 1506 alzos
776 1468 962 1507 condut‘Jua·
974 1483 985 1506 ;
1006 1469 1165 1509 breviter
1175 1473 1308 1509 omnia
1319 1472 1494 1510 emissaria
1506 1483 1568 1510 aut
1578 1473 1713 1510 immis-

71 1522 72 1527 ’
125 1522 232 1568 sarim,
255 1524 301 1561 ad
310 1537 391 1574 quae
404 1526 589 1574 pertinent
599 1525 677 1563 duae
688 1527 896 1563 cautiones.

178 1582 294 1618 Primo
307 1594 317 1615 .·
329 1591 368 1617 ut
380 1580 448 1618 sint
458 1591 532 1618 tam
543 1593 666 1631 paucae
679 1593 839 1620 numero
851 1583 888 1619 in
900 1582 1144 1628 dimensione,
1156 1595 1269 1633 quam
1281 1583 1474 1621 consistere
1485 1583 1607 1633 potest
1619 1594 1709 1621 cunr

125 1637 203 1675 aliis
216 1635 417 1674 necessariis
428 1637 664 1686 respectibus:
686 1649 774 1675 nam
789 1650 867 1676 uno
878 1639 1009 1681 verbo,
1021 1651 1153 1676 omnes
1164 1650 1339 1689 aperturae
1351 1638 1551 1676 infirmant.

153 1689 308 1728 secundo
318 1705 328 1727 .·
341 1703 387 1728 ne
398 1693 552 1728 nimium
565 1694 869 1742 appropinquent
880 1695 1021 1742 angulis
1033 1697 1227 1743 parietum:
1240 1694 1325 1731 ess'et
1336 1695 1435 1730 enim
1449 1694 1640 1731 essentialis
1651 1694 1709 1731 so-

123 1748 312 1786 loecisnius
332 1747 519 1783 infirmare
531 1747 629 1784 illam
642 1758 796 1797 partem,
813 1747 833 1783 a
851 1759 925 1797 qua
937 1758 1088 1798 oportet
1100 1750 1258 1798 reliquas
1271 1749 1460 1786 roborari:
1482 1761 1709 1800 praeceptum

125 1804 221 1842 bene
233 1812 406 1840 notatum
417 1802 463 1838 ab
477 1803 585 1847 Italis,
598 1802 655 1838 sed
668 1804 766 1840 male
777 1802 822 1839 ab
832 1803 913 1853 ipsis
925 1802 1113 1841 servatum.
1123 1803 1321 1853 praesertim
1334 1804 1581 1844 Veneriis,ubi
1593 1804 1713 1842 obser-

124 1861 207 1897 vavi
219 1856 372 1895 diversas
387 1860 555 1909 pergulas
567 1868 630 1895 aut
640 1859 813 1895 meniana
825 1858 883 1903 (ut
895 1859 1086 1896 Vitruvius
1096 1859 1237 1896 videtur
1251 1861 1533 1910 appellare,quae
1545 1864 1624 1898 lunt
1636 1873 1714 1898 cere:

127 1924 171 1952 tae
183 1913 401 1952 balaustratae
412 1916 579 1951 extantiae
591 1913 635 1950 ad
646 1913 942 1951 satisfaciendum
953 1913 1048 1951 visus
1061 1914 1261 1952 curiositati
1276 1917 1403 1962 >valde
1416 1916 1619 1966 periculose
1632 1929 1715 1966 pro-

127 1970 227 2015 jesta.
242 1969 286 2007 ad
298 1969 407 2019 ipsam
421 1971 540 2006 aciem
553 1970 701 2006 muralis
713 1971 849 2019 anguli.
880 1970 998 2007 Porro
1010 1999 1020 2014 ,
1031 1971 1119 2008 licet
1130 1971 1297 2008 festinem
1310 1971 1354 2008 ad
1365 1973 1644 2022 repartitionem
1657 1966 1714 2008 έο-

128 2027 199 2063 tius
211 2026 334 2075 operis
348 2054 357 2070 ,
372 2027 481 2071 (cum
493 2037 616 2062 revera
629 2024 668 2061 sit
679 2023 824 2062 summa
836 2026 1016 2075 perfectio
1027 2025 1133 2071 hujus
1145 2027 1265 2066 Artis,
1289 2027 1499 2064 distribuere
1519 2029 1655 2072 utiliter
1672 2029 1711 2064 ὃς

128 2081 276 2118 venuste
287 2081 382 2118 bene
402 2081 560 2118 ele-&tum
578 2079 798 2128 subjeetum)
815 2091 899 2119 ante
910 2092 1037 2119 tamen
1047 2082 1112 2120 sub
1125 2084 1233 2120 certis
1246 2082 1424 2132 capitibus
1436 2083 1525 2120 libet
1538 2083 1715 2132 colligere

131 2137 289 2174 breviter
299 2137 498 2185 praecipuas
509 2146 629 2181 notas,
644 2148 724 2184 quae
735 2139 918 2186 pertinent
929 2137 974 2173 ad
988 2137 1050 2174 has
1062 2139 1296 2187 particulares
1307 2147 1507 2187 aperturas.

185 2198 238 2230 De
248 2187 384 2242 foribm
398 2184 617 2241 &fenestra
649 2192 744 2229 Haec
755 2191 958 2230 admiffaria
970 2193 1169 2231 hominum
1181 2195 1217 2229 δε
1230 2194 1394 2236 luminis,
1408 2195 1620 2242 conjungo,
1632 2195 1718 2242 quia

130 2249 287 2286 invenio
299 2258 433 2283 eorum
445 2245 694 2283 dimensiones
705 2248 836 2284 relatas
847 2249 891 2284 ad
903 2259 1016 2285 unam
1028 2246 1230 2296 regulama
1242 2253 1354 2284 Leone
1364 2245 1499 2284 Albertz‘
1517 2246 1649 2294 (dosto
1664 2252 1719 2285 in-

132 2304 325 2353 dagatore.
341 2302 354 2350 )
373 2303 438 2350 qui
455 2297 474 2336 ὲ
493 2300 820 2349 Pythagoreorum
832 2302 956 2339 schola
975 2306 1038 2346 (in
1049 2314 1123 2352 qua
1143 2302 1426 2341 fundamentalis
1447 2314 1523 2341 crat
1538 2306 1717 2347 maxima,

132 2360 306 2396 omnium
326 2368 447 2395 rerum
468 2357 649 2405 imagines
660 2358 770 2394 latere
780 2357 842 2393 sub
853 2359 1044 2398 numeris)
1065 2358 1286 2395 determinat
1299 2388 1308 2403 ‚
1333 2359 1628 2397 decentissimam
1647 2359 1704 2396 eff
1697 2372 1717 2396 e

131 2415 422 2466 proportionem
435 2414 528 2449 inter
538 2413 750 2450 latitudines
762 2415 798 2450 ὅ(
811 2413 1022 2450 altitudines
1035 2442 1045 2458 ,
1064 2413 1089 2451 fi
1108 2415 1261 2451 reducas
1272 2415 1520 2462 symmetriam
1542 2415 1717 2464 sympho-

132 2472 205 2508 niae
225 2471 262 2507 ὅ(
274 2468 479 2506 harmonia:
491 2467 681 2508 sonorum,
696 2469 741 2505 ad
752 2468 911 2518 speciem
924 2468 1125 2507 harmonia:
1135 2470 1323 2515 visus,hoc
1336 2470 1466 2507 modo:
1478 2472 1512 2507 D
1521 2482 1572 2508 uae
1584 2472 1717 2520 pi·inci‹

132 2527 234 2577 pales
245 2524 508 2562 consonantiae,
521 2536 601 2573 quae
613 2525 777 2561 maxime
789 2536 891 2561 aures
902 2526 1047 2575 rapiunt
1057 2555 1067 2570 ,
1085 2525 1263 2563 consensu
1274 2536 1408 2562 natura:
1420 2552 1427 2566 ‚
1450 2525 1528 2563 sunt
1540 2527 1667 2573 quinta
1677 2528 1715 2564 ὃ(

135 2582 278 2620 ostava:
290 2592 448 2629 quarum
459 2580 577 2631 prima
588 2579 796 2616 radicaliter
808 2581 965 2630 exsurgit
973 2593 1016 2617 cx
1028 2582 1272 2631 proportione
1284 2583 1378 2618 inter
1389 2581 1463 2618 duo
1475 2581 1511 2617 ἃ
1523 2582 1718 2619 tria:altei·:i

136 2651 181 2676 ex
191 2637 329 2686 duplici
340 2635 536 2674 intervallo
547 2636 641 2672 inter
652 2647 768 2672 unum
781 2638 818 2673 ὃς
829 2635 985 2676 duo‚aut
996 2638 1089 2674 inter
1099 2637 1175 2674 duo
1187 2640 1223 2675 δε
1236 2638 1490 2686 quatuor-‚310
1503 2638 1578 2673 lam
1591 2647 1716 2675 autem

139 2693 165 2731 si
175 2693 238 2730 has
251 2692 517 2743 proportiones
535 2690 794 2728 transferamus
806 2691 851 2728 ab
862 2692 1088 2729 audibilibus
1105 2693 1260 2738 objefitis
1272 2693 1315 2729 ad
1327 2691 1491 2736 visibilia,
1508 2694 1545 2730 ὃ(
1558 2694 1718 2742 applice-

140 2760 223 2786 mus
234 2759 306 2788 eas‚
326 2759 438 2796 quam
450 2746 526 2783 fieri
537 2746 657 2797 potest
667 2745 861 2797 aptiss‘imc3
878 2751 1024 2795 (natura
1035 2749 1112 2784 loci
1124 2748 1264 2798 semper
1283 2747 1528 2794 considerata)
1542 2750 1719 2785 nimitum

141 2805 179 2840 in
195 2802 415 2852 quibusdam
433 2802 596 2840 fenestris
606 2805 641 2840 ὅ(
654 2802 796 2840 foribus
818 2804 1067 2851 symmetriam
1086 2803 1247 2840 duorum
1259 2803 1303 2840 ad
1313 2805 1378 2840 tria
1391 2832 1400 2847 ,
1421 2805 1458 2840 in
1470 2802 1628 2853 ipsarum
1640 2805 1720 2840 latia

142 2859 269 2895 tudine
280 2861 317 2896 ὅ(
327 2859 579 2908 longitudine,
595 2859 633 2894 in
644 2859 719 2896 aliis
732 2859 851 2909 duplo
862 2884 870 2897 ‚
884 2868 923 2895 ut
933 2869 1017 2896 ante
1027 2859 1182 2895 diffitum:
1203 2858 1276 2896 fine
1289 2858 1407 2897 dubio
1419 2860 1463 2896 ab
1482 2860 1653 2896 utralibet
1665 2871 1723 2895 re-

143 2912 286 2952 sultabit
303 2913 453 2954 venusta
472 2917 510 2953 &
529 2914 750 2953 harmonica
764 2915 961 2953 delectatio
980 2914 1026 2952 ad
1044 2915 1194 2953 oculos.
1230 2915 1323 2967 Qoe
1344 2916 1618 2967 contemplatio
1638 2916 1725 2951 licet

1599 2970 1725 3020 vulga-
