2023 3162
532 64 966 102 COMMENTARIVS
1010 74 1068 99 DE
1107 57 1359 102 P1CTVRA.
1699 73 1745 106 63

152 132 298 170 culato,
321 131 424 175 cujus
442 129 608 179 primum
628 129 706 168 usus
727 129 850 178 fuitin
869 131 1085 181 pavimentis
1106 129 1336 168 lithostrotis.
1376 128 1446 166 His
1459 130 1600 181 primus
1614 131 1753 170 famam

152 187 265 231 dedit,
275 186 353 234 qui,
365 195 497 223 autore
510 185 633 224 Plinio
646 215 656 231 ‚
675 186 847 234 Pergami
866 186 987 223 statuit
1003 197 1118 234 quern
1129 197 1272 223 vocant
1289 186 1460 224 asaroton
1476 198 1607 223 oecon.
1683 201 1752 226 uo-

151 243 253 278 niam
266 252 511 292 purgamenta
522 253 644 279 coena:
658 267 665 280 ‚
687 254 849 291 quaeque
861 243 975 279 everti
992 241 1110 278 solent
1121 244 1239 280 veluti
1247 242 1371 284 tellita
1382 270 1391 286 ,
1414 241 1553 279 fecerat
1573 246 1692 293 parvis
1704 257 1749 282 ex

148 297 286 334 testulis
296 298 416 334 tinctis
425 299 460 334 in
473 299 594 334 varios
605 299 765 335 colores.
799 299 851 335 Vt
863 307 990 334 autem
1002 296 1174 335 noscatur
1193 310 1307 347 quam
1317 298 1462 347 elegans
1481 297 1590 335 fuerit
1601 298 1677 336 hoc
1687 312 1748 349 ge-

148 364 219 389 nus
230 353 395 403 picturae,
410 353 511 390 addit
523 354 658 390 codem
678 354 790 390 loeo:
810 353 992 390 Mirabilis
1003 353 1054 390 ibi
1066 355 1244 391 columba
1255 354 1400 397 bibens,
1419 356 1457 390 ὅ(
1467 365 1603 403 aquam
1616 356 1749 393 umbra

148 409 277 459 capitis
296 408 490 446 infuscans.
522 407 1056 459 Api-icanturalize,scabentes
1069 408 1138 446 sese
1151 411 1188 446 in
1210 410 1374 447 canthari
1394 409 1509 446 labro.
1543 411 1597 447 Ex
1609 410 1743 455 humo,

148 466 283 513 inquit,
295 466 505 514 pavimenta
518 465 555 501 in
571 476 733 502 cameras
745 463 913 502 tranfiere
927 494 936 508 ‚
947 467 984 502 ὃς
999 462 1018 501 ὲ
1031 467 1129 503 vitro
1147 464 1226 502 fieri
1243 474 1453 516 coeperunt.
1489 465 1639 503 Claudii
1651 476 1747 505 tem-

147 520 301 570 poribus
321 522 515 558 inventum
534 520 603 559 est,
619 520 794 557 interraso
815 531 1024 559 marmore,
1051 521 1373 571 vermiculatisque
1393 521 1446 557 ad.
1459 520 1598 570 effigies
1619 534 1746 560 rerum

148 576 186 612 ἃ
199 576 418 613 animalium
433 575 570 619 crustis,
582 577 734 625 pingere
754 578 884 613 innatis
897 577 1081 614 marmori
1100 577 1307 614 coloribus.
1344 577 1432 613 Huc
1452 579 1612 626 pertinet
1624 581 1746 627 queri-

147 632 277 669 monia
289 632 348 669 illa
360 633 515 676 autoris,
527 632 673 675 luxum,
687 633 725 668 ὅ(
738 631 878 669 delitias
899 632 1153 682 exprobrantis
1165 631 1230 669 suo
1241 631 1385 670 seculo.
1400 633 1492 670 Non
1503 634 1650 683 placent
1663 664 1673 680 ‚
1692 637 1746 672 in-

148 689 228 737 quit
241 716 250 732 ‚
271 689 342 733 jam
354 687 481 730 abaci,
504 698 575 723 nec
595 685 708 736 spatia
719 688 905 724 montisin
926 688 1104 724 cubiculo
1117 687 1386 736 delitescentia3
1409 691 1594 738 coepimus
1608 692 1645 727 δε
1658 691 1746 741 lapi-

147 744 234 780 dem
247 744 406 792 pingere.
436 741 506 778 Sed
519 744 555 779 &
568 742 675 787 hujus
692 742 995 780 locisententiam
1013 745 1121 780 unius
1142 744 1255 780 literae
1275 744 1434 791 adjectio
1447 747 1623 785 mutavit,
1651 759 1744 784 cuin

146 799 307 849 lapidem
320 809 530 849 perperam,
549 797 908 848 prolapidelegatur.
946 798 1037 834 Non
1058 800 1159 834 enim
1179 798 1262 836 heic
1275 799 1320 836 de
1341 800 1510 849 lapidum
1531 801 1668 850 piCtura
1690 804 1744 839 lo-

148 856 274 903 quitur
285 882 295 898 ,
313 854 371 890 scd
392 853 436 890 de
447 853 586 904 pistura
599 865 680 902 quae
692 852 804 890 fiebat
817 853 965 903 lapideis
984 852 1181 890 teffellulis.
1210 856 1392 903 Lapidem
1403 866 1492 892 vero
1504 859 1652 905 pingere
1663 859 1743 896 Ne-

147 912 251 948 ronis
264 910 496 960 temporibus
506 909 704 946 inventum
716 907 798 952 fuit,
811 911 847 946 ὅ(
863 909 1028 946 maculas
1040 921 1124 958 quae
1136 920 1214 946 non
1225 910 1336 947 effent
1348 913 1387 946 in
1399 910 1522 948 crustis
1533 911 1742 959 inserendo,

147 967 330 1004 unitatem
351 965 504 1003 variare:
530 974 570 1000 ur
588 975 723 1002 ovatus
734 963 817 1001 ess'et
831 964 1061 1003 Numidicus
1071 989 1079 1002 ‚
1100 974 1140 1001 ut
1151 977 1313 1015 purpura
1324 966 1604 1015 distingueretur
1615 969 1742 1007 Sinna„

149 1023 274 1066 diem,
295 1020 545 1070 qualiterillos
564 1019 663 1057 nasci
682 1030 855 1071 optarent
868 1020 1015 1058 delitiae.

146 1129 279 1215 FUit
291 1133 327 1168 δε
341 1131 408 1168 alia
420 1131 594 1180 pingendi
607 1131 832 1180 ratio‚quam
845 1130 1080 1169 encaustieen
1090 1132 1335 1184 appellabant,
1349 1134 1454 1183 quod
1464 1135 1604 1184 pistura
1616 1136 1737 1173 inure-

207 1198 341 1224 rentur.
375 1187 491 1236 idque
503 1188 653 1224 duobus
667 1187 792 1223 modis
804 1215 814 1230 ‚
837 1198 938 1225 cera,
954 1187 990 1223 &
1003 1188 1117 1224 ebore
1131 1188 1261 1233 celim,
1272 1188 1309 1226 id
1323 1189 1389 1227 est,
1404 1192 1576 1228 viriculo.
1613 1190 1740 1229 Hodie

148 1254 307 1291 utraque
326 1244 420 1279 ratio
437 1244 644 1291 ignoratur.
666 1244 704 1279 Si
715 1253 842 1280 tamen
854 1242 903 1279 est
914 1244 1135 1288 conjectura:
1147 1245 1271 1288 locus,
1289 1257 1361 1294 ego
1374 1247 1485 1296 priori
1498 1246 1564 1283 illo
1577 1247 1743 1285 encausti

147 1306 284 1346 genere
297 1298 366 1335 hac
383 1300 526 1336 ratione
538 1299 719 1349 pics'turam
731 1298 886 1335 inustam
898 1298 1001 1336 fnisse
1013 1299 1244 1338 crediderim.
1266 1301 1404 1340 Ceram
1417 1303 1582 1351 primum
1594 1302 1740 1340 indura-

146 1364 225 1390 tam
245 1354 539 1391 medicamentis.
571 1366 614 1391 ex
633 1365 676 1389 ea
694 1354 828 1391 deinde
847 1353 959 1392 facias
972 1354 1072 1393 fuifl'e
1083 1356 1246 1394 tabulas,
1271 1358 1307 1393 in
1319 1358 1450 1405 quibus
1460 1358 1591 1395 formae
1604 1370 1740 1396 eorum

146 1422 226 1460 quae
238 1411 422 1460 pingenda
433 1409 542 1448 effent
552 1410 816 1447 incidebantur.
830 1411 948 1449 Tum,
963 1411 1290 1460 quemadmodum
1301 1413 1338 1448 in
1348 1415 1596 1452 vermiculato
1610 1426 1740 1464 opere,

145 1468 182 1502 in
201 1478 259 1503 eas
277 1465 415 1503 formas
427 1478 535 1504 cavas
547 1467 637 1503 ceris
650 1466 774 1503 inditis
786 1467 875 1504 varii
898 1467 1047 1504 colores
1064 1465 1187 1516 figuris
1200 1467 1487 1509 inducebantur,
1502 1471 1609 1507 nullis
1628 1482 1740 1520 appa-

144 1523 309 1559 rentibus
321 1522 577 1559 commissuris
611 1522 701 1559 Hoc
710 1523 749 1558 in
760 1534 808 1559 eo
818 1534 951 1571 genere
960 1522 1183 1572 praestantissi
1190 1536 1296 1560 mum
1307 1534 1394 1568 erat,
1408 1526 1513 1574 quod
1526 1538 1619 1564 cerae
1631 1526 1736 1577 pictae

145 1580 261 1616 carnis
281 1578 560 1616 similitudinem
581 1577 722 1615 felicius
732 1580 1004 1624 aemularentur,
1016 1590 1131 1628 quam
1151 1577 1174 1614 fi
1194 1578 1315 1616 dilutis
1329 1580 1521 1617 coloribus
1535 1581 1638 1631 pieta:
1655 1581 1736 1618 fuis-

146 1634 236 1671 sent.
268 1635 308 1671 In
321 1635 434 1671 ebore
454 1646 546 1672 vero
557 1632 735 1679 cestro‚id
747 1633 796 1671 est
814 1634 984 1673 viriculo,
1000 1631 1212 1685 pingebant.
1244 1635 1416 1672 Cestrum
1427 1637 1557 1673 Pollux
1575 1637 1652 1686 styli
1671 1650 1735 1687 ge-

145 1701 217 1727 nus
235 1691 504 1741 interpretatur.
535 1691 634 1727 unde
654 1690 822 1733 conjicio
842 1691 892 1727 ita
902 1701 1040 1727 veteres
1062 1691 1168 1727 ebori
1186 1690 1559 1740 pisturaminuffifl'e,
1574 1703 1614 1730 ut
1623 1694 1733 1742 quod

144 1746 376 1796 pingendum
390 1745 474 1783 effer
495 1744 670 1795 graphice
690 1747 850 1795 primum
869 1747 906 1782 in
924 1746 1039 1783 ebore
1057 1746 1324 1783 adumbrarent.
1359 1747 1507 1785 Deinde
1527 1748 1664 1785 servata
1682 1761 1735 1785 ra-

145 1802 249 1837 tione
269 1803 454 1838 luminum
467 1831 476 1845 ‚
495 1801 531 1838 &
550 1801 787 1839 umbrarum,
811 1801 934 1838 eboris
954 1801 1116 1838 candore
1137 1802 1182 1839 ad
1202 1803 1345 1839 lumina
1366 1813 1571 1844 uterentur,
1597 1815 1734 1841 tonum

145 1869 237 1895 vero
252 1886 260 1900 ,
271 1859 306 1894 &
323 1859 490 1894 umbram
505 1882 510 1894 .
525 1857 629 1906 piffls
641 1858 731 1893 ceris
743 1859 1002 1907 exprimerent.
1034 1857 1137 1894 Huic
1158 1860 1284 1907 generi
1297 1859 1443 1908 pieturae
1456 1871 1498 1896 ea
1511 1870 1589 1897 erat
1606 1861 1735 1908 gratia,

145 1912 250 1961 quod
263 1924 348 1949 cum
359 1915 395 1949 in
408 1914 499 1949 ceris
511 1914 610 1949 nitor
631 1912 788 1961 quidem
798 1913 1001 1963 splendeat,
1025 1913 1070 1949 ad
1083 1913 1222 1951 lumina
1234 1914 1478 1964 splendidiore
1491 1916 1623 1952 colore
1636 1927 1735 1966 opus

144 1968 214 2005 fuit
227 1997 236 2013 ‚
255 1968 374 2017 qualis
385 1970 422 2004 in
433 1968 556 2005 eboris
568 1968 730 2005 candore
743 1971 912 2006 cernitur.
944 1969 996 2006 Ea
1006 1968 1075 2005 fuit
1086 1970 1195 2018 igitur
1206 1971 1352 2019 optima
1365 1970 1558 2007 colorandi
1570 1972 1676 2010 ratio.
1694 1981 1733 2008 ut

142 2024 315 2060 colorem
327 2025 457 2060 umbra
469 2025 580 2074 paulo
593 2024 765 2061 dilutiore
777 2024 974 2061 condirent
986 2053 995 2068 ‚
1015 2023 1035 2059 ὲ
1045 2034 1141 2061 tono
1152 2036 1243 2061 vero
1256 2024 1301 2062 ad
1323 2024 1608 2062 intentissimum
1622 2028 1733 2063 colo-

144 2090 225 2114 rem
238 2079 513 2128 progrediendo
534 2080 681 2128 picium
692 2080 820 2116 lumen
832 2079 963 2116 darent
975 2091 1018 2116 ex
1030 2079 1108 2129 ipso
1121 2080 1250 2117 ebore.
1282 2079 1469 2116 Omnibus
1481 2082 1582 2117 enim
1595 2082 1733 2119 colori-

145 2134 213 2170 bus
225 2133 319 2170 bene
331 2133 380 2169 est
391 2145 478 2170 cum
492 2134 591 2170 albo.
606 2134 807 2171 nitentibus
818 2145 906 2170 vero
917 2136 1062 2182 optime
1074 2146 1162 2170 curn
1175 2134 1349 2171 candore.
1380 2135 1453 2171 Hic
1466 2136 1607 2172 candor
1619 2140 1733 2174 maxi-

144 2202 205 2226 me
218 2189 411 2238 inpiiiurff
432 2188 673 2225 muliebribus
693 2189 917 2225 laudabatur.
948 2189 1051 2225 Nam
1071 2191 1108 2226 δε
1128 2190 1301 2227 annulare
1319 2190 1516 2228 candidum
1531 2202 1627 2236 erat,
1652 2206 1731 2242 quo

144 2245 343 2282 muliebres
362 2244 758 2294 pi&uraeillumiiiabaii
763 2254 832 2280 tur.
862 2242 1024 2280 ldfiebat
1045 2255 1088 2281 ex
1102 2255 1220 2284 creta,
1244 2245 1418 2282 admixtis
1438 2247 1559 2284 vitreis
1570 2251 1730 2296 gemmis

146 2314 190 2338 ex
202 2302 302 2349 vulgi
313 2301 478 2344 annulis,
489 2300 586 2337 unde
598 2302 635 2337 ὅ(
646 2301 821 2337 annulare
833 2292 972 2336 diCtum
985 2298 1097 2345 fuisse,
1109 2311 1216 2338 autor
1226 2300 1275 2337 est
1286 2297 1437 2338 Plinius.
1468 2303 1592 2352 Itaque
1606 2306 1643 2341 ὅ(
1654 2304 1732 2342 hoc

144 2355 297 2393 incausti
309 2367 444 2406 genere
462 2365 600 2392 veteres
612 2354 811 2392 utebantur
822 2355 868 2391 ad
885 2355 1087 2404 pingendas
1106 2357 1308 2394 mulierum
1328 2356 1400 2393 effi
1388 2358 1476 2406 gies.
1506 2360 1595 2396 Lala
1618 2361 1674 2408 Cy
1678 2362 1732 2396 zi-

144 2424 236 2449 cena
251 2424 340 2449 cum
360 2414 398 2449 ὃς
411 2412 587 2462 penicillo
598 2411 783 2460 pingeret,
807 2412 924 2460 pinxit
942 2411 978 2447 δέ
997 2410 1114 2448 cestro
1127 2413 1163 2448 in
1174 2412 1287 2449 ebore
1299 2441 1309 2457 ‚
1332 2414 1513 2462 imagines
1526 2415 1729 2454 mulierum

143 2469 318 2505 maxime.
340 2468 425 2504 Inde
436 2468 603 2511 conjicio
614 2479 700 2504 eum
711 2465 810 2503 fuisse
824 2465 928 2503 usum
940 2466 1062 2504 eboris
1073 2469 1111 2504 in
1123 2468 1339 2506 encaustice.
1360 2470 1443 2506 lmo
1455 2471 1501 2507 ita
1513 2469 1625 2510 fuisse,
1639 2484 1728 2520 qua-

143 2523 234 2560 libet
254 2522 448 2574 sponfione
468 2524 584 2560 libens
603 2521 821 2559 ass'cruerim.
852 2522 1027 2560 Tertium
1047 2523 1209 2561 encausti
1228 2536 1342 2573 genus
1361 2524 1509 2563 access'it
1522 2555 1531 2570 ,
1563 2527 1731 2564 resolutis

144 2581 222 2629 igni
232 2582 335 2617 ceris,
348 2579 536 2629 penicillo.
557 2578 663 2626 quod
675 2578 820 2628 piClurae
833 2590 948 2627 genus
961 2581 996 2615 in
1015 2580 1170 2617 navibus
1182 2591 1252 2616 nec
1264 2580 1359 2620 sole,
1374 2593 1443 2618 nec
1456 2581 1524 2618 sale
1537 2610 1547 2625 ‚
1566 2584 1727 2621 ventisve

145 2636 468 2685 corrumpebatur.
499 2634 588 2671 Ideo
609 2645 687 2670 non
706 2644 852 2671 tantum
873 2633 1042 2671 classibus
1056 2634 1230 2672 familiare
1242 2635 1332 2675 fuit,
1352 2636 1622 2675 sed&navibus
1634 2650 1726 2675 one-

144 2692 258 2728 rariis.
271 2692 330 2728 De
340 2689 565 2728 encaustices
575 2690 766 2726 autoribus
777 2689 887 2727 verba
899 2690 1005 2727 Plinii
1015 2702 1215 2741 apponam.
1226 2692 1344 2739 Ceris,
1357 2693 1492 2742 inquit,
1504 2694 1665 2742 pingere.
1681 2706 1727 2732 ac

142 2748 320 2797 pie'turam
330 2748 483 2784 inurere,
496 2746 577 2794 quis
590 2747 728 2796 primus
740 2747 1019 2799 excogitaverit,
1033 2758 1110 2783 non
1124 2746 1279 2784 constat.
1311 2748 1478 2797 Qidam
1497 2748 1660 2787 Aristidis
1673 2752 1727 2786 in-

144 2812 301 2840 ventum
321 2813 465 2852 putant.
485 2801 612 2851 postea
631 2799 933 2839 consummatum
952 2801 971 2838 ἐι
990 2803 1180 2840 Praxitele.
1211 2803 1284 2840 Sed
1302 2804 1493 2852 aliquanto
1511 2805 1725 2842 vetustiores

147 2858 363 2896 encausticae
383 2859 534 2908 pieiurae
545 2858 718 2900 extitere,
737 2868 778 2894 ur
797 2857 1018 2906 Polygnoti,
1043 2860 1080 2895 &
1101 2860 1300 2896 Nicanoris
1313 2859 1369 2904 ‚Sc
1382 2860 1729 2905 Archesilaifflario-

145 2926 242 2952 rum.
272 2913 452 2966 Lysippus
463 2924 616 2964 quoque
629 2910 777 2962 AEginae
789 2913 934 2965 picturae
944 2913 1012 2951 suae
1024 2912 1218 2967 inscripsit,
1240 2912 1418 2962 E’ynoodozt.
1438 2917 1541 2966 quod
1559 2915 1729 2967 profeClo

1649 2983 1729 3008 non
