2023 3162
237 32 286 76 46
516 23 816 62 Pomomvs
858 21 1133 61 Gaviixcvs
1174 30 1232 56 DE
1268 19 1585 58 chrprvna.

236 93 410 132 desuevit.
430 89 579 128 Dehine
600 90 954 137 carnintelligamus‚
970 100 1050 135 quae
1069 84 1147 137 ipso
1170 86 1344 124 tractatur
1357 85 1528 123 encausto
1551 85 1839 136 quodSmalton

240 160 380 189 vocant
397 178 406 194 ‚
427 146 710 194 usitarissimam5
732 156 851 194 quom
869 143 1044 181 videlicet
1065 152 1286 191 argentum,
1305 153 1353 178 aes
1367 170 1376 185 ,
1394 143 1608 191 vitrumque
1627 143 1832 194 pingimus.

242 207 279 244 id
301 207 402 242 enim
415 202 781 255 pantochromaton‚
806 199 883 236 hoc
899 198 1043 236 modo:
1072 198 1229 234 Teritur
1246 195 1530 233 subtilissimejn
1553 199 1764 248 pui‘verem,
1789 198 1842 235 su-

240 260 471 312 perfunditur
482 259 615 296 deinde
627 269 732 306 aqua,
751 255 922 304 styloque
934 257 971 291 in
983 253 1208 305 pingendam
1222 262 1364 303 partem
1375 253 1574 298 inducitur,
1592 253 1783 305 postremo
1795 253 1842 291 ad

244 318 513 366 eliquationem
532 315 709 351 aduritur.

295 373 463 411 matrice,
486 369 554 407 fic:
588 370 698 406 Fiunt
718 367 763 404 de
784 367 910 416 argilla
931 366 967 402 in
987 377 1077 403 eum
1096 375 1210 413 quem
1223 364 1381 401 diximus
1402 375 1551 400 morem
1569 363 1732 413 effigies:
1755 363 1843 402 ares-

243 440 352 468 cunt,
374 427 496 476 figlina
513 424 796 473 decoquuntur.
828 421 1026 459 Postremo
1047 419 1305 469 (quoniamid
1315 420 1554 457 membratim
1570 420 1582 464 ')
1606 420 1844 469 conglutina-

243 496 306 522 tur
326 484 424 521 colla
447 479 466 517 ὲ
489 482 570 519 viva
582 482 682 518 calce
695 479 731 516 ὅ(
741 479 927 516 albumine
937 489 1122 515 ovorum,
1139 477 1324 513 continuo
1337 475 1465 512 statim.
1490 475 1716 513 Inducuntur
1727 477 1764 512 δ(
1777 487 1845 512 no-

245 538 389 578 vissime
402 538 550 575 colores
570 538 716 574 linaceo
736 545 910 572 nuceove
922 535 1039 570 olivo.
1055 533 1288 583 Qanquam
1307 543 1377 568 nec
1389 531 1597 581 pistoribus
1618 531 1750 568 debere
1764 542 1844 568 coe-

247 596 369 647 perint
387 595 423 630 in
434 592 600 631 Etnruria
612 592 751 638 P-lastae3
773 588 953 627 encausto
964 590 1065 626 enim
1077 589 1270 625 dcvitrant.
1714 586 1718 590 ’

301 649 525 700 Proplastice
544 659 669 687 autem
689 646 824 684 dicitur
836 674 846 690 ‚
865 656 989 693 quom
1009 644 1121 681 futuri
1138 646 1260 693 operis
1277 642 1440 680 formam
1451 643 1584 680 Plastes
1602 652 1701 679 creta
1717 642 1823 693 fingit
1838 655 1847 678 τ

245 707 363 745 veluti
384 717 502 754 quom
520 703 685 754 sculptor
696 714 796 740 cera:
819 712 1022 751 protypus‚
1046 703 1083 738 ὃς
1102 699 1460 749 ειῑεὴίῑεᾶιιεὶίἓηεο
1476 699 1646 736 modulo.
1669 698 1845 736 Maximo

246 763 327 800 haec
338 762 429 798 olim
441 762 478 797 in
491 758 563 808 usn5
578 759 667 797 nihil
679 758 755 797 fere
766 757 1037 795 moliebantur,
1059 754 1124 792 nlfi
1136 767 1180 792 ex
1194 754 1418 805 Proplastice
1432 777 1442 803 3
1454 767 1497 792 ex
1507 767 1549 792 ea
1560 756 1658 791 enim
1671 757 1708 792 ὃ(
1722 754 1847 792 futura

247 817 571 868 deprehenduntur
580 826 697 853 errata
708 844 718 860 ,
733 814 769 851 δέ
781 813 887 850 nullo
900 811 1108 862 priusquam
1122 810 1209 848 fiant
1221 811 1476 848 incommodo
1489 810 1729 860 castigantur3
1751 812 1847 847 mul-

246 883 367 923 toque
380 873 496 917 aliter,
510 884 623 921 quam
633 871 686 909 isti
698 869 809 908 nostri
820 869 1039 918 opinantur,
1057 865 1129 917 ipsa
1140 877 1196 903 res
1209 867 1316 903 citius
1328 867 1556 917 expedietur,
1569 865 1763 918 proposito
1775 868 1848 913 jam

248 929 450 979 exemplari
460 927 563 977 quod
574 929 738 965 imiteris.

302 986 470 1022 Tomice
482 995 573 1021 vero
592 980 857 1033 fimpliciffima
876 980 1051 1018 omniurn
1071 979 1207 1030 species
1221 1008 1230 1022 ‚
1253 988 1386 1028 utquae
1407 978 1479 1029 ipsa
1498 978 1771 1016 tantummodo
1792 978 1849 1016 se-

247 1041 385 1085 ctione,
397 1040 555 1089 glutino,
574 1038 609 1074 ἃ·
621 1039 867 1088 picturatione
880 1035 1100 1087 perficiatur.
1132 1034 1331 1072 Glutinum
1349 1045 1474 1072 autem
1487 1037 1563 1082 ejus
1576 1035 1848 1083 ichthyocolla:

247 1098 342 1134 Item
356 1098 447 1133 calx,
462 1094 652 1138 mastiche,
665 1092 876 1142 castusque,
889 1093 967 1142 pari
978 1091 1166 1143 portione,
1181 1089 1289 1127 simul
1300 1091 1478 1127 omnibus
1490 1092 1672 1128 contritis.

302 1151 592 1200 Paradigmatice
613 1150 753 1187 itidem.
785 1150 1052 1199 Exprimuntur
1072 1157 1169 1183 creta
1189 1158 1315 1183 cerave
1331 1146 1488 1195 liquenti
1508 1145 1647 1195 effigies
1660 1172 1668 1185 ,
1694 1146 1849 1197 gypsum

246 1220 339 1253 mox
358 1206 575 1246 infunditur,
600 1205 734 1243 deinde
754 1204 860 1241 calda
871 1215 986 1253 aqua:
1009 1204 1073 1240 ubi
1092 1201 1307 1239 dissolutum
1326 1201 1505 1253 saponem
1524 1202 1654 1239 feceris
1669 1201 1735 1245 ‚ad
1754 1212 1849 1238 mar-

245 1264 370 1301 morei
389 1263 521 1300 nitoris
539 1263 695 1313 gratiam
715 1260 934 1299 inebriatur.
982 1258 1163 1297 Defectus
1182 1268 1309 1295 autern
1328 1257 1441 1309 gypso
1460 1257 1577 1295 rursus
1599 1256 1726 1294 addito
1746 1255 1851 1294 casti-

249 1330 366 1370 gatut.

305 1375 506 1425 Colaptice
518 1374 648 1411 itidem
659 1373 836 1424 scalpello
846 1370 1045 1423 perficitur.
1065 1371 1162 1409 lima,
1176 1370 1410 1420 terebroque,
1427 1368 1472 1407 ad
1485 1370 1645 1408 nitorem
1655 1366 1851 1419 p0stremo

247 1430 368 1482 ipsum
388 1430 537 1481 lympha
550 1430 586 1467 δε
596 1431 758 1480 pumice.
789 1429 988 1466 Glutinum
1000 1438 1102 1469 vero,
1116 1426 1141 1463 si
1151 1426 1240 1476 quid
1251 1425 1346 1463 forte
1360 1425 1549 1471 acciderit,
1565 1426 1642 1463 hoc
1654 1451 1662 1464 ‚
1686 1422 1853 1462 mansam

250 1485 470 1531 mastichen,
485 1495 595 1535 atque
608 1487 646 1522 in
657 1496 748 1522 cerae
767 1484 927 1522 modum
938 1484 1202 1534 perdomitam,
1220 1481 1338 1519 statim
1350 1480 1598 1531 adapplicato.
1622 1481 1720 1517 Item
1733 1478 1769 1515 ὃ(
1781 1478 1831 1516 fic
1844 1493 1855 1516 ε

250 1542 380 1580 Picem
391 1572 402 1588 ‚
414 1544 641 1586 armenium,
652 1552 779 1578 ceram
788 1540 1003 1584 admisceto‚
1020 1541 1056 1577 ὃ(
1070 1537 1313 1576 concalfastis
1329 1537 1515 1576 frontibus
1526 1536 1745 1575 admoveto.
1776 1533 1854 1572 Sed

252 1610 331 1647 quo
341 1610 396 1636 res
409 1597 614 1648 expeditior
625 1596 689 1634 fiat
699 1625 709 1641 ,
722 1596 772 1633 ‘in
785 1597 969 1647 colaptice
988 1595 1065 1633 haec
1078 1593 1324 1632 observanda:
1344 1593 1527 1643 Lapidem
1545 1592 1703 1630 dimetiri
1718 1592 1756 1627 in
1768 1591 1854 1628 lon-

253 1665 347 1703 gum
358 1653 592 1704 septempeda
602 1651 1023 1704 perpendiculari3quam
1035 1651 1374 1688 discriminatricem
1387 1650 1665 1701 appellavimus:
1675 1648 1769 1684 linea
1777 1657 1858 1683 me-

256 1709 432 1747 dietatem
442 1710 602 1747 definiri:
617 1722 662 1746 ex
672 1708 892 1747 intersecatu
902 1707 1224 1745 semicirculorum
1237 1707 1391 1756 planum
1412 1705 1600 1755 designari.
1621 1704 1722 1740 Hinc
1742 1713 1856 1751 atque

255 1767 343 1803 inde
356 1766 475 1817 pedali
488 1764 680 1804 mensione
691 1776 827 1815 corpus
847 1766 885 1801 in
897 1765 1015 1802 latum
1034 1762 1194 1800 definiri:
1217 1763 1374 1799 Circino
1386 1761 1422 1798 δε
1433 1763 1508 1800 oris
1521 1763 1558 1798 δε
1569 1760 1774 1798 oculorum
1784 1768 1855 1808 po·

254 1820 402 1858 lituram
414 1821 655 1873 deprehendi,
678 1822 796 1858 altero
808 1820 901 1871 pede
922 1820 1057 1857 statuto
1069 1820 1105 1856 in
1118 1818 1428 1870 perpendiculari,
1455 1818 1493 1855 &
1503 1819 1619 1856 altero
1632 1815 1678 1852 ad
1688 1820 1854 1851 extrema

255 1877 449 1926 perducto.
469 1878 541 1914 Sed
553 1879 589 1914 in
602 1877 855 1915 Academiam
869 1874 964 1913 hanc
974 1875 1139 1913 nostram
1151 1869 1412 1926 dwwp-z'rffl&
1423 1885 1549 1910 nemo.
1571 1872 1716 1908 Harum
1729 1877 1857 1910 autem

254 1932 441 1980 originem
460 1930 542 1968 sane
559 1932 757 1980 quondam
775 1933 869 1969 olim
888 1932 934 1968 de
955 1928 1143 1980 AEgyptio
1165 1930 1355 1967 sacerdote
1381 1929 1499 1966 Solon
1511 1926 1719 1975 acceperit:
1743 1923 1856 1961 nobis

255 1986 411 2036 quidem
422 1987 562 2037 semper
572 1987 745 2036 puellulis
755 1988 943 2022 nonlicet.
974 1985 1157 2022 Plasticen
1170 1996 1296 2022 tamen
1309 1983 1421 2033 ipsam
1445 1982 1642 2020 Chaldaeus
1653 1977 1780 2018 Moses
1791 1990 1855 2015 an-

255 2040 496 2090 tiquissimam
517 2041 565 2078 est
576 2041 741 2079 testatus:
771 2040 867 2078 haud
887 2039 1064 2089 equidem
1082 2041 1227 2090 inepte,
1249 2040 1352 2084 cujus
1362 2037 1497 2077 author
1516 2034 1703 2085 Deusipse
1714 2036 1857 2085 primus

259 2098 430 2136 extiterit.
445 2098 583 2147 Neque
594 2108 683 2134 vero
694 2098 796 2133 aliter
806 2095 919 2133 videri
929 2095 1054 2139 debet,
1066 2107 1194 2144 quarn,
1207 2096 1398 2144 optimum
1409 2105 1496 2130 eum
1506 2092 1608 2130 fuiss'e
1619 2089 1857 2141 plastam,qui

346 2153 416 2192 hos
428 2164 505 2192 tam
515 2152 778 2191 admirabiliter
788 2150 949 2189 mundos
960 2152 1009 2187 ita
1019 2149 1206 2188 formavit.
1242 2151 1368 2187 Tanta
1379 2162 1470 2188 vero
1482 2148 1647 2199 plastices
1657 2145 1764 2194 hujus

462 2208 662 2248 authoritas
675 2238 685 2253 ,
708 2218 749 2245 ut
759 2219 842 2244 eam
853 2207 1026 2243 nonnulli
1044 2205 1239 2256 sculptura:
1252 2216 1408 2243 matrem
1421 2205 1649 2255 appellarint.

533 2266 664 2303 Fertur
676 2266 713 2303 δε
725 2265 744 2302 a
764 2262 968 2301 Dibutiade
981 2263 1160 2309 Sicyonio
1181 2262 1356 2299 Corinthi
1366 2262 1575 2306 adinventa,

765 2319 969 2357 deamantis
988 2317 1112 2356 filiolae
1132 2317 1337 2355 beneficio.

1666 2879 1859 2928 ‘Lu-DQ⁸
