<?xml version="1.0" encoding="UTF-8"?>
<!DOCTYPE html PUBLIC "-//W3C//DTD XHTML 1.0 Transitional//EN"
    "http://www.w3.org/TR/xhtml1/DTD/xhtml1-transitional.dtd">
<html xmlns="http://www.w3.org/1999/xhtml" xml:lang="en" lang="en">
 <head>
  <title>
</title>
<meta http-equiv="Content-Type" content="text/html;charset=utf-8" />
  <meta name='ocr-system' content='tesseract 3.04.00' />
  <meta name='ocr-capabilities' content='ocr_page ocr_carea ocr_par ocr_line ocrx_word'/>
</head>
<body>
  <div class='ocr_page' id='page_1' title='image "./vitruviipollioni00vitr_0055.png"; bbox 0 0 2023 3162; ppageno 0'>
   <div class='ocr_carea' id='block_1_1' title="bbox 518 56 1738 111">
    <p class='ocr_par' dir='ltr' id='par_1_1' title="bbox 518 56 1738 111">
     <span class='ocr_line' id='line_1_1' title="bbox 518 56 1738 111; baseline 0.002 -12"><span class='ocrx_word' id='word_1_1' title='bbox 518 72 584 99; x_wconf 66' lang='lat' dir='ltr'>niz</span> <span class='ocrx_word' id='word_1_2' title='bbox 631 56 1408 100; x_wconf 60' lang='lat' dir='ltr'>ARCHITECTVRA&#39;L13.1.1</span> <span class='ocrx_word' id='word_1_3' title='bbox 1715 79 1738 111; x_wconf 91' lang='lat'>9</span> 
     </span>
    </p>
   </div>
   <div class='ocr_carea' id='block_1_2' title="bbox 159 126 1877 2899">
    <p class='ocr_par' dir='ltr' id='par_1_2' title="bbox 159 126 1877 2771">
     <span class='ocr_line' id='line_1_2' title="bbox 161 126 1739 183; baseline 0.001 -14"><span class='ocrx_word' id='word_1_4' title='bbox 161 140 324 182; x_wconf 85' lang='lat' dir='ltr'>corpora</span> <span class='ocrx_word' id='word_1_5' title='bbox 335 126 424 166; x_wconf 86' lang='lat' dir='ltr'>fiant</span> <span class='ocrx_word' id='word_1_6' title='bbox 436 127 639 167; x_wconf 86' lang='lat' dir='ltr'>imbecilla:</span> <span class='ocrx_word' id='word_1_7' title='bbox 663 131 700 166; x_wconf 84' lang='lat'>&amp;</span> <span class='ocrx_word' id='word_1_8' title='bbox 711 141 776 179; x_wconf 89' lang='lat' dir='ltr'>per</span> <span class='ocrx_word' id='word_1_9' title='bbox 788 126 963 177; x_wconf 77' lang='lat' dir='ltr'>hyemem</span> <span class='ocrx_word' id='word_1_10' title='bbox 976 158 985 173; x_wconf 92' lang='lat'>,</span> <span class='ocrx_word' id='word_1_11' title='bbox 1005 131 1118 167; x_wconf 84' lang='lat' dir='ltr'>etiam</span> <span class='ocrx_word' id='word_1_12' title='bbox 1130 141 1210 178; x_wconf 86' lang='lat' dir='ltr'>quae</span> <span class='ocrx_word' id='word_1_13' title='bbox 1229 129 1298 167; x_wconf 87' lang='lat' dir='ltr'>sirit</span> <span class='ocrx_word' id='word_1_14' title='bbox 1315 128 1606 180; x_wconf 77' lang='lat' dir='ltr'>pestilentiss‘iniae</span> <span class='ocrx_word' id='word_1_15' title='bbox 1615 134 1739 183; x_wconf 88' lang='lat' dir='ltr'>regio-</span> 
     </span>
     <span class='ocr_line' id='line_1_3' title="bbox 160 184 1738 234; baseline 0.001 -10"><span class='ocrx_word' id='word_1_16' title='bbox 160 199 225 224; x_wconf 89' lang='lat' dir='ltr'>nes</span> <span class='ocrx_word' id='word_1_17' title='bbox 236 213 244 226; x_wconf 90' lang='lat'>,</span> <span class='ocrx_word' id='word_1_18' title='bbox 258 184 468 224; x_wconf 85' lang='lat' dir='ltr'>efficiantur</span> <span class='ocrx_word' id='word_1_19' title='bbox 478 184 645 222; x_wconf 75' lang='lat' dir='ltr'>salubres,</span> <span class='ocrx_word' id='word_1_20' title='bbox 660 185 747 221; x_wconf 90' lang='lat' dir='ltr'>ideo</span> <span class='ocrx_word' id='word_1_21' title='bbox 759 184 863 232; x_wconf 88' lang='lat' dir='ltr'>quod</span> <span class='ocrx_word' id='word_1_22' title='bbox 883 184 903 220; x_wconf 72' lang='lat' dir='ltr'>a</span> <span class='ocrx_word' id='word_1_23' title='bbox 915 185 1259 234; x_wconf 80' lang='lat' dir='ltr'>refrigerationibus</span> <span class='ocrx_word' id='word_1_24' title='bbox 1276 185 1484 223; x_wconf 81' lang='lat' dir='ltr'>solidantur.</span> <span class='ocrx_word' id='word_1_25' title='bbox 1498 187 1591 224; x_wconf 91' lang='lat' dir='ltr'>Non</span> <span class='ocrx_word' id='word_1_26' title='bbox 1613 192 1738 226; x_wconf 88' lang='lat' dir='ltr'>minus</span> 
     </span>
     <span class='ocr_line' id='line_1_4' title="bbox 159 239 1738 294; baseline 0.001 -15"><span class='ocrx_word' id='word_1_27' title='bbox 159 244 272 279; x_wconf 87' lang='lat' dir='ltr'>etiam</span> <span class='ocrx_word' id='word_1_28' title='bbox 291 240 397 290; x_wconf 87' lang='lat' dir='ltr'>quod</span> <span class='ocrx_word' id='word_1_29' title='bbox 417 253 498 289; x_wconf 82' lang='lat' dir='ltr'>quae</span> <span class='ocrx_word' id='word_1_30' title='bbox 511 240 530 276; x_wconf 77' lang='lat' dir='ltr'>a</span> <span class='ocrx_word' id='word_1_31' title='bbox 540 239 676 289; x_wconf 77' lang='lat' dir='ltr'>frigidis</span> <span class='ocrx_word' id='word_1_32' title='bbox 687 240 901 289; x_wconf 80' lang='lat' dir='ltr'>regionibus</span> <span class='ocrx_word' id='word_1_33' title='bbox 913 252 1074 290; x_wconf 87' lang='lat' dir='ltr'>corpora</span> <span class='ocrx_word' id='word_1_34' title='bbox 1091 240 1379 278; x_wconf 79' lang='lat' dir='ltr'>traducunturin</span> <span class='ocrx_word' id='word_1_35' title='bbox 1391 242 1523 279; x_wconf 86' lang='lat' dir='ltr'>calidas</span> <span class='ocrx_word' id='word_1_36' title='bbox 1535 268 1543 281; x_wconf 86' lang='lat'><strong>‚</strong></span> <span class='ocrx_word' id='word_1_37' title='bbox 1565 254 1642 280; x_wconf 93' lang='lat' dir='ltr'>non</span> <span class='ocrx_word' id='word_1_38' title='bbox 1655 243 1738 294; x_wconf 82' lang='lat' dir='ltr'>pos-</span> 
     </span>
     <span class='ocr_line' id='line_1_5' title="bbox 159 292 1737 348; baseline 0.001 -14"><span class='ocrx_word' id='word_1_39' title='bbox 159 297 240 334; x_wconf 86' lang='lat' dir='ltr'>sunt</span> <span class='ocrx_word' id='word_1_40' title='bbox 251 297 400 341; x_wconf 80' lang='lat' dir='ltr'>durare,</span> <span class='ocrx_word' id='word_1_41' title='bbox 422 295 480 332; x_wconf 76' lang='lat' dir='ltr'>[ed</span> <span class='ocrx_word' id='word_1_42' title='bbox 498 292 753 332; x_wconf 77' lang='lat' dir='ltr'>dillblvuntiir.</span> <span class='ocrx_word' id='word_1_43' title='bbox 771 296 866 347; x_wconf 81' lang='lat' dir='ltr'>Qae</span> <span class='ocrx_word' id='word_1_44' title='bbox 886 305 1011 333; x_wconf 85' lang='lat' dir='ltr'>autem</span> <span class='ocrx_word' id='word_1_45' title='bbox 1024 308 1068 333; x_wconf 85' lang='lat' dir='ltr'>cx</span> <span class='ocrx_word' id='word_1_46' title='bbox 1089 296 1217 333; x_wconf 89' lang='lat' dir='ltr'>calidis</span> <span class='ocrx_word' id='word_1_47' title='bbox 1238 297 1345 335; x_wconf 88' lang='lat' dir='ltr'>locis,</span> <span class='ocrx_word' id='word_1_48' title='bbox 1360 297 1380 332; x_wconf 91' lang='lat' dir='ltr'>s</span> <span class='ocrx_word' id='word_1_49' title='bbox 1376 298 1424 334; x_wconf 88' lang='lat' dir='ltr'>ub</span> <span class='ocrx_word' id='word_1_50' title='bbox 1443 296 1737 348; x_wconf 83' lang='lat' dir='ltr'>septentrionum</span> 
     </span>
     <span class='ocr_line' id='line_1_6' title="bbox 160 349 1741 402; baseline 0 -12"><span class='ocrx_word' id='word_1_51' title='bbox 160 354 331 402; x_wconf 80' lang='lat' dir='ltr'>regiones</span> <span class='ocrx_word' id='word_1_52' title='bbox 343 352 507 400; x_wconf 82' lang='lat' dir='ltr'>frigidas,</span> <span class='ocrx_word' id='word_1_53' title='bbox 528 362 606 387; x_wconf 89' lang='lat' dir='ltr'>non</span> <span class='ocrx_word' id='word_1_54' title='bbox 619 349 739 387; x_wconf 92' lang='lat' dir='ltr'>modo</span> <span class='ocrx_word' id='word_1_55' title='bbox 751 362 830 387; x_wconf 87' lang='lat' dir='ltr'>non</span> <span class='ocrx_word' id='word_1_56' title='bbox 841 351 1280 391; x_wconf 81' lang='lat' dir='ltr'>laborantimmutatione</span> <span class='ocrx_word' id='word_1_57' title='bbox 1292 353 1369 389; x_wconf 93' lang='lat' dir='ltr'>loci</span> <span class='ocrx_word' id='word_1_58' title='bbox 1379 353 1647 390; x_wconf 82' lang='lat' dir='ltr'>valetudinibus</span> <span class='ocrx_word' id='word_1_59' title='bbox 1659 382 1668 398; x_wconf 92' lang='lat'>,</span> <span class='ocrx_word' id='word_1_60' title='bbox 1679 353 1741 391; x_wconf 89' lang='lat' dir='ltr'>sed</span> 
     </span>
     <span class='ocr_line' id='line_1_7' title="bbox 160 406 1741 446; baseline 0 -1"><span class='ocrx_word' id='word_1_61' title='bbox 160 411 274 446; x_wconf 88' lang='lat' dir='ltr'>ctiam</span> <span class='ocrx_word' id='word_1_62' title='bbox 293 406 572 444; x_wconf 82' lang='lat' dir='ltr'>confirmantur.</span> <span class='ocrx_word' id='word_1_63' title='bbox 647 417 730 443; x_wconf 84' lang='lat' dir='ltr'>nare</span> <span class='ocrx_word' id='word_1_64' title='bbox 743 407 950 444; x_wconf 88' lang='lat' dir='ltr'>cavendum</span> <span class='ocrx_word' id='word_1_65' title='bbox 962 407 1030 444; x_wconf 66' lang='lat' dir='ltr'>css&#39;e</span> <span class='ocrx_word' id='word_1_66' title='bbox 1040 406 1186 445; x_wconf 81' lang='lat' dir='ltr'>videtur</span> <span class='ocrx_word' id='word_1_67' title='bbox 1196 409 1233 444; x_wconf 90' lang='lat' dir='ltr'>in</span> <span class='ocrx_word' id='word_1_68' title='bbox 1244 408 1430 445; x_wconf 85' lang='lat' dir='ltr'>moenibus</span> <span class='ocrx_word' id='word_1_69' title='bbox 1442 409 1673 446; x_wconf 81' lang='lat' dir='ltr'>collocandis</span> <span class='ocrx_word' id='word_1_70' title='bbox 1695 409 1741 445; x_wconf 91' lang='lat' dir='ltr'>ab</span> 
     </span>
     <span class='ocr_line' id='line_1_8' title="bbox 159 461 1877 528; baseline 0 -27"><span class='ocrx_word' id='word_1_71' title='bbox 159 466 202 502; x_wconf 86' lang='lat' dir='ltr'>iis</span> <span class='ocrx_word' id='word_1_72' title='bbox 214 463 525 512; x_wconf 79' lang='lat' dir='ltr'>regionibu5,quae</span> <span class='ocrx_word' id='word_1_73' title='bbox 537 461 850 499; x_wconf 81' lang='lat' dir='ltr'>caloribus‚flatus</span> <span class='ocrx_word' id='word_1_74' title='bbox 860 461 905 498; x_wconf 84' lang='lat' dir='ltr'>ad</span> <span class='ocrx_word' id='word_1_75' title='bbox 917 473 1077 512; x_wconf 86' lang='lat' dir='ltr'>corpora</span> <span class='ocrx_word' id='word_1_76' title='bbox 1089 463 1287 500; x_wconf 85' lang='lat' dir='ltr'>hominum</span> <span class='ocrx_word' id='word_1_77' title='bbox 1299 463 1444 513; x_wconf 78' lang='lat' dir='ltr'>poss&#39;unt</span> <span class='ocrx_word' id='word_1_78' title='bbox 1455 463 1740 515; x_wconf 85' lang='lat' dir='ltr'>spargere.Nam</span> <span class='ocrx_word' id='word_1_79' title='bbox 1751 491 1789 519; x_wconf 78' lang='lat' dir='ltr'>Al</span> <span class='ocrx_word' id='word_1_80' title='bbox 1796 489 1820 528; x_wconf 74' lang='lat' dir='ltr'><em>fl</em></span> <span class='ocrx_word' id='word_1_81' title='bbox 1817 500 1834 518; x_wconf 84' lang='lat' dir='ltr'>a</span> <span class='ocrx_word' id='word_1_82' title='bbox 1836 498 1857 520; x_wconf 48' lang='lat' dir='ltr'>tt</span> <span class='ocrx_word' id='word_1_83' title='bbox 1856 501 1877 520; x_wconf 69' lang='lat' dir='ltr'>a</span> 
     </span>
     <span class='ocr_line' id='line_1_9' title="bbox 161 512 1842 570; baseline 0 -14"><span class='ocrx_word' id='word_1_84' title='bbox 161 532 205 556; x_wconf 83' lang='lat' dir='ltr'>cx</span> <span class='ocrx_word' id='word_1_85' title='bbox 217 519 398 569; x_wconf 85' lang='lat' dir='ltr'>principiis</span> <span class='ocrx_word' id='word_1_86' title='bbox 409 544 417 557; x_wconf 90' lang='lat'><em>,</em></span> <span class='ocrx_word' id='word_1_87' title='bbox 438 530 517 566; x_wconf 80' lang='lat' dir='ltr'>quae</span> <span class='ocrx_word' id='word_1_88' title='bbox 530 517 649 554; x_wconf 79' lang='lat' dir='ltr'>Graeci</span> <span class='ocrx_word' id='word_1_89' title='bbox 671 518 800 562; x_wconf 65' lang='grc' dir='ltr'>ςωχεῖα,</span> <span class='ocrx_word' id='word_1_90' title='bbox 809 519 993 567; x_wconf 87' lang='lat' dir='ltr'>appellant</span> <span class='ocrx_word' id='word_1_91' title='bbox 1005 543 1013 555; x_wconf 90' lang='lat'>,</span> <span class='ocrx_word' id='word_1_92' title='bbox 1038 518 1168 554; x_wconf 82' lang='lat' dir='ltr'>onmia</span> <span class='ocrx_word' id='word_1_93' title='bbox 1181 530 1340 567; x_wconf 81' lang='lat' dir='ltr'>corpora</span> <span class='ocrx_word' id='word_1_94' title='bbox 1351 519 1429 556; x_wconf 87' lang='lat' dir='ltr'>sunt</span> <span class='ocrx_word' id='word_1_95' title='bbox 1449 519 1656 570; x_wconf 78' lang='lat' dir='ltr'>composita</span> <span class='ocrx_word' id='word_1_96' title='bbox 1667 547 1675 561; x_wconf 95' lang='lat'>‚</span> <span class='ocrx_word' id='word_1_97' title='bbox 1701 521 1737 558; x_wconf 91' lang='lat' dir='ltr'>id</span> <span class='ocrx_word' id='word_1_98' title='bbox 1749 512 1842 559; x_wconf 62' lang='lat' dir='ltr'>hesim,</span> 
     </span>
     <span class='ocr_line' id='line_1_10' title="bbox 161 572 1817 619; baseline 0.001 -7"><span class='ocrx_word' id='word_1_99' title='bbox 161 575 211 612; x_wconf 90' lang='lat' dir='ltr'>est</span> <span class='ocrx_word' id='word_1_100' title='bbox 224 604 232 619; x_wconf 85' lang='lat'>‚</span> <span class='ocrx_word' id='word_1_101' title='bbox 254 587 297 611; x_wconf 86' lang='lat' dir='ltr'>ex</span> <span class='ocrx_word' id='word_1_102' title='bbox 310 574 435 610; x_wconf 88' lang='lat' dir='ltr'>calore</span> <span class='ocrx_word' id='word_1_103' title='bbox 445 575 481 609; x_wconf 72' lang='lat' dir='ltr'>&lt;St</span> <span class='ocrx_word' id='word_1_104' title='bbox 493 572 650 609; x_wconf 84' lang='lat' dir='ltr'>humore</span> <span class='ocrx_word' id='word_1_105' title='bbox 663 598 670 611; x_wconf 91' lang='lat'>,</span> <span class='ocrx_word' id='word_1_106' title='bbox 693 575 729 610; x_wconf 71' lang='grc' dir='ltr'>ὃ(</span> <span class='ocrx_word' id='word_1_107' title='bbox 740 583 890 610; x_wconf 88' lang='lat' dir='ltr'>terreno</span> <span class='ocrx_word' id='word_1_108' title='bbox 904 602 913 616; x_wconf 93' lang='lat'>‚</span> <span class='ocrx_word' id='word_1_109' title='bbox 935 575 972 610; x_wconf 67' lang='grc' dir='ltr'>ὅ(</span> <span class='ocrx_word' id='word_1_110' title='bbox 984 574 1070 609; x_wconf 73' lang='lat' dir='ltr'>aere</span> <span class='ocrx_word' id='word_1_111' title='bbox 1083 602 1092 617; x_wconf 91' lang='lat'>‚</span> <span class='ocrx_word' id='word_1_112' title='bbox 1112 572 1212 609; x_wconf 88' lang='lat' dir='ltr'>&amp;liis</span> <span class='ocrx_word' id='word_1_113' title='bbox 1224 575 1469 612; x_wconf 86' lang='lat' dir='ltr'>mixtionibus</span> <span class='ocrx_word' id='word_1_114' title='bbox 1480 578 1633 613; x_wconf 86' lang='lat' dir='ltr'>naturali</span> <span class='ocrx_word' id='word_1_115' title='bbox 1643 586 1738 613; x_wconf 86' lang='lat' dir='ltr'>tem-</span> <span class='ocrx_word' id='word_1_116' title='bbox 1748 582 1817 600; x_wconf 66' lang='lat'><em>”⁰⁷¹-</em></span> 
     </span>
     <span class='ocr_line' id='line_1_11' title="bbox 160 627 1742 681; baseline 0.001 -14"><span class='ocrx_word' id='word_1_117' title='bbox 160 640 328 681; x_wconf 81' lang='lat' dir='ltr'>peratura</span> <span class='ocrx_word' id='word_1_118' title='bbox 338 627 540 677; x_wconf 81' lang='lat' dir='ltr'>figurantur</span> <span class='ocrx_word' id='word_1_119' title='bbox 550 639 615 664; x_wconf 86' lang='lat' dir='ltr'>om</span> <span class='ocrx_word' id='word_1_120' title='bbox 622 629 728 665; x_wconf 90' lang='lat' dir='ltr'>nium</span> <span class='ocrx_word' id='word_1_121' title='bbox 739 628 954 665; x_wconf 84' lang='lat' dir='ltr'>animalium</span> <span class='ocrx_word' id='word_1_122' title='bbox 966 630 1002 664; x_wconf 92' lang='lat' dir='ltr'>in</span> <span class='ocrx_word' id='word_1_123' title='bbox 1013 628 1157 665; x_wconf 88' lang='lat' dir='ltr'>mundo</span> <span class='ocrx_word' id='word_1_124' title='bbox 1169 631 1372 677; x_wconf 78' lang='lat' dir='ltr'>generatim</span> <span class='ocrx_word' id='word_1_125' title='bbox 1385 633 1692 680; x_wconf 75' lang='lat' dir='ltr'>qualitatesErgo</span> <span class='ocrx_word' id='word_1_126' title='bbox 1703 634 1742 669; x_wconf 89' lang='lat' dir='ltr'>in</span> 
     </span>
     <span class='ocr_line' id='line_1_12' title="bbox 161 680 1743 736; baseline 0.001 -13"><span class='ocrx_word' id='word_1_127' title='bbox 161 687 294 735; x_wconf 87' lang='lat' dir='ltr'>quibus</span> <span class='ocrx_word' id='word_1_128' title='bbox 315 684 535 733; x_wconf 83' lang='lat' dir='ltr'>corporibus</span> <span class='ocrx_word' id='word_1_129' title='bbox 549 695 638 719; x_wconf 91' lang='lat' dir='ltr'>cum</span> <span class='ocrx_word' id='word_1_130' title='bbox 651 694 821 733; x_wconf 84' lang='lat' dir='ltr'>exuperat</span> <span class='ocrx_word' id='word_1_131' title='bbox 841 680 860 719; x_wconf 82' lang='grc' dir='ltr'>ὲ</span> <span class='ocrx_word' id='word_1_132' title='bbox 873 684 1061 732; x_wconf 82' lang='lat' dir='ltr'>principiis</span> <span class='ocrx_word' id='word_1_133' title='bbox 1074 685 1196 722; x_wconf 89' lang='lat' dir='ltr'>calor,</span> <span class='ocrx_word' id='word_1_134' title='bbox 1218 694 1308 721; x_wconf 92' lang='lat' dir='ltr'>tunc</span> <span class='ocrx_word' id='word_1_135' title='bbox 1327 685 1500 722; x_wconf 87' lang='lat' dir='ltr'>interficit</span> <span class='ocrx_word' id='word_1_136' title='bbox 1511 686 1743 736; x_wconf 81' lang='lat' dir='ltr'>diffolvitque</span> 
     </span>
     <span class='ocr_line' id='line_1_13' title="bbox 162 737 1742 789; baseline 0.001 -10"><span class='ocrx_word' id='word_1_137' title='bbox 162 752 293 779; x_wconf 77' lang='lat' dir='ltr'>caetera</span> <span class='ocrx_word' id='word_1_138' title='bbox 303 739 458 777; x_wconf 80' lang='lat' dir='ltr'>fervore.</span> <span class='ocrx_word' id='word_1_139' title='bbox 482 739 571 775; x_wconf 82' lang='lat' dir='ltr'>Haec</span> <span class='ocrx_word' id='word_1_140' title='bbox 583 748 708 775; x_wconf 88' lang='lat' dir='ltr'>autem</span> <span class='ocrx_word' id='word_1_141' title='bbox 719 740 806 775; x_wconf 89' lang='lat' dir='ltr'>vitia</span> <span class='ocrx_word' id='word_1_142' title='bbox 816 737 929 775; x_wconf 88' lang='lat' dir='ltr'>efficit</span> <span class='ocrx_word' id='word_1_143' title='bbox 939 737 1123 776; x_wconf 89' lang='lat' dir='ltr'>fervidum</span> <span class='ocrx_word' id='word_1_144' title='bbox 1134 739 1180 776; x_wconf 85' lang='lat' dir='ltr'>ab</span> <span class='ocrx_word' id='word_1_145' title='bbox 1191 741 1299 776; x_wconf 88' lang='lat' dir='ltr'>certis</span> <span class='ocrx_word' id='word_1_146' title='bbox 1309 740 1472 789; x_wconf 84' lang='lat' dir='ltr'>partibus</span> <span class='ocrx_word' id='word_1_147' title='bbox 1482 743 1639 786; x_wconf 87' lang='lat' dir='ltr'>coelum,</span> <span class='ocrx_word' id='word_1_148' title='bbox 1651 754 1742 780; x_wconf 89' lang='lat' dir='ltr'>cum</span> 
     </span>
     <span class='ocr_line' id='line_1_14' title="bbox 161 791 1743 847; baseline 0.001 -13"><span class='ocrx_word' id='word_1_149' title='bbox 161 796 279 834; x_wconf 83' lang='lat' dir='ltr'>insidit</span> <span class='ocrx_word' id='word_1_150' title='bbox 290 797 326 832; x_wconf 91' lang='lat' dir='ltr'>iu</span> <span class='ocrx_word' id='word_1_151' title='bbox 344 796 486 845; x_wconf 67' lang='lat' dir='ltr'>apertas</span> <span class='ocrx_word' id='word_1_152' title='bbox 497 804 608 831; x_wconf 80' lang='lat' dir='ltr'>venas</span> <span class='ocrx_word' id='word_1_153' title='bbox 623 822 632 837; x_wconf 87' lang='lat'>‚</span> <span class='ocrx_word' id='word_1_154' title='bbox 652 793 844 844; x_wconf 81' lang='lat' dir='ltr'>plusquam</span> <span class='ocrx_word' id='word_1_155' title='bbox 865 795 997 844; x_wconf 87' lang='lat' dir='ltr'>patitur</span> <span class='ocrx_word' id='word_1_156' title='bbox 1019 791 1039 830; x_wconf 78' lang='grc' dir='ltr'><strong>ὲ</strong></span> <span class='ocrx_word' id='word_1_157' title='bbox 1058 795 1306 832; x_wconf 87' lang='lat' dir='ltr'>mixtionibus</span> <span class='ocrx_word' id='word_1_158' title='bbox 1324 797 1477 832; x_wconf 84' lang='lat' dir='ltr'>naturali</span> <span class='ocrx_word' id='word_1_159' title='bbox 1496 806 1743 847; x_wconf 81' lang='lat' dir='ltr'>temperatura</span> 
     </span>
     <span class='ocr_line' id='line_1_15' title="bbox 163 848 1742 902; baseline 0.001 -13"><span class='ocrx_word' id='word_1_160' title='bbox 163 863 307 902; x_wconf 86' lang='lat' dir='ltr'>corpus.</span> <span class='ocrx_word' id='word_1_161' title='bbox 337 851 430 887; x_wconf 86' lang='lat' dir='ltr'>Item</span> <span class='ocrx_word' id='word_1_162' title='bbox 441 848 465 886; x_wconf 87' lang='lat' dir='ltr'>si</span> <span class='ocrx_word' id='word_1_163' title='bbox 477 849 610 886; x_wconf 81' lang='lat' dir='ltr'>humor</span> <span class='ocrx_word' id='word_1_164' title='bbox 620 852 818 900; x_wconf 79' lang='lat' dir='ltr'>occupavit</span> <span class='ocrx_word' id='word_1_165' title='bbox 829 861 1033 900; x_wconf 89' lang='lat' dir='ltr'>corporum</span> <span class='ocrx_word' id='word_1_166' title='bbox 1042 862 1155 888; x_wconf 85' lang='lat' dir='ltr'>venas</span> <span class='ocrx_word' id='word_1_167' title='bbox 1169 877 1175 888; x_wconf 84' lang='lat'>,</span> <span class='ocrx_word' id='word_1_168' title='bbox 1188 849 1417 901; x_wconf 87' lang='lat' dir='ltr'>imparesque</span> <span class='ocrx_word' id='word_1_169' title='bbox 1429 863 1488 888; x_wconf 79' lang='lat' dir='ltr'>eas</span> <span class='ocrx_word' id='word_1_170' title='bbox 1499 851 1601 896; x_wconf 88' lang='lat' dir='ltr'>fecit,</span> <span class='ocrx_word' id='word_1_171' title='bbox 1612 864 1742 890; x_wconf 78' lang='lat' dir='ltr'>caetera</span> 
     </span>
     <span class='ocr_line' id='line_1_16' title="bbox 161 905 1875 959; baseline -0.001 -15"><span class='ocrx_word' id='word_1_172' title='bbox 161 908 335 959; x_wconf 75' lang='lat' dir='ltr'>principia</span> <span class='ocrx_word' id='word_1_173' title='bbox 347 935 355 950; x_wconf 90' lang='lat'>‚</span> <span class='ocrx_word' id='word_1_174' title='bbox 366 915 406 942; x_wconf 90' lang='lat' dir='ltr'>ut</span> <span class='ocrx_word' id='word_1_175' title='bbox 417 905 437 941; x_wconf 71' lang='lat' dir='ltr'>a</span> <span class='ocrx_word' id='word_1_176' title='bbox 448 905 590 954; x_wconf 89' lang='lat' dir='ltr'>liquido</span> <span class='ocrx_word' id='word_1_177' title='bbox 602 915 791 956; x_wconf 81' lang='lat' dir='ltr'>corrupta,</span> <span class='ocrx_word' id='word_1_178' title='bbox 802 905 1002 945; x_wconf 89' lang='lat' dir='ltr'>diluuntur,</span> <span class='ocrx_word' id='word_1_179' title='bbox 1020 907 1057 943; x_wconf 68' lang='grc' dir='ltr'>δε</span> <span class='ocrx_word' id='word_1_180' title='bbox 1069 906 1314 945; x_wconf 73' lang='lat' dir='ltr'>difl&#39;olvuntui·</span> <span class='ocrx_word' id='word_1_181' title='bbox 1325 906 1611 958; x_wconf 76' lang='lat' dir='ltr'>compositionis</span> <span class='ocrx_word' id='word_1_182' title='bbox 1623 910 1739 946; x_wconf 88' lang='lat' dir='ltr'>virtu-</span> <span class='ocrx_word' id='word_1_183' title='bbox 1752 919 1799 951; x_wconf 81' lang='lat' dir='ltr'>Al.</span> <span class='ocrx_word' id='word_1_184' title='bbox 1811 917 1828 946; x_wconf 67' lang='grc' dir='ltr'><em>ὰ</em></span> <span class='ocrx_word' id='word_1_185' title='bbox 1842 919 1875 947; x_wconf 78' lang='lat' dir='ltr'>li.</span> 
     </span>
     <span class='ocr_line' id='line_1_17' title="bbox 163 957 1828 1010; baseline -0.001 -10"><span class='ocrx_word' id='word_1_186' title='bbox 163 973 228 1000; x_wconf 82' lang='lat' dir='ltr'>tes,</span> <span class='ocrx_word' id='word_1_187' title='bbox 257 964 352 1000; x_wconf 87' lang='lat' dir='ltr'>Item</span> <span class='ocrx_word' id='word_1_188' title='bbox 366 957 386 997; x_wconf 81' lang='grc' dir='ltr'>ὲ</span> <span class='ocrx_word' id='word_1_189' title='bbox 399 957 735 1010; x_wconf 78' lang='lat' dir='ltr'>refrigerationibus</span> <span class='ocrx_word' id='word_1_190' title='bbox 746 961 930 1006; x_wconf 87' lang='lat' dir='ltr'>humoris,</span> <span class='ocrx_word' id='word_1_191' title='bbox 942 972 1140 999; x_wconf 88' lang='lat' dir='ltr'>ventorum</span> <span class='ocrx_word' id='word_1_192' title='bbox 1154 964 1190 1000; x_wconf 69' lang='grc' dir='ltr'>ὃς</span> <span class='ocrx_word' id='word_1_193' title='bbox 1203 974 1388 1006; x_wconf 82' lang='lat' dir='ltr'>aurarum,</span> <span class='ocrx_word' id='word_1_194' title='bbox 1398 962 1645 1001; x_wconf 88' lang='lat' dir='ltr'>infunduntur</span> <span class='ocrx_word' id='word_1_195' title='bbox 1654 966 1738 1001; x_wconf 89' lang='lat' dir='ltr'>vitia</span> <span class='ocrx_word' id='word_1_196' title='bbox 1749 961 1828 998; x_wconf 64' lang='lat' dir='ltr'>quida</span> 
     </span>
     <span class='ocr_line' id='line_1_18' title="bbox 162 1006 1877 1069; baseline 0.001 -14"><span class='ocrx_word' id='word_1_197' title='bbox 162 1018 389 1068; x_wconf 90' lang='lat' dir='ltr'>corporibus.</span> <span class='ocrx_word' id='word_1_198' title='bbox 413 1018 505 1054; x_wconf 87' lang='lat' dir='ltr'>Non</span> <span class='ocrx_word' id='word_1_199' title='bbox 516 1018 639 1054; x_wconf 87' lang='lat' dir='ltr'>minus</span> <span class='ocrx_word' id='word_1_200' title='bbox 651 1018 757 1062; x_wconf 79' lang='lat' dir='ltr'>aeris,</span> <span class='ocrx_word' id='word_1_201' title='bbox 770 1019 957 1066; x_wconf 81' lang='lat' dir='ltr'>etiamque</span> <span class='ocrx_word' id='word_1_202' title='bbox 977 1019 1132 1061; x_wconf 88' lang='lat' dir='ltr'>terreni,</span> <span class='ocrx_word' id='word_1_203' title='bbox 1152 1019 1189 1055; x_wconf 91' lang='lat' dir='ltr'>in</span> <span class='ocrx_word' id='word_1_204' title='bbox 1203 1030 1366 1068; x_wconf 91' lang='lat' dir='ltr'>corpore</span> <span class='ocrx_word' id='word_1_205' title='bbox 1384 1020 1556 1057; x_wconf 88' lang='lat' dir='ltr'>naturalis</span> <span class='ocrx_word' id='word_1_206' title='bbox 1576 1006 1877 1069; x_wconf 48' lang='lat' dir='ltr'>compo-Zmpm‘</span> 
     </span>
     <span class='ocr_line' id='line_1_19' title="bbox 161 1072 1861 1126; baseline 0.001 -16"><span class='ocrx_word' id='word_1_207' title='bbox 161 1074 261 1113; x_wconf 76' lang='lat' dir='ltr'>sirio,</span> <span class='ocrx_word' id='word_1_208' title='bbox 275 1072 446 1123; x_wconf 81' lang='lat' dir='ltr'>augendo</span> <span class='ocrx_word' id='word_1_209' title='bbox 459 1082 520 1110; x_wconf 86' lang='lat' dir='ltr'>aut</span> <span class='ocrx_word' id='word_1_210' title='bbox 530 1073 734 1110; x_wconf 85' lang='lat' dir='ltr'>minuendo</span> <span class='ocrx_word' id='word_1_211' title='bbox 755 1072 917 1109; x_wconf 83' lang='lat' dir='ltr'>infirmat</span> <span class='ocrx_word' id='word_1_212' title='bbox 928 1084 1055 1110; x_wconf 64' lang='lat' dir='ltr'>coetera</span> <span class='ocrx_word' id='word_1_213' title='bbox 1064 1075 1264 1126; x_wconf 80' lang='lat' dir='ltr'>principia3</span> <span class='ocrx_word' id='word_1_214' title='bbox 1284 1084 1449 1113; x_wconf 82' lang='lat' dir='ltr'>tei-rena,</span> <span class='ocrx_word' id='word_1_215' title='bbox 1465 1074 1537 1111; x_wconf 90' lang='lat' dir='ltr'>cibi</span> <span class='ocrx_word' id='word_1_216' title='bbox 1549 1076 1738 1125; x_wconf 74' lang='lat' dir='ltr'>plenitatc5</span> <span class='ocrx_word' id='word_1_217' title='bbox 1751 1081 1797 1109; x_wconf 80' lang='lat' dir='ltr'>Al.</span> <span class='ocrx_word' id='word_1_218' title='bbox 1807 1083 1861 1109; x_wconf 79' lang='lat' dir='ltr'>a&#39;e&#39;r·</span> 
     </span>
     <span class='ocr_line' id='line_1_20' title="bbox 161 1127 1742 1180; baseline 0.001 -14"><span class='ocrx_word' id='word_1_219' title='bbox 161 1131 258 1166; x_wconf 77' lang='lat' dir='ltr'>a&#39;etia</span> <span class='ocrx_word' id='word_1_220' title='bbox 275 1130 449 1178; x_wconf 80' lang='lat' dir='ltr'>gravitate</span> <span class='ocrx_word' id='word_1_221' title='bbox 461 1129 564 1166; x_wconf 85' lang='lat' dir='ltr'>coeli.</span> <span class='ocrx_word' id='word_1_222' title='bbox 594 1127 666 1165; x_wconf 88' lang='lat' dir='ltr'>Sed</span> <span class='ocrx_word' id='word_1_223' title='bbox 684 1128 710 1165; x_wconf 83' lang='lat' dir='ltr'>fi</span> <span class='ocrx_word' id='word_1_224' title='bbox 729 1129 810 1177; x_wconf 91' lang='lat' dir='ltr'>quis</span> <span class='ocrx_word' id='word_1_225' title='bbox 833 1129 995 1166; x_wconf 90' lang='lat' dir='ltr'>voluerit</span> <span class='ocrx_word' id='word_1_226' title='bbox 1005 1129 1214 1178; x_wconf 88' lang='lat' dir='ltr'>diligentius</span> <span class='ocrx_word' id='word_1_227' title='bbox 1234 1129 1423 1167; x_wconf 80' lang='lat' dir='ltr'>haecsensu</span> <span class='ocrx_word' id='word_1_228' title='bbox 1434 1132 1644 1180; x_wconf 87' lang='lat' dir='ltr'>percipere,</span> <span class='ocrx_word' id='word_1_229' title='bbox 1665 1132 1742 1167; x_wconf 84' lang='lat' dir='ltr'>ani-</span> 
     </span>
     <span class='ocr_line' id='line_1_21' title="bbox 160 1184 1747 1234; baseline 0.001 -11"><span class='ocrx_word' id='word_1_230' title='bbox 160 1185 367 1224; x_wconf 84' lang='lat' dir='ltr'>madvertat</span> <span class='ocrx_word' id='word_1_231' title='bbox 380 1213 389 1228; x_wconf 93' lang='lat'>‚</span> <span class='ocrx_word' id='word_1_232' title='bbox 409 1184 650 1233; x_wconf 78' lang='lat' dir='ltr'>attendatque</span> <span class='ocrx_word' id='word_1_233' title='bbox 660 1195 804 1222; x_wconf 85' lang='lat' dir='ltr'>naturas</span> <span class='ocrx_word' id='word_1_234' title='bbox 816 1186 944 1223; x_wconf 83' lang='lat' dir='ltr'>avium</span> <span class='ocrx_word' id='word_1_235' title='bbox 955 1184 990 1221; x_wconf 69' lang='lat'>3&lt;</span> <span class='ocrx_word' id='word_1_236' title='bbox 1001 1184 1154 1234; x_wconf 88' lang='lat' dir='ltr'>piscium</span> <span class='ocrx_word' id='word_1_237' title='bbox 1164 1187 1201 1222; x_wconf 70' lang='grc' dir='ltr'>ὅ(</span> <span class='ocrx_word' id='word_1_238' title='bbox 1215 1186 1434 1222; x_wconf 85' lang='lat' dir='ltr'>terrestrium</span> <span class='ocrx_word' id='word_1_239' title='bbox 1450 1187 1669 1223; x_wconf 88' lang='lat' dir='ltr'>animalium</span> <span class='ocrx_word' id='word_1_240' title='bbox 1683 1215 1692 1230; x_wconf 92' lang='lat'>‚</span> <span class='ocrx_word' id='word_1_241' title='bbox 1705 1188 1747 1224; x_wconf 68' lang='grc' dir='ltr'>ὃς</span> 
     </span>
     <span class='ocr_line' id='line_1_22' title="bbox 162 1239 1747 1291; baseline 0 -13"><span class='ocrx_word' id='word_1_242' title='bbox 162 1242 211 1278; x_wconf 84' lang='lat' dir='ltr'>ita</span> <span class='ocrx_word' id='word_1_243' title='bbox 220 1239 463 1279; x_wconf 81' lang='lat' dir='ltr'>considerabit</span> <span class='ocrx_word' id='word_1_244' title='bbox 481 1239 686 1277; x_wconf 84' lang='lat' dir='ltr'>discrimina</span> <span class='ocrx_word' id='word_1_245' title='bbox 697 1250 961 1290; x_wconf 87' lang='lat' dir='ltr'>temperaturae.</span> <span class='ocrx_word' id='word_1_246' title='bbox 994 1240 1124 1278; x_wconf 88' lang='lat' dir='ltr'>Aliam</span> <span class='ocrx_word' id='word_1_247' title='bbox 1141 1242 1241 1277; x_wconf 85' lang='lat' dir='ltr'>enim</span> <span class='ocrx_word' id='word_1_248' title='bbox 1260 1242 1486 1279; x_wconf 86' lang='lat' dir='ltr'>mixtionem</span> <span class='ocrx_word' id='word_1_249' title='bbox 1505 1240 1615 1279; x_wconf 85' lang='lat' dir='ltr'>habet</span> <span class='ocrx_word' id='word_1_250' title='bbox 1626 1253 1747 1291; x_wconf 86' lang='lat' dir='ltr'>genus</span> 
     </span>
     <span class='ocr_line' id='line_1_23' title="bbox 163 1294 1747 1346; baseline 0.001 -14"><span class='ocrx_word' id='word_1_251' title='bbox 163 1297 299 1340; x_wconf 87' lang='lat' dir='ltr'>avium,</span> <span class='ocrx_word' id='word_1_252' title='bbox 309 1297 416 1333; x_wconf 83' lang='lat' dir='ltr'>aliam</span> <span class='ocrx_word' id='word_1_253' title='bbox 428 1294 578 1346; x_wconf 89' lang='lat' dir='ltr'>piscium</span> <span class='ocrx_word' id='word_1_254' title='bbox 593 1321 600 1334; x_wconf 95' lang='lat'>‚</span> <span class='ocrx_word' id='word_1_255' title='bbox 624 1296 738 1345; x_wconf 88' lang='lat' dir='ltr'>longe</span> <span class='ocrx_word' id='word_1_256' title='bbox 751 1297 860 1332; x_wconf 87' lang='lat' dir='ltr'>aliam</span> <span class='ocrx_word' id='word_1_257' title='bbox 871 1295 1096 1333; x_wconf 89' lang='lat' dir='ltr'>terrestrium</span> <span class='ocrx_word' id='word_1_258' title='bbox 1109 1306 1246 1333; x_wconf 87' lang='lat' dir='ltr'>natura.</span> <span class='ocrx_word' id='word_1_259' title='bbox 1270 1297 1455 1335; x_wconf 89' lang='lat' dir='ltr'>Volucres</span> <span class='ocrx_word' id='word_1_260' title='bbox 1475 1298 1598 1334; x_wconf 88' lang='lat' dir='ltr'>minus</span> <span class='ocrx_word' id='word_1_261' title='bbox 1612 1297 1747 1334; x_wconf 86' lang='lat' dir='ltr'>habent</span> 
     </span>
     <span class='ocr_line' id='line_1_24' title="bbox 163 1349 1748 1404; baseline 0.001 -17"><span class='ocrx_word' id='word_1_262' title='bbox 163 1352 318 1391; x_wconf 85' lang='lat' dir='ltr'>terreni,</span> <span class='ocrx_word' id='word_1_263' title='bbox 340 1352 458 1388; x_wconf 87' lang='lat' dir='ltr'>minus</span> <span class='ocrx_word' id='word_1_264' title='bbox 469 1351 637 1388; x_wconf 86' lang='lat' dir='ltr'>humoris</span> <span class='ocrx_word' id='word_1_265' title='bbox 650 1381 660 1395; x_wconf 83' lang='lat'>,</span> <span class='ocrx_word' id='word_1_266' title='bbox 680 1352 814 1394; x_wconf 85' lang='lat' dir='ltr'>caloris</span> <span class='ocrx_word' id='word_1_267' title='bbox 825 1361 1027 1404; x_wconf 86' lang='lat' dir='ltr'>temperate</span> <span class='ocrx_word' id='word_1_268' title='bbox 1039 1381 1048 1395; x_wconf 92' lang='lat'>‚</span> <span class='ocrx_word' id='word_1_269' title='bbox 1058 1354 1096 1389; x_wconf 85' lang='lat'>&amp;</span> <span class='ocrx_word' id='word_1_270' title='bbox 1106 1353 1201 1389; x_wconf 77' lang='lat' dir='ltr'>aei-is</span> <span class='ocrx_word' id='word_1_271' title='bbox 1214 1353 1387 1391; x_wconf 89' lang='lat' dir='ltr'>multum.</span> <span class='ocrx_word' id='word_1_272' title='bbox 1420 1354 1535 1402; x_wconf 88' lang='lat' dir='ltr'>Igitur</span> <span class='ocrx_word' id='word_1_273' title='bbox 1546 1349 1748 1389; x_wconf 83' lang='lat' dir='ltr'>levioribus</span> 
     </span>
     <span class='ocr_line' id='line_1_25' title="bbox 161 1405 1747 1459; baseline -0.001 -16"><span class='ocrx_word' id='word_1_274' title='bbox 161 1408 346 1457; x_wconf 88' lang='lat' dir='ltr'>principiis</span> <span class='ocrx_word' id='word_1_275' title='bbox 357 1406 570 1456; x_wconf 81' lang='lat' dir='ltr'>compositae</span> <span class='ocrx_word' id='word_1_276' title='bbox 583 1436 592 1451; x_wconf 87' lang='lat'>‚</span> <span class='ocrx_word' id='word_1_277' title='bbox 614 1407 755 1444; x_wconf 82' lang='lat' dir='ltr'>facilius</span> <span class='ocrx_word' id='word_1_278' title='bbox 767 1409 805 1444; x_wconf 91' lang='lat' dir='ltr'>iri</span> <span class='ocrx_word' id='word_1_279' title='bbox 816 1408 909 1444; x_wconf 73' lang='lat' dir='ltr'>aeris</span> <span class='ocrx_word' id='word_1_280' title='bbox 921 1409 1105 1459; x_wconf 90' lang='lat' dir='ltr'>impetum</span> <span class='ocrx_word' id='word_1_281' title='bbox 1128 1410 1303 1446; x_wconf 85' lang='lat' dir='ltr'>nituntur.</span> <span class='ocrx_word' id='word_1_282' title='bbox 1334 1408 1529 1457; x_wconf 85' lang='lat' dir='ltr'>Aquatiles</span> <span class='ocrx_word' id='word_1_283' title='bbox 1539 1417 1664 1445; x_wconf 88' lang='lat' dir='ltr'>autem</span> <span class='ocrx_word' id='word_1_284' title='bbox 1677 1405 1747 1457; x_wconf 89' lang='lat' dir='ltr'>pis-</span> 
     </span>
     <span class='ocr_line' id='line_1_26' title="bbox 163 1461 1745 1513; baseline -0.001 -14"><span class='ocrx_word' id='word_1_285' title='bbox 163 1463 429 1499; x_wconf 64' lang='lat' dir='ltr'>eliminatum,</span> <span class='ocrx_word' id='word_1_286' title='bbox 450 1463 555 1511; x_wconf 89' lang='lat' dir='ltr'>quod</span> <span class='ocrx_word' id='word_1_287' title='bbox 574 1473 787 1513; x_wconf 70' lang='lat' dir='ltr'>temperatae</span> <span class='ocrx_word' id='word_1_288' title='bbox 810 1461 875 1500; x_wconf 79' lang='lat' dir='ltr'>lint</span> <span class='ocrx_word' id='word_1_289' title='bbox 891 1463 1046 1500; x_wconf 69' lang='lat' dir='ltr'>acalido</span> <span class='ocrx_word' id='word_1_290' title='bbox 1058 1493 1067 1508; x_wconf 86' lang='lat'>,</span> <span class='ocrx_word' id='word_1_291' title='bbox 1086 1464 1365 1513; x_wconf 88' lang='lat' dir='ltr'>plurimumque</span> <span class='ocrx_word' id='word_1_292' title='bbox 1376 1476 1419 1500; x_wconf 84' lang='lat' dir='ltr'>cx</span> <span class='ocrx_word' id='word_1_293' title='bbox 1436 1465 1521 1502; x_wconf 83' lang='lat' dir='ltr'>a&#39;ere</span> <span class='ocrx_word' id='word_1_294' title='bbox 1541 1463 1578 1500; x_wconf 89' lang='lat'>&amp;</span> <span class='ocrx_word' id='word_1_295' title='bbox 1596 1473 1745 1500; x_wconf 89' lang='lat' dir='ltr'>terreno</span> 
     </span>
     <span class='ocr_line' id='line_1_27' title="bbox 161 1516 1746 1570; baseline -0.001 -16"><span class='ocrx_word' id='word_1_296' title='bbox 161 1516 243 1555; x_wconf 86' lang='lat' dir='ltr'>sunt</span> <span class='ocrx_word' id='word_1_297' title='bbox 258 1517 488 1568; x_wconf 71' lang='lat' dir='ltr'>compositae,</span> <span class='ocrx_word' id='word_1_298' title='bbox 503 1518 560 1554; x_wconf 91' lang='lat' dir='ltr'>sed</span> <span class='ocrx_word' id='word_1_299' title='bbox 573 1519 740 1556; x_wconf 85' lang='lat' dir='ltr'>humoris</span> <span class='ocrx_word' id='word_1_300' title='bbox 752 1518 890 1556; x_wconf 88' lang='lat' dir='ltr'>habent</span> <span class='ocrx_word' id='word_1_301' title='bbox 902 1520 1047 1569; x_wconf 90' lang='lat' dir='ltr'>oppido</span> <span class='ocrx_word' id='word_1_302' title='bbox 1060 1516 1123 1565; x_wconf 79' lang='lat' dir='ltr'>[d]</span> <span class='ocrx_word' id='word_1_303' title='bbox 1139 1531 1248 1568; x_wconf 87' lang='lat' dir='ltr'>quam</span> <span class='ocrx_word' id='word_1_304' title='bbox 1259 1520 1412 1570; x_wconf 87' lang='lat' dir='ltr'>paulum</span> <span class='ocrx_word' id='word_1_305' title='bbox 1424 1548 1434 1565; x_wconf 87' lang='lat'><em>‚</em></span> <span class='ocrx_word' id='word_1_306' title='bbox 1458 1531 1536 1568; x_wconf 90' lang='lat' dir='ltr'>quo</span> <span class='ocrx_word' id='word_1_307' title='bbox 1549 1520 1670 1555; x_wconf 91' lang='lat' dir='ltr'>minus</span> <span class='ocrx_word' id='word_1_308' title='bbox 1681 1517 1746 1554; x_wconf 86' lang='lat' dir='ltr'>ha-</span> 
     </span>
     <span class='ocr_line' id='line_1_28' title="bbox 163 1570 1747 1626; baseline -0.001 -15"><span class='ocrx_word' id='word_1_309' title='bbox 163 1574 251 1611; x_wconf 89' lang='lat' dir='ltr'>bent</span> <span class='ocrx_word' id='word_1_310' title='bbox 263 1570 283 1609; x_wconf 81' lang='grc' dir='ltr'>ὲ</span> <span class='ocrx_word' id='word_1_311' title='bbox 295 1575 480 1624; x_wconf 86' lang='lat' dir='ltr'>principiis</span> <span class='ocrx_word' id='word_1_312' title='bbox 491 1573 659 1611; x_wconf 88' lang='lat' dir='ltr'>humoris</span> <span class='ocrx_word' id='word_1_313' title='bbox 671 1577 707 1611; x_wconf 92' lang='lat' dir='ltr'>in</span> <span class='ocrx_word' id='word_1_314' title='bbox 718 1586 891 1624; x_wconf 85' lang='lat' dir='ltr'>corpore,</span> <span class='ocrx_word' id='word_1_315' title='bbox 902 1574 1043 1613; x_wconf 79' lang='lat' dir='ltr'>facilius</span> <span class='ocrx_word' id='word_1_316' title='bbox 1053 1576 1089 1611; x_wconf 90' lang='lat' dir='ltr'>in</span> <span class='ocrx_word' id='word_1_317' title='bbox 1101 1574 1259 1612; x_wconf 89' lang='lat' dir='ltr'>humore</span> <span class='ocrx_word' id='word_1_318' title='bbox 1269 1575 1477 1626; x_wconf 86' lang='lat' dir='ltr'>perdurant.</span> <span class='ocrx_word' id='word_1_319' title='bbox 1514 1575 1642 1622; x_wconf 87' lang='lat' dir='ltr'>Itaque</span> <span class='ocrx_word' id='word_1_320' title='bbox 1654 1585 1747 1610; x_wconf 88' lang='lat' dir='ltr'>cum</span> 
     </span>
     <span class='ocr_line' id='line_1_29' title="bbox 165 1625 1746 1679; baseline 0 -15"><span class='ocrx_word' id='word_1_321' title='bbox 165 1629 211 1665; x_wconf 88' lang='lat' dir='ltr'>ad</span> <span class='ocrx_word' id='word_1_322' title='bbox 222 1639 357 1666; x_wconf 83' lang='lat' dir='ltr'>terram</span> <span class='ocrx_word' id='word_1_323' title='bbox 369 1629 640 1678; x_wconf 82' lang='lat' dir='ltr'>perducuntur,</span> <span class='ocrx_word' id='word_1_324' title='bbox 656 1631 817 1667; x_wconf 86' lang='lat' dir='ltr'>animam</span> <span class='ocrx_word' id='word_1_325' title='bbox 829 1642 914 1667; x_wconf 89' lang='lat' dir='ltr'>cum</span> <span class='ocrx_word' id='word_1_326' title='bbox 928 1643 1021 1679; x_wconf 86' lang='lat' dir='ltr'>aqua</span> <span class='ocrx_word' id='word_1_327' title='bbox 1030 1632 1253 1679; x_wconf 87' lang='lat' dir='ltr'>relinquunt.</span> <span class='ocrx_word' id='word_1_328' title='bbox 1282 1632 1379 1667; x_wconf 90' lang='lat' dir='ltr'>Item</span> <span class='ocrx_word' id='word_1_329' title='bbox 1389 1628 1583 1668; x_wconf 85' lang='lat' dir='ltr'>terrestria,</span> <span class='ocrx_word' id='word_1_330' title='bbox 1606 1628 1710 1677; x_wconf 90' lang='lat' dir='ltr'>quod</span> <span class='ocrx_word' id='word_1_331' title='bbox 1722 1625 1746 1663; x_wconf 82' lang='grc' dir='ltr'>ὲ</span> 
     </span>
     <span class='ocr_line' id='line_1_30' title="bbox 163 1683 1745 1735; baseline -0.001 -15"><span class='ocrx_word' id='word_1_332' title='bbox 163 1685 352 1734; x_wconf 84' lang='lat' dir='ltr'>principiis</span> <span class='ocrx_word' id='word_1_333' title='bbox 365 1685 410 1722; x_wconf 85' lang='lat' dir='ltr'>ab</span> <span class='ocrx_word' id='word_1_334' title='bbox 420 1685 505 1720; x_wconf 77' lang='lat' dir='ltr'>a‘erc</span> <span class='ocrx_word' id='word_1_335' title='bbox 517 1686 716 1734; x_wconf 85' lang='lat' dir='ltr'>caloreque</span> <span class='ocrx_word' id='word_1_336' title='bbox 727 1685 865 1722; x_wconf 86' lang='lat' dir='ltr'>habent</span> <span class='ocrx_word' id='word_1_337' title='bbox 875 1688 1023 1729; x_wconf 90' lang='lat' dir='ltr'>terreni,</span> <span class='ocrx_word' id='word_1_338' title='bbox 1033 1686 1310 1735; x_wconf 88' lang='lat' dir='ltr'>plurimumque</span> <span class='ocrx_word' id='word_1_339' title='bbox 1322 1684 1501 1728; x_wconf 86' lang='lat' dir='ltr'>humoris,</span> <span class='ocrx_word' id='word_1_340' title='bbox 1512 1684 1618 1731; x_wconf 88' lang='lat' dir='ltr'>quod</span> <span class='ocrx_word' id='word_1_341' title='bbox 1630 1683 1745 1720; x_wconf 84' lang='lat' dir='ltr'>abun-</span> 
     </span>
     <span class='ocr_line' id='line_1_31' title="bbox 163 1737 1746 1790; baseline 0.001 -16"><span class='ocrx_word' id='word_1_342' title='bbox 163 1739 253 1776; x_wconf 86' lang='lat' dir='ltr'>dant</span> <span class='ocrx_word' id='word_1_343' title='bbox 270 1740 429 1775; x_wconf 76' lang='lat' dir='ltr'>liumidae</span> <span class='ocrx_word' id='word_1_344' title='bbox 446 1750 564 1788; x_wconf 84' lang='lat' dir='ltr'>partes</span> <span class='ocrx_word' id='word_1_345' title='bbox 578 1768 586 1783; x_wconf 89' lang='lat'>‚</span> <span class='ocrx_word' id='word_1_346' title='bbox 606 1752 685 1776; x_wconf 90' lang='lat' dir='ltr'>non</span> <span class='ocrx_word' id='word_1_347' title='bbox 705 1741 769 1776; x_wconf 90' lang='lat' dir='ltr'>diu</span> <span class='ocrx_word' id='word_1_348' title='bbox 788 1740 935 1790; x_wconf 76' lang='lat' dir='ltr'>possunt</span> <span class='ocrx_word' id='word_1_349' title='bbox 953 1742 991 1777; x_wconf 88' lang='lat' dir='ltr'>in</span> <span class='ocrx_word' id='word_1_350' title='bbox 1008 1751 1101 1788; x_wconf 85' lang='lat' dir='ltr'>aqua</span> <span class='ocrx_word' id='word_1_351' title='bbox 1120 1741 1234 1776; x_wconf 86' lang='lat' dir='ltr'>vitam</span> <span class='ocrx_word' id='word_1_352' title='bbox 1254 1741 1356 1776; x_wconf 90' lang='lat' dir='ltr'>tueri.</span> <span class='ocrx_word' id='word_1_353' title='bbox 1387 1741 1487 1786; x_wconf 84' lang='lat' dir='ltr'>Ergo</span> <span class='ocrx_word' id='word_1_354' title='bbox 1505 1737 1619 1775; x_wconf 86' lang='lat' dir='ltr'>sihaec</span> <span class='ocrx_word' id='word_1_355' title='bbox 1633 1740 1680 1776; x_wconf 88' lang='lat' dir='ltr'>ita</span> <span class='ocrx_word' id='word_1_356' title='bbox 1691 1739 1746 1775; x_wconf 88' lang='lat' dir='ltr'>vi-</span> 
     </span>
     <span class='ocr_line' id='line_1_32' title="bbox 163 1794 1747 1845; baseline 0.001 -15"><span class='ocrx_word' id='word_1_357' title='bbox 163 1795 315 1837; x_wconf 87' lang='lat' dir='ltr'>dentur,</span> <span class='ocrx_word' id='word_1_358' title='bbox 336 1794 661 1842; x_wconf 77' lang='lat' dir='ltr'>quemadmodum</span> <span class='ocrx_word' id='word_1_359' title='bbox 673 1794 932 1845; x_wconf 88' lang='lat' dir='ltr'>proposuimus</span> <span class='ocrx_word' id='word_1_360' title='bbox 945 1824 955 1840; x_wconf 89' lang='lat'>‚</span> <span class='ocrx_word' id='word_1_361' title='bbox 978 1795 1015 1832; x_wconf 75' lang='grc' dir='ltr'>δε</span> <span class='ocrx_word' id='word_1_362' title='bbox 1027 1807 1070 1832; x_wconf 83' lang='lat' dir='ltr'>ex</span> <span class='ocrx_word' id='word_1_363' title='bbox 1092 1796 1133 1830; x_wconf 93' lang='lat' dir='ltr'>iis</span> <span class='ocrx_word' id='word_1_364' title='bbox 1142 1795 1329 1844; x_wconf 89' lang='lat' dir='ltr'>principiis</span> <span class='ocrx_word' id='word_1_365' title='bbox 1347 1794 1567 1830; x_wconf 84' lang='lat' dir='ltr'>animalium</span> <span class='ocrx_word' id='word_1_366' title='bbox 1586 1805 1747 1844; x_wconf 84' lang='lat' dir='ltr'>corpora</span> 
     </span>
     <span class='ocr_line' id='line_1_33' title="bbox 165 1848 1748 1901; baseline 0 -15"><span class='ocrx_word' id='word_1_367' title='bbox 165 1848 374 1898; x_wconf 81' lang='lat' dir='ltr'>eompofita</span> <span class='ocrx_word' id='word_1_368' title='bbox 384 1848 482 1885; x_wconf 87' lang='lat' dir='ltr'>sensu</span> <span class='ocrx_word' id='word_1_369' title='bbox 494 1850 739 1901; x_wconf 87' lang='lat' dir='ltr'>percipimus,</span> <span class='ocrx_word' id='word_1_370' title='bbox 760 1852 796 1888; x_wconf 69' lang='grc' dir='ltr'>ὃς</span> <span class='ocrx_word' id='word_1_371' title='bbox 810 1848 1134 1887; x_wconf 86' lang='lat' dir='ltr'>exuberationibus</span> <span class='ocrx_word' id='word_1_372' title='bbox 1145 1860 1206 1887; x_wconf 88' lang='lat' dir='ltr'>aut</span> <span class='ocrx_word' id='word_1_373' title='bbox 1226 1849 1496 1887; x_wconf 59' lang='lat' dir='ltr'>defectionibus</span> <span class='ocrx_word' id='word_1_374' title='bbox 1517 1860 1560 1886; x_wconf 81' lang='lat' dir='ltr'>ea</span> <span class='ocrx_word' id='word_1_375' title='bbox 1577 1849 1748 1886; x_wconf 86' lang='lat' dir='ltr'>laborare</span> 
     </span>
     <span class='ocr_line' id='line_1_34' title="bbox 165 1903 1748 1955; baseline 0 -14"><span class='ocrx_word' id='word_1_376' title='bbox 165 1904 656 1954; x_wconf 79' lang='lat' dir='ltr'>dissolviqueindicavimus:</span> <span class='ocrx_word' id='word_1_377' title='bbox 679 1916 758 1941; x_wconf 92' lang='lat' dir='ltr'>non</span> <span class='ocrx_word' id='word_1_378' title='bbox 779 1904 989 1942; x_wconf 84' lang='lat' dir='ltr'>dubitamus</span> <span class='ocrx_word' id='word_1_379' title='bbox 1009 1905 1099 1954; x_wconf 88' lang='lat' dir='ltr'>quin</span> <span class='ocrx_word' id='word_1_380' title='bbox 1114 1903 1322 1955; x_wconf 88' lang='lat' dir='ltr'>diligentius</span> <span class='ocrx_word' id='word_1_381' title='bbox 1342 1905 1456 1954; x_wconf 82' lang='lat' dir='ltr'>quaeri</span> <span class='ocrx_word' id='word_1_382' title='bbox 1477 1913 1651 1954; x_wconf 85' lang='lat' dir='ltr'>oporteat</span> <span class='ocrx_word' id='word_1_383' title='bbox 1664 1934 1673 1949; x_wconf 87' lang='lat'>‚</span> <span class='ocrx_word' id='word_1_384' title='bbox 1693 1906 1748 1941; x_wconf 86' lang='lat' dir='ltr'>uti</span> 
     </span>
     <span class='ocr_line' id='line_1_35' title="bbox 165 1958 1753 2010; baseline 0 -13"><span class='ocrx_word' id='word_1_385' title='bbox 165 1958 481 2010; x_wconf 68' lang='lat' dir='ltr'>temperatissimas</span> <span class='ocrx_word' id='word_1_386' title='bbox 497 1961 585 1997; x_wconf 86' lang='lat' dir='ltr'>coeli</span> <span class='ocrx_word' id='word_1_387' title='bbox 599 1962 768 2010; x_wconf 88' lang='lat' dir='ltr'>regiones</span> <span class='ocrx_word' id='word_1_388' title='bbox 781 1962 958 2010; x_wconf 84' lang='lat' dir='ltr'>eligamus</span> <span class='ocrx_word' id='word_1_389' title='bbox 971 1987 980 2002; x_wconf 82' lang='lat'><em>,</em></span> <span class='ocrx_word' id='word_1_390' title='bbox 994 1972 1082 1998; x_wconf 88' lang='lat' dir='ltr'>cum</span> <span class='ocrx_word' id='word_1_391' title='bbox 1095 1961 1290 2010; x_wconf 68' lang='lat' dir='ltr'>quaerenda</span> <span class='ocrx_word' id='word_1_392' title='bbox 1300 1961 1456 1998; x_wconf 90' lang='lat' dir='ltr'>fueritin</span> <span class='ocrx_word' id='word_1_393' title='bbox 1466 1960 1658 1997; x_wconf 86' lang='lat' dir='ltr'>moenium</span> <span class='ocrx_word' id='word_1_394' title='bbox 1671 1960 1753 1997; x_wconf 90' lang='lat' dir='ltr'>col-</span> 
     </span>
     <span class='ocr_line' id='line_1_36' title="bbox 166 2014 1749 2066; baseline -0.001 -14"><span class='ocrx_word' id='word_1_395' title='bbox 166 2015 418 2053; x_wconf 83' lang='lat' dir='ltr'>locationibus</span> <span class='ocrx_word' id='word_1_396' title='bbox 429 2015 623 2053; x_wconf 86' lang='lat' dir='ltr'>salubritas.</span> <span class='ocrx_word' id='word_1_397' title='bbox 657 2017 782 2066; x_wconf 86' lang='lat' dir='ltr'>Itaque</span> <span class='ocrx_word' id='word_1_398' title='bbox 792 2019 903 2054; x_wconf 82' lang='lat' dir='ltr'>etiam</span> <span class='ocrx_word' id='word_1_399' title='bbox 923 2027 1092 2056; x_wconf 86' lang='lat' dir='ltr'>veterum</span> <span class='ocrx_word' id='word_1_400' title='bbox 1114 2017 1373 2055; x_wconf 86' lang='lat' dir='ltr'>revocandum</span> <span class='ocrx_word' id='word_1_401' title='bbox 1397 2014 1529 2053; x_wconf 88' lang='lat' dir='ltr'>censeo</span> <span class='ocrx_word' id='word_1_402' title='bbox 1550 2016 1749 2052; x_wconf 87' lang='lat' dir='ltr'>rationem.</span> 
     </span>
     <span class='ocr_line' id='line_1_37' title="bbox 167 2069 1754 2123; baseline -0.001 -14"><span class='ocrx_word' id='word_1_403' title='bbox 167 2072 335 2116; x_wconf 81' lang='lat' dir='ltr'>Maiores</span> <span class='ocrx_word' id='word_1_404' title='bbox 345 2074 444 2109; x_wconf 89' lang='lat' dir='ltr'>enim</span> <span class='ocrx_word' id='word_1_405' title='bbox 457 2069 476 2107; x_wconf 78' lang='grc' dir='ltr'>ὲ</span> <span class='ocrx_word' id='word_1_406' title='bbox 491 2071 687 2121; x_wconf 84' lang='lat' dir='ltr'>pecoribus</span> <span class='ocrx_word' id='word_1_407' title='bbox 700 2073 904 2110; x_wconf 87' lang='lat' dir='ltr'>immolatis</span> <span class='ocrx_word' id='word_1_408' title='bbox 915 2102 924 2117; x_wconf 89' lang='lat'>‚</span> <span class='ocrx_word' id='word_1_409' title='bbox 947 2086 1027 2123; x_wconf 88' lang='lat' dir='ltr'>quae</span> <span class='ocrx_word' id='word_1_410' title='bbox 1046 2072 1285 2121; x_wconf 84' lang='lat' dir='ltr'>pascebantur</span> <span class='ocrx_word' id='word_1_411' title='bbox 1304 2075 1341 2109; x_wconf 87' lang='lat' dir='ltr'>in</span> <span class='ocrx_word' id='word_1_412' title='bbox 1352 2073 1392 2108; x_wconf 90' lang='lat' dir='ltr'>iis</span> <span class='ocrx_word' id='word_1_413' title='bbox 1402 2072 1495 2108; x_wconf 91' lang='lat' dir='ltr'>locis</span> <span class='ocrx_word' id='word_1_414' title='bbox 1508 2097 1516 2110; x_wconf 93' lang='lat'>,</span> <span class='ocrx_word' id='word_1_415' title='bbox 1541 2070 1676 2118; x_wconf 87' lang='lat' dir='ltr'>quibus</span> <span class='ocrx_word' id='word_1_416' title='bbox 1689 2079 1754 2108; x_wconf 85' lang='lat' dir='ltr'>aut</span> 
     </span>
     <span class='ocr_line' id='line_1_38' title="bbox 167 2125 1754 2179; baseline -0.002 -15"><span class='ocrx_word' id='word_1_417' title='bbox 167 2127 305 2176; x_wconf 87' lang='lat' dir='ltr'>oppida</span> <span class='ocrx_word' id='word_1_418' title='bbox 316 2138 376 2164; x_wconf 89' lang='lat' dir='ltr'>aut</span> <span class='ocrx_word' id='word_1_419' title='bbox 388 2127 498 2165; x_wconf 87' lang='lat' dir='ltr'>castra</span> <span class='ocrx_word' id='word_1_420' title='bbox 510 2127 631 2166; x_wconf 87' lang='lat' dir='ltr'>stativa</span> <span class='ocrx_word' id='word_1_421' title='bbox 644 2127 961 2165; x_wconf 87' lang='lat' dir='ltr'>constituebantur</span> <span class='ocrx_word' id='word_1_422' title='bbox 973 2157 982 2172; x_wconf 92' lang='lat'>‚</span> <span class='ocrx_word' id='word_1_423' title='bbox 1007 2127 1245 2179; x_wconf 85' lang='lat' dir='ltr'>inspiciebant</span> <span class='ocrx_word' id='word_1_424' title='bbox 1257 2129 1431 2174; x_wconf 86' lang='lat' dir='ltr'>jecinora,</span> <span class='ocrx_word' id='word_1_425' title='bbox 1443 2128 1479 2162; x_wconf 76' lang='grc' dir='ltr'>ὃ(</span> <span class='ocrx_word' id='word_1_426' title='bbox 1491 2125 1516 2162; x_wconf 90' lang='lat' dir='ltr'>si</span> <span class='ocrx_word' id='word_1_427' title='bbox 1529 2134 1628 2162; x_wconf 89' lang='lat' dir='ltr'>erant</span> <span class='ocrx_word' id='word_1_428' title='bbox 1640 2125 1754 2164; x_wconf 82' lang='lat' dir='ltr'>livida</span> 
     </span>
     <span class='ocr_line' id='line_1_39' title="bbox 168 2181 1754 2232; baseline -0.001 -13"><span class='ocrx_word' id='word_1_429' title='bbox 168 2185 205 2219; x_wconf 70' lang='grc' dir='ltr'>ὅ(</span> <span class='ocrx_word' id='word_1_430' title='bbox 219 2181 347 2219; x_wconf 85' lang='lat' dir='ltr'>vitiosa</span> <span class='ocrx_word' id='word_1_431' title='bbox 359 2184 498 2232; x_wconf 86' lang='lat' dir='ltr'>prima,</span> <span class='ocrx_word' id='word_1_432' title='bbox 518 2183 585 2220; x_wconf 87' lang='lat' dir='ltr'>alia</span> <span class='ocrx_word' id='word_1_433' title='bbox 603 2184 875 2227; x_wconf 87' lang='lat' dir='ltr'>immolabant,</span> <span class='ocrx_word' id='word_1_434' title='bbox 894 2183 1104 2221; x_wconf 89' lang='lat' dir='ltr'>dubitantes</span> <span class='ocrx_word' id='word_1_435' title='bbox 1122 2192 1246 2219; x_wconf 88' lang='lat' dir='ltr'>utrum</span> <span class='ocrx_word' id='word_1_436' title='bbox 1266 2182 1428 2225; x_wconf 88' lang='lat' dir='ltr'>morbo,</span> <span class='ocrx_word' id='word_1_437' title='bbox 1452 2192 1497 2217; x_wconf 92' lang='lat' dir='ltr'>an</span> <span class='ocrx_word' id='word_1_438' title='bbox 1514 2181 1639 2231; x_wconf 89' lang='lat' dir='ltr'>pabuli</span> <span class='ocrx_word' id='word_1_439' title='bbox 1658 2182 1754 2219; x_wconf 90' lang='lat' dir='ltr'>vitio</span> 
     </span>
     <span class='ocr_line' id='line_1_40' title="bbox 168 2236 1754 2288; baseline -0.001 -14"><span class='ocrx_word' id='word_1_440' title='bbox 168 2237 246 2274; x_wconf 79' lang='lat' dir='ltr'>laesa</span> <span class='ocrx_word' id='word_1_441' title='bbox 268 2239 389 2275; x_wconf 80' lang='lat' dir='ltr'>effent.</span> <span class='ocrx_word' id='word_1_442' title='bbox 424 2237 523 2274; x_wconf 90' lang='lat' dir='ltr'>Cum</span> <span class='ocrx_word' id='word_1_443' title='bbox 543 2239 706 2288; x_wconf 89' lang='lat' dir='ltr'>pluribus</span> <span class='ocrx_word' id='word_1_444' title='bbox 725 2239 866 2287; x_wconf 85' lang='lat' dir='ltr'>experti</span> <span class='ocrx_word' id='word_1_445' title='bbox 882 2249 986 2276; x_wconf 86' lang='lat' dir='ltr'>erant</span> <span class='ocrx_word' id='word_1_446' title='bbox 1005 2241 1043 2275; x_wconf 84' lang='lat'>&amp;</span> <span class='ocrx_word' id='word_1_447' title='bbox 1060 2239 1309 2288; x_wconf 85' lang='lat' dir='ltr'>probaverant</span> <span class='ocrx_word' id='word_1_448' title='bbox 1336 2239 1518 2285; x_wconf 73' lang='lat' dir='ltr'>‘integram</span> <span class='ocrx_word' id='word_1_449' title='bbox 1538 2236 1575 2272; x_wconf 87' lang='lat'>&amp;</span> <span class='ocrx_word' id='word_1_450' title='bbox 1599 2236 1754 2273; x_wconf 89' lang='lat' dir='ltr'>solidam</span> 
     </span>
     <span class='ocr_line' id='line_1_41' title="bbox 167 2291 1754 2341; baseline -0.003 -11"><span class='ocrx_word' id='word_1_451' title='bbox 167 2304 334 2330; x_wconf 88' lang='lat' dir='ltr'>naturam</span> <span class='ocrx_word' id='word_1_452' title='bbox 346 2294 552 2339; x_wconf 87' lang='lat' dir='ltr'>jecinorum</span> <span class='ocrx_word' id='word_1_453' title='bbox 563 2305 606 2328; x_wconf 85' lang='lat' dir='ltr'>ex</span> <span class='ocrx_word' id='word_1_454' title='bbox 619 2303 712 2341; x_wconf 86' lang='lat' dir='ltr'>aqua</span> <span class='ocrx_word' id='word_1_455' title='bbox 723 2294 759 2329; x_wconf 77' lang='grc' dir='ltr'>ὅ(</span> <span class='ocrx_word' id='word_1_456' title='bbox 770 2293 976 2341; x_wconf 89' lang='lat' dir='ltr'>pabulo‚ibi</span> <span class='ocrx_word' id='word_1_457' title='bbox 987 2291 1259 2329; x_wconf 86' lang='lat' dir='ltr'>constituebant</span> <span class='ocrx_word' id='word_1_458' title='bbox 1270 2293 1510 2329; x_wconf 88' lang='lat' dir='ltr'>munitiones.</span> <span class='ocrx_word' id='word_1_459' title='bbox 1520 2292 1558 2328; x_wconf 88' lang='lat' dir='ltr'>Si</span> <span class='ocrx_word' id='word_1_460' title='bbox 1569 2302 1692 2329; x_wconf 85' lang='lat' dir='ltr'>autern</span> <span class='ocrx_word' id='word_1_461' title='bbox 1704 2292 1754 2328; x_wconf 87' lang='lat' dir='ltr'>vi-</span> 
     </span>
     <span class='ocr_line' id='line_1_42' title="bbox 167 2346 1752 2398; baseline -0.003 -12"><span class='ocrx_word' id='word_1_462' title='bbox 167 2348 506 2386; x_wconf 75' lang='lat' dir='ltr'>tiosainvcniebant</span> <span class='ocrx_word' id='word_1_463' title='bbox 518 2348 657 2384; x_wconf 89' lang='lat' dir='ltr'>indicio</span> <span class='ocrx_word' id='word_1_464' title='bbox 670 2376 679 2391; x_wconf 87' lang='lat'>‚</span> <span class='ocrx_word' id='word_1_465' title='bbox 698 2346 973 2385; x_wconf 80' lang='lat' dir='ltr'>transferebant.</span> <span class='ocrx_word' id='word_1_466' title='bbox 987 2348 1089 2385; x_wconf 87' lang='lat' dir='ltr'>Idem</span> <span class='ocrx_word' id='word_1_467' title='bbox 1100 2349 1136 2383; x_wconf 90' lang='lat' dir='ltr'>in</span> <span class='ocrx_word' id='word_1_468' title='bbox 1154 2346 1321 2385; x_wconf 86' lang='lat' dir='ltr'>humanis</span> <span class='ocrx_word' id='word_1_469' title='bbox 1333 2348 1573 2397; x_wconf 81' lang='lat' dir='ltr'>corporibus;</span> <span class='ocrx_word' id='word_1_470' title='bbox 1589 2347 1752 2398; x_wconf 89' lang='lat' dir='ltr'>pestilen-</span> 
     </span>
     <span class='ocr_line' id='line_1_43' title="bbox 168 2403 1749 2454; baseline -0.002 -13"><span class='ocrx_word' id='word_1_471' title='bbox 168 2415 247 2442; x_wconf 89' lang='lat' dir='ltr'>tem</span> <span class='ocrx_word' id='word_1_472' title='bbox 259 2404 421 2441; x_wconf 85' lang='lat' dir='ltr'>futuram</span> <span class='ocrx_word' id='word_1_473' title='bbox 433 2404 638 2441; x_wconf 86' lang='lat' dir='ltr'>nascentem</span> <span class='ocrx_word' id='word_1_474' title='bbox 657 2404 695 2439; x_wconf 90' lang='lat' dir='ltr'>in</span> <span class='ocrx_word' id='word_1_475' title='bbox 715 2405 756 2440; x_wconf 89' lang='lat' dir='ltr'>iis</span> <span class='ocrx_word' id='word_1_476' title='bbox 768 2404 861 2439; x_wconf 92' lang='lat' dir='ltr'>locis</span> <span class='ocrx_word' id='word_1_477' title='bbox 871 2416 972 2452; x_wconf 80' lang='lat' dir='ltr'>aquae</span> <span class='ocrx_word' id='word_1_478' title='bbox 985 2403 1132 2452; x_wconf 86' lang='lat' dir='ltr'>cibique</span> <span class='ocrx_word' id='word_1_479' title='bbox 1144 2405 1308 2454; x_wconf 87' lang='lat' dir='ltr'>copiam.</span> <span class='ocrx_word' id='word_1_480' title='bbox 1332 2403 1376 2440; x_wconf 89' lang='lat' dir='ltr'>Et</span> <span class='ocrx_word' id='word_1_481' title='bbox 1388 2405 1437 2440; x_wconf 88' lang='lat' dir='ltr'>ita</span> <span class='ocrx_word' id='word_1_482' title='bbox 1445 2403 1749 2451; x_wconf 83' lang='lat' dir='ltr'>transmigrabant</span> 
     </span>
     <span class='ocr_line' id='line_1_44' title="bbox 170 2458 1752 2508; baseline -0.001 -11"><span class='ocrx_word' id='word_1_483' title='bbox 170 2463 209 2497; x_wconf 67' lang='grc' dir='ltr'>ὅς</span> <span class='ocrx_word' id='word_1_484' title='bbox 231 2460 426 2497; x_wconf 84' lang='lat' dir='ltr'>mutabant</span> <span class='ocrx_word' id='word_1_485' title='bbox 445 2461 614 2508; x_wconf 91' lang='lat' dir='ltr'>regiones</span> <span class='ocrx_word' id='word_1_486' title='bbox 636 2487 646 2502; x_wconf 85' lang='lat'>‚</span> <span class='ocrx_word' id='word_1_487' title='bbox 675 2468 878 2507; x_wconf 83' lang='lat' dir='ltr'>quaerentes</span> <span class='ocrx_word' id='word_1_488' title='bbox 897 2458 1073 2495; x_wconf 88' lang='lat' dir='ltr'>omnibus</span> <span class='ocrx_word' id='word_1_489' title='bbox 1092 2458 1200 2495; x_wconf 91' lang='lat' dir='ltr'>rebus</span> <span class='ocrx_word' id='word_1_490' title='bbox 1227 2458 1486 2497; x_wconf 85' lang='lat' dir='ltr'>salubritatem.</span> <span class='ocrx_word' id='word_1_491' title='bbox 1518 2458 1606 2494; x_wconf 88' lang='lat' dir='ltr'>Hoc</span> <span class='ocrx_word' id='word_1_492' title='bbox 1625 2467 1752 2495; x_wconf 89' lang='lat' dir='ltr'>autem</span> 
     </span>
     <span class='ocr_line' id='line_1_45' title="bbox 169 2511 1753 2566; baseline -0.003 -13"><span class='ocrx_word' id='word_1_493' title='bbox 169 2516 270 2561; x_wconf 87' lang='lat' dir='ltr'>fieri,</span> <span class='ocrx_word' id='word_1_494' title='bbox 290 2517 344 2552; x_wconf 89' lang='lat' dir='ltr'>uti</span> <span class='ocrx_word' id='word_1_495' title='bbox 365 2515 504 2566; x_wconf 89' lang='lat' dir='ltr'>pabulo</span> <span class='ocrx_word' id='word_1_496' title='bbox 524 2514 686 2563; x_wconf 89' lang='lat' dir='ltr'>ciboque</span> <span class='ocrx_word' id='word_1_497' title='bbox 705 2514 858 2551; x_wconf 84' lang='lat' dir='ltr'>salubres</span> <span class='ocrx_word' id='word_1_498' title='bbox 877 2517 1118 2564; x_wconf 83' lang='lat' dir='ltr'>proprietates</span> <span class='ocrx_word' id='word_1_499' title='bbox 1137 2524 1239 2552; x_wconf 85' lang='lat' dir='ltr'>terrae</span> <span class='ocrx_word' id='word_1_500' title='bbox 1258 2514 1472 2552; x_wconf 84' lang='lat' dir='ltr'>videantur,</span> <span class='ocrx_word' id='word_1_501' title='bbox 1492 2514 1579 2549; x_wconf 90' lang='lat' dir='ltr'>licet</span> <span class='ocrx_word' id='word_1_502' title='bbox 1589 2511 1753 2548; x_wconf 83' lang='lat' dir='ltr'>animad-</span> 
     </span>
     <span class='ocr_line' id='line_1_46' title="bbox 170 2567 1752 2620; baseline -0.005 -9"><span class='ocrx_word' id='word_1_503' title='bbox 170 2570 358 2611; x_wconf 70' lang='lat' dir='ltr'>vertere&amp;</span> <span class='ocrx_word' id='word_1_504' title='bbox 371 2570 597 2619; x_wconf 81' lang='lat' dir='ltr'>cognoscere</span> <span class='ocrx_word' id='word_1_505' title='bbox 617 2582 660 2607; x_wconf 89' lang='lat' dir='ltr'>ex</span> <span class='ocrx_word' id='word_1_506' title='bbox 671 2572 763 2620; x_wconf 84' lang='lat' dir='ltr'>agris</span> <span class='ocrx_word' id='word_1_507' title='bbox 785 2569 1037 2609; x_wconf 87' lang='lat' dir='ltr'>Cretensium,</span> <span class='ocrx_word' id='word_1_508' title='bbox 1063 2568 1218 2618; x_wconf 89' lang='lat' dir='ltr'>quisunt</span> <span class='ocrx_word' id='word_1_509' title='bbox 1238 2572 1336 2606; x_wconf 88' lang='lat' dir='ltr'>circa</span> <span class='ocrx_word' id='word_1_510' title='bbox 1357 2569 1581 2606; x_wconf 86' lang='lat' dir='ltr'>Pothereum</span> <span class='ocrx_word' id='word_1_511' title='bbox 1593 2567 1752 2612; x_wconf 88' lang='lat' dir='ltr'>flumen,</span> 
     </span>
     <span class='ocr_line' id='line_1_47' title="bbox 171 2621 1755 2677; baseline -0.002 -13"><span class='ocrx_word' id='word_1_512' title='bbox 171 2627 276 2677; x_wconf 87' lang='lat' dir='ltr'>quod</span> <span class='ocrx_word' id='word_1_513' title='bbox 287 2627 335 2663; x_wconf 89' lang='lat' dir='ltr'>est</span> <span class='ocrx_word' id='word_1_514' title='bbox 347 2626 469 2664; x_wconf 79' lang='lat' dir='ltr'>Cretae</span> <span class='ocrx_word' id='word_1_515' title='bbox 482 2628 574 2661; x_wconf 90' lang='lat' dir='ltr'>inter</span> <span class='ocrx_word' id='word_1_516' title='bbox 585 2625 672 2663; x_wconf 88' lang='lat' dir='ltr'>duas</span> <span class='ocrx_word' id='word_1_517' title='bbox 684 2627 848 2662; x_wconf 87' lang='lat' dir='ltr'>civitates</span> <span class='ocrx_word' id='word_1_518' title='bbox 860 2624 1014 2662; x_wconf 90' lang='lat' dir='ltr'>Gnoson</span> <span class='ocrx_word' id='word_1_519' title='bbox 1027 2625 1063 2662; x_wconf 73' lang='grc' dir='ltr'>δε</span> <span class='ocrx_word' id='word_1_520' title='bbox 1077 2625 1287 2674; x_wconf 83' lang='lat' dir='ltr'>Cortynam</span> <span class='ocrx_word' id='word_1_521' title='bbox 1302 2637 1309 2659; x_wconf 78' lang='lat' dir='ltr'>t</span> <span class='ocrx_word' id='word_1_522' title='bbox 1331 2625 1454 2661; x_wconf 78' lang='lat' dir='ltr'>dextra</span> <span class='ocrx_word' id='word_1_523' title='bbox 1464 2624 1563 2659; x_wconf 89' lang='lat' dir='ltr'>enim</span> <span class='ocrx_word' id='word_1_524' title='bbox 1574 2624 1611 2660; x_wconf 76' lang='grc' dir='ltr'>ὅ(</span> <span class='ocrx_word' id='word_1_525' title='bbox 1621 2621 1755 2661; x_wconf 78' lang='lat' dir='ltr'>sinistra</span> 
     </span>
     <span class='ocr_line' id='line_1_48' title="bbox 172 2676 1755 2732; baseline -0.004 -12"><span class='ocrx_word' id='word_1_526' title='bbox 172 2685 248 2731; x_wconf 85' lang='lat' dir='ltr'>ejus</span> <span class='ocrx_word' id='word_1_527' title='bbox 259 2683 428 2721; x_wconf 87' lang='lat' dir='ltr'>fluminis,</span> <span class='ocrx_word' id='word_1_528' title='bbox 442 2680 639 2732; x_wconf 88' lang='lat' dir='ltr'>pascuntur</span> <span class='ocrx_word' id='word_1_529' title='bbox 649 2692 798 2732; x_wconf 86' lang='lat' dir='ltr'>pecora:</span> <span class='ocrx_word' id='word_1_530' title='bbox 811 2680 869 2717; x_wconf 90' lang='lat' dir='ltr'>sed</span> <span class='ocrx_word' id='word_1_531' title='bbox 881 2693 924 2718; x_wconf 86' lang='lat' dir='ltr'>cx</span> <span class='ocrx_word' id='word_1_532' title='bbox 933 2683 991 2727; x_wconf 86' lang='lat' dir='ltr'>iis,</span> <span class='ocrx_word' id='word_1_533' title='bbox 1003 2693 1083 2730; x_wconf 84' lang='lat' dir='ltr'>quae</span> <span class='ocrx_word' id='word_1_534' title='bbox 1093 2681 1288 2730; x_wconf 86' lang='lat' dir='ltr'>pascuntur</span> <span class='ocrx_word' id='word_1_535' title='bbox 1297 2681 1467 2730; x_wconf 87' lang='lat' dir='ltr'>proxime</span> <span class='ocrx_word' id='word_1_536' title='bbox 1480 2677 1651 2723; x_wconf 87' lang='lat' dir='ltr'>Gnoson,</span> <span class='ocrx_word' id='word_1_537' title='bbox 1663 2676 1755 2728; x_wconf 90' lang='lat' dir='ltr'>sple-</span> 
     </span>
     <span class='ocr_line' id='line_1_49' title="bbox 1140 2736 1755 2771; baseline 0 0"><span class='ocrx_word' id='word_1_538' title='bbox 1140 2736 1169 2771; x_wconf 92' lang='lat' dir='ltr'>B</span> <span class='ocrx_word' id='word_1_539' title='bbox 1667 2745 1755 2771; x_wconf 89' lang='lat' dir='ltr'>nem</span> 
     </span>
    </p>

    <p class='ocr_par' dir='ltr' id='par_1_3' title="bbox 177 2816 1758 2858">
     <span class='ocr_line' id='line_1_50' title="bbox 177 2816 1758 2858; baseline -0.003 -11"><span class='ocrx_word' id='word_1_540' title='bbox 177 2819 207 2854; x_wconf 72' lang='lat' dir='ltr'>d]</span> <span class='ocrx_word' id='word_1_541' title='bbox 228 2820 335 2848; x_wconf 77' lang='lat' dir='ltr'>Editum</span> <span class='ocrx_word' id='word_1_542' title='bbox 351 2818 402 2848; x_wconf 82' lang='lat' dir='ltr'>fuit</span> <span class='ocrx_word' id='word_1_543' title='bbox 417 2830 511 2858; x_wconf 85' lang='lat' dir='ltr'>parum</span> <span class='ocrx_word' id='word_1_544' title='bbox 528 2820 543 2849; x_wconf 68' lang='lat' dir='ltr'>a</span> <span class='ocrx_word' id='word_1_545' title='bbox 555 2819 678 2848; x_wconf 75' lang='lat' dir='ltr'>Barbam.</span> <span class='ocrx_word' id='word_1_546' title='bbox 700 2820 771 2848; x_wconf 87' lang='lat' dir='ltr'>Cod.</span> <span class='ocrx_word' id='word_1_547' title='bbox 789 2829 877 2848; x_wconf 77' lang='lat' dir='ltr'>autem</span> <span class='ocrx_word' id='word_1_548' title='bbox 898 2817 1172 2856; x_wconf 77' lang='lat' dir='ltr'>Arundcl.hic10nge</span> <span class='ocrx_word' id='word_1_549' title='bbox 1188 2819 1265 2844; x_wconf 79' lang='lat' dir='ltr'>aliam</span> <span class='ocrx_word' id='word_1_550' title='bbox 1282 2816 1424 2844; x_wconf 76' lang='lat' dir='ltr'>lcecionem</span> <span class='ocrx_word' id='word_1_551' title='bbox 1442 2816 1583 2856; x_wconf 52' lang='lat' dir='ltr'>suggerem</span> <span class='ocrx_word' id='word_1_552' title='bbox 1605 2816 1673 2843; x_wconf 86' lang='lat' dir='ltr'>delet</span> <span class='ocrx_word' id='word_1_553' title='bbox 1685 2816 1758 2843; x_wconf 82' lang='lat' dir='ltr'>enim</span> 
     </span>
    </p>

    <p class='ocr_par' dir='ltr' id='par_1_4' title="bbox 217 2856 1759 2899">
     <span class='ocr_line' id='line_1_51' title="bbox 217 2856 1759 2899; baseline -0.005 -9"><span class='ocrx_word' id='word_1_554' title='bbox 217 2858 280 2888; x_wconf 71' lang='lat' dir='ltr'>illud</span> <span class='ocrx_word' id='word_1_555' title='bbox 294 2868 397 2897; x_wconf 76' lang='lat' dir='ltr'>parum,</span> <span class='ocrx_word' id='word_1_556' title='bbox 408 2866 431 2890; x_wconf 73' lang='lat'>8&lt;</span> <span class='ocrx_word' id='word_1_557' title='bbox 442 2862 497 2897; x_wconf 80' lang='lat' dir='ltr'>ejus</span> <span class='ocrx_word' id='word_1_558' title='bbox 507 2862 570 2889; x_wconf 89' lang='lat' dir='ltr'>loco</span> <span class='ocrx_word' id='word_1_559' title='bbox 581 2860 660 2888; x_wconf 78' lang='lat' dir='ltr'>habet</span> <span class='ocrx_word' id='word_1_560' title='bbox 673 2880 680 2892; x_wconf 86' lang='lat'>,</span> <span class='ocrx_word' id='word_1_561' title='bbox 697 2868 847 2899; x_wconf 79' lang='lat' dir='ltr'>quapropter</span> <span class='ocrx_word' id='word_1_562' title='bbox 856 2873 863 2887; x_wconf 89' lang='lat'><em>:</em></span> <span class='ocrx_word' id='word_1_563' title='bbox 881 2868 909 2887; x_wconf 93' lang='lat' dir='ltr'>ut</span> <span class='ocrx_word' id='word_1_564' title='bbox 919 2859 1023 2898; x_wconf 69' lang='lat' dir='ltr'>leg-‘itur</span> <span class='ocrx_word' id='word_1_565' title='bbox 1034 2871 1041 2890; x_wconf 73' lang='lat'>3</span> <span class='ocrx_word' id='word_1_566' title='bbox 1062 2859 1176 2886; x_wconf 72' lang='lat' dir='ltr'>humoris</span> <span class='ocrx_word' id='word_1_567' title='bbox 1185 2856 1280 2884; x_wconf 78' lang='lat' dir='ltr'>habent</span> <span class='ocrx_word' id='word_1_568' title='bbox 1290 2857 1369 2893; x_wconf 80' lang='lat' dir='ltr'>oppida</span> <span class='ocrx_word' id='word_1_569' title='bbox 1379 2878 1386 2889; x_wconf 85' lang='lat'><strong>‚</strong></span> <span class='ocrx_word' id='word_1_570' title='bbox 1405 2865 1554 2895; x_wconf 76' lang='lat' dir='ltr'>quapropter</span> <span class='ocrx_word' id='word_1_571' title='bbox 1562 2866 1609 2895; x_wconf 81' lang='lat' dir='ltr'>quo</span> <span class='ocrx_word' id='word_1_572' title='bbox 1618 2859 1703 2884; x_wconf 69' lang='lat' dir='ltr'>mimos</span> <span class='ocrx_word' id='word_1_573' title='bbox 1710 2856 1759 2883; x_wconf 82' lang='lat' dir='ltr'>ha-</span> 
     </span>
    </p>
   </div>
   <div class='ocr_carea' id='block_1_3' title="bbox 221 2895 1755 2939">
    <p class='ocr_par' dir='ltr' id='par_1_5' title="bbox 221 2895 1755 2939">
     <span class='ocr_line' id='line_1_52' title="bbox 221 2895 1755 2939; baseline -0.002 -14"><span class='ocrx_word' id='word_1_574' title='bbox 221 2898 278 2926; x_wconf 77' lang='lat' dir='ltr'>bent</span> <span class='ocrx_word' id='word_1_575' title='bbox 289 2900 301 2927; x_wconf 76' lang='grc' dir='ltr'>ὶ</span> <span class='ocrx_word' id='word_1_576' title='bbox 307 2903 431 2939; x_wconf 69' lang='lat' dir='ltr'>principiis</span> <span class='ocrx_word' id='word_1_577' title='bbox 440 2902 551 2929; x_wconf 68' lang='lat' dir='ltr'>humoris</span> <span class='ocrx_word' id='word_1_578' title='bbox 560 2904 586 2929; x_wconf 88' lang='lat' dir='ltr'>in</span> <span class='ocrx_word' id='word_1_579' title='bbox 597 2908 699 2938; x_wconf 81' lang='lat' dir='ltr'>corpore,</span> <span class='ocrx_word' id='word_1_580' title='bbox 705 2900 820 2937; x_wconf 70' lang='lat' dir='ltr'>faulum,</span> <span class='ocrx_word' id='word_1_581' title='bbox 831 2899 886 2934; x_wconf 59' lang='lat' dir='ltr'>&amp;aa</span> <span class='ocrx_word' id='word_1_582' title='bbox 899 2900 961 2927; x_wconf 83' lang='lat' dir='ltr'>Fere</span> <span class='ocrx_word' id='word_1_583' title='bbox 973 2900 999 2926; x_wconf 88' lang='lat' dir='ltr'>iri</span> <span class='ocrx_word' id='word_1_584' title='bbox 1010 2899 1128 2926; x_wconf 81' lang='lat' dir='ltr'>animum</span> <span class='ocrx_word' id='word_1_585' title='bbox 1139 2898 1236 2925; x_wconf 88' lang='lat' dir='ltr'>induco</span> <span class='ocrx_word' id='word_1_586' title='bbox 1249 2897 1392 2936; x_wconf 77' lang='lat' dir='ltr'>legendum</span> <span class='ocrx_word' id='word_1_587' title='bbox 1402 2895 1453 2927; x_wconf 84' lang='lat' dir='ltr'>effe</span> <span class='ocrx_word' id='word_1_588' title='bbox 1462 2907 1511 2938; x_wconf 84' lang='lat' dir='ltr'>pro</span> <span class='ocrx_word' id='word_1_589' title='bbox 1526 2906 1574 2936; x_wconf 76' lang='lat' dir='ltr'>quo</span> <span class='ocrx_word' id='word_1_590' title='bbox 1590 2898 1674 2925; x_wconf 61' lang='lat' dir='ltr'>mimos</span> <span class='ocrx_word' id='word_1_591' title='bbox 1683 2917 1689 2927; x_wconf 87' lang='lat'><em>.</em></span> <span class='ocrx_word' id='word_1_592' title='bbox 1706 2905 1755 2935; x_wconf 81' lang='lat' dir='ltr'>quo</span> 
     </span>
    </p>
   </div>
   <div class='ocr_carea' id='block_1_4' title="bbox 219 2938 1757 3011">
    <p class='ocr_par' dir='ltr' id='par_1_6' title="bbox 219 2938 1757 3011">
     <span class='ocr_line' id='line_1_53' title="bbox 219 2938 1741 3011; baseline -0.004 -45"><span class='ocrx_word' id='word_1_593' title='bbox 219 2941 316 2977; x_wconf 45' lang='lat' dir='ltr'>magia</span> <span class='ocrx_word' id='word_1_594' title='bbox 332 2951 390 2970; x_wconf 83' lang='lat' dir='ltr'>narn</span> <span class='ocrx_word' id='word_1_595' title='bbox 401 2941 482 2982; x_wconf 81' lang='lat' dir='ltr'>pisces</span> <span class='ocrx_word' id='word_1_596' title='bbox 492 2943 637 2982; x_wconf 80' lang='lat' dir='ltr'>plurimum</span> <span class='ocrx_word' id='word_1_597' title='bbox 646 2939 765 2971; x_wconf 79' lang='lat' dir='ltr'>humoris</span> <span class='ocrx_word' id='word_1_598' title='bbox 776 2940 872 2970; x_wconf 80' lang='lat' dir='ltr'>habere</span> <span class='ocrx_word' id='word_1_599' title='bbox 887 2940 915 2969; x_wconf 84' lang='lat' dir='ltr'>i&#39;n</span> <span class='ocrx_word' id='word_1_600' title='bbox 926 2949 1049 2979; x_wconf 78' lang='lat' dir='ltr'>corpore,</span> <span class='ocrx_word' id='word_1_601' title='bbox 1057 2938 1140 2968; x_wconf 83' lang='lat' dir='ltr'>sensus</span> <span class='ocrx_word' id='word_1_602' title='bbox 1151 2938 1196 2977; x_wconf 82' lang='lat' dir='ltr'>ipii</span> <span class='ocrx_word' id='word_1_603' title='bbox 1205 2938 1342 2968; x_wconf 84' lang='lat' dir='ltr'>evincunt.</span> <span class='ocrx_word' id='word_1_604' title='bbox 1669 2974 1741 3011; x_wconf 76' lang='lat' dir='ltr'><strong>]V‘d</strong></span> 
     </span>
     <span class='ocr_line' id='line_1_54' title="bbox 1654 2984 1757 3005; baseline -0.019 0"><span class='ocrx_word' id='word_1_605' title='bbox 1654 2987 1667 3005; x_wconf 80' lang='lat' dir='ltr'>e</span> <span class='ocrx_word' id='word_1_606' title='bbox 1714 2985 1721 3003; x_wconf 91' lang='lat' dir='ltr'>i</span> <span class='ocrx_word' id='word_1_607' title='bbox 1743 2984 1757 3004; x_wconf 85' lang='lat' dir='ltr'>e</span> 
     </span>
    </p>
   </div>
  </div>
 </body>
</html>
