2023 3162
280 96 353 128 ηε
689 66 1512 121 ΒεδιοΝιἙιοΑτιόΝε

273 157 397 195 Verba
406 155 484 193 haec
495 152 541 191 ad
549 154 688 192 volutae
699 150 937 190 emendatam
952 148 1236 200 descriptionem
1247 150 1442 201 pertinent.
1464 154 1720 193 Tetrantorum,
1742 150 1861 199 inquit

274 211 468 250 Philauder
479 237 486 250 ,
492 221 556 263 pro
574 217 769 245 tetrantum
778 204 917 256 flexum
927 204 986 254 cst.
1016 211 1108 240 Sunt
1118 213 1235 241 autem
1244 213 1410 241 tetrantes
1422 209 1472 242 rei
1483 203 1518 240 di
1527 203 1600 256 viſse
1608 205 1644 241 in
1649 215 1766 257 partes
1778 211 1864 257 qua-

272 277 352 305 tuor
360 264 503 319 fingiilae
516 265 608 301 lirieae
619 291 627 303 ,
643 260 709 313 stri
713 263 828 314 potitis
838 258 1024 296 intervalla
1033 257 1116 311 ipfiz.
1150 261 1308 297 Tetrans
1320 261 1446 297 circuli
1457 271 1587 308 quarta
1599 273 1680 309 pars
1693 261 1741 298 est
1752 291 1761 305 ‚
1775 262 1860 298 dua-

276 324 343 361 bus
354 335 490 372 nempe
499 322 602 358 lineis
612 330 675 368 per
687 327 861 355 centrum
872 315 917 352 ad
928 315 1049 352 rectos
1062 316 1223 364 angulos
1241 316 1261 351 s
1255 316 1336 352 esti.
1369 316 1605 370 Qadrantcs
1624 317 1752 353 Latina
1763 328 1861 353 voce

274 380 332 417 hae
349 389 466 428 partes
483 376 720 426 appellantur.
750 374 807 409 Ita
827 372 928 407 enim
948 370 1170 420 quadrantes
1189 370 1209 407 a
1227 380 1407 420 quatuor,
1431 380 1472 408 ut
1490 368 1861 420 teti-antesan'v‘la&‚

276 435 384 484 quod
402 434 502 469 idem
514 428 704 479 fignificat.
734 428 892 463 Tetrans
905 428 1013 475 igitur
1021 426 1155 464 Latina
1164 439 1240 464 vox
1252 427 1318 464 est,
1333 426 1493 463 aGraeca
1512 426 1652 463 ducens
1664 429 1862 476 originem,

275 489 457 540 quadrans
471 497 593 525 autem
604 496 687 522 vere
699 483 842 520 Latina.
862 482 982 520 Graeci
991 494 1059 533 pro
1069 492 1226 519 tetrante
1237 479 1479 533 quwfidfflov
1491 481 1637 521 dicunt,
1652 484 1688 518 ὅ(
1700 484 1747 519 ita
1760 495 1865 531 quar-

276 557 352 583 tam
362 544 468 581 oboli
477 542 664 579 vocabant
673 548 828 589 partem,
842 550 954 587 quam
966 538 1119 587 quidem
1130 538 1374 587 quadrantem
1385 538 1510 575 dixere
1522 538 1643 574 Latini
1654 566 1664 581 ‚
1677 538 1739 586 qui
1753 540 1863 576 etiam

278 611 447 649 quartam
466 596 546 634 affis
566 606 709 648 partem
721 624 732 640 ,
750 593 829 631 hoc
840 594 889 631 est
909 595 1119 631 teruncium
1131 623 1140 639 ‚
1152 596 1200 631 ita
1221 606 1414 633 vocavere.
1445 594 1528 631 Hac
1538 605 1635 631 voce
1645 594 1725 630 usus
1735 592 1866 643 estipse

278 666 434 705 quoque
445 655 589 692 Vitruv.
600 651 661 689 lib.
675 664 708 687 x.
722 663 753 686 e.
770 662 783 685 1
797 662 826 686 1.
840 649 903 686 ubi
914 648 1078 686 cochleae
1090 649 1405 688 consti-ustionem
1416 649 1541 687 docet.
1554 648 1677 687 scribit
1687 650 1786 685 enim
1800 663 1808 685 2
1826 651 1867 684 in

275 708 439 762 capitibus
450 710 577 745 circino
594 704 810 743 dividuntur
825 706 1061 742 clamationes
1079 717 1195 742 eorum
1206 703 1406 743 tetrantibus
1416 706 1452 742 in
1461 713 1574 757 partes
1586 713 1743 756 quatuor.
1757 705 1866 741 Raro

277 765 354 804 hoc
373 764 562 802 vocabulo
572 762 828 801 usosinvenies
840 761 994 798 Latinos
1006 758 1209 811 scriptores.
1239 762 1332 800 Haec
1350 761 1495 798 Baldus.
1529 760 1661 797 Claud.
1673 759 1867 797 Salmasius

276 822 315 858 in
327 822 588 870 Solinumpag,
601 826 693 864 672.
725 817 912 866 Hyginus:
935 816 995 852 Sic
1010 808 1054 853 ὠ*
1071 819 1109 852 in
1127 815 1243 864 castris
1254 830 1378 869 groma
1392 820 1539 870 ponitur
1557 817 1594 852 iit
1613 824 1814 858 Mirantem,
1828 814 1868 852 id

279 877 340 915 est,
355 878 506 928 ponitur
524 886 676 925 groma‚
699 874 786 909 utin
799 882 958 921 quatuor
967 881 1086 922 partes
1102 873 1258 921 aequalcs
1279 875 1387 910 locus
1407 872 1598 909 dividatur.
1621 872 1795 909 Graecum
1818 871 1868 907 est

279 931 405 982 τέφςοις,
421 927 625 980 π’φςανἹΘυ,
647 940 707 973 ut,
727 926 837 975 τξῖσις,
857 919 966 968 &effi-§³
988 923 1084 976 ἕξεις.
1115 928 1233 981 Qod
1252 929 1357 966 lineis
1369 928 1484 965 du'Stis
1504 930 1539 964 in
1560 938 1722 976 quatuor
1747 937 1864 978 partes

277 991 327 1027 ita
337 989 491 1026 divisum
503 986 600 1030 effer,
612 995 653 1022 ut
664 995 823 1033 quatuor
833 983 988 1031 angulos
999 983 1184 1019 normales
1194 982 1343 1027 faceret,
1353 985 1404 1021 ita
1413 993 1654 1021 vocaverunt.
1674 982 1776 1019 Hinc
1793 983 1869 1018 He-

279 1044 421 1094 sychius
430 1037 569 1091 πἼϋέὸα
588 1036 771 1087 τέῖρριΓωνον
793 1042 1062 1087 interpretatur.
1082 1038 1142 1074 Sic
1154 1040 1266 1075 etiam
1277 1039 1394 1075 Siculi
1403 1049 1586 1075 vocarunt
1598 1049 1757 1088 quatuor
1768 1038 1870 1075 obo-

278 1102 351 1138 los.
381 1100 476 1136 Non
495 1101 608 1148 igitur
617 1091 728 1142 τέἳερές
746 1094 848 1131 idem
869 1093 918 1130 est
936 1092 1040 1141 quod
1052 1091 1224 1146 quadrans
1237 1093 1379 1132 Latine.
1412 1094 1515 1131 Nam
1533 1105 1703 1143 quartam
1723 1104 1869 1145 partem

279 1156 356 1193 hoc
374 1153 552 1204 fignificat
569 1182 580 1197 ,
603 1152 693 1189 illud
712 1150 885 1187 Graecum
905 1159 1066 1198 quatuor
1083 1159 1222 1198 partes.
1254 1150 1348 1186 Non
1370 1150 1479 1199 igitur
1496 1158 1628 1186 tetrans
1645 1149 1744 1186 idem
1761 1149 1869 1197 quod

279 1222 429 1261 groma‚
451 1210 510 1246 scd
530 1219 662 1258 groma
681 1208 719 1243 in
731 1215 932 1244 tetrantem
946 1206 1117 1256 ponitur,
1137 1217 1219 1254 quae
1231 1203 1352 1255 figitur
1363 1205 1407 1243 ad
1423 1215 1616 1242 tetrantcm
1638 1204 1868 1249 faciendum,

278 1266 394 1304 idest,
418 1276 578 1315 quatuor
595 1274 714 1314 partes
733 1261 953 1311 dirigendas,
975 1261 1035 1298 vel
1046 1261 1192 1311 ponitur
1208 1262 1247 1297 in
1265 1269 1437 1306 tetrante,
1454 1262 1494 1297 in
1513 1261 1640 1297 medio
1661 1260 1798 1297 scilicet
1817 1271 1869 1297 te-

279 1322 407 1359 trantis
422 1351 432 1365 ‚
463 1321 539 1358 hoc
560 1320 627 1359 est,
649 1320 726 1356 loci
741 1319 780 1355 in
791 1328 952 1367 quatuor
962 1326 1083 1367 partes
1095 1315 1206 1354 divisi.

334 1379 369 1413 T
384 1389 403 1415 r:
417 1391 441 1412 T
453 1388 477 1414 R
488 1389 510 1412 A
523 1388 538 1412 s
551 1391 576 1412 T
589 1388 611 1412 r
622 1387 678 1413 Lo
693 1388 720 1410 s.
750 1374 832 1411 Lib.
848 1385 863 1410 1
876 1385 889 1409 1
904 1385 933 1409 1.
946 1384 979 1409 c.
994 1387 1027 1410 2.
1039 1373 1084 1410 de
1096 1372 1274 1411 sacrarum
1286 1372 1422 1410 :edium
1434 1371 1641 1422 speciebus:
1663 1371 1704 1407 Si
1714 1369 1871 1422 tetrasty-

276 1430 326 1468 los
336 1429 502 1483 facienda
509 1428 627 1482 fiterit
640 1460 650 1475 ,
668 1427 855 1467 dividatur
863 1430 900 1464 in
912 1437 1030 1480 partes
1040 1426 1209 1467 undecim.
1239 1428 1393 1466 Baldus:
1418 1427 1644 1476 Tetrastylos
1663 1427 1809 1464 eaaedes
1820 1429 1873 1463 di—

279 1488 444 1526 cebatur,
458 1499 537 1536 qua:
548 1487 746 1524 columnas
757 1484 1084 1534 quatuorhabebat
1094 1486 1130 1521 in
1137 1483 1260 1521 fronte
1272 1509 1280 1523 ‚
1303 1486 1341 1521 ὃς
1357 1484 1394 1521 id
1405 1485 1557 1533 quidem
1569 1483 1703 1520 Graeco
1713 1483 1871 1520 nomine

277 1539 509 1590 τέῖξρέςυλῷὶυ.
545 1543 685 1579 Eadem
703 1541 824 1577 forma
845 1539 1107 1578 Tetrastichon
1122 1541 1256 1578 dicitur
1274 1541 1510 1590 Epigramma
1529 1550 1691 1589 quatuor
1710 1537 1871 1576 versibus

279 1599 460 1637 constans.
480 1600 588 1637 Item,
603 1596 725 1647 utipse
735 1596 883 1633 docetl.
897 1603 932 1634 6.
945 1608 977 1633 c.
994 1606 1026 1636 3.
1050 1602 1146 1632 Cava
1164 1595 1222 1633 illa
1240 1593 1361 1632 adium
1379 1593 1554 1647 tetrastyla
1570 1591 1872 1645 nuncupabantur,

277 1667 346 1706 quae
355 1651 522 1707 subjecilis
539 1650 609 1704 fiib
627 1648 775 1689 trabibus
794 1648 1015 1703 angularibus
1034 1650 1198 1688 columnis
1217 1645 1262 1689 ό·
1280 1649 1467 1688 utilitatem
1483 1647 1632 1687 trabibtis
1651 1642 1695 1688 ὠ
1716 1649 1873 1699 firmita-

276 1719 345 1746 tem
354 1708 530 1762 praestant.
561 1709 654 1746 Haec
673 1709 746 1746 ille.
781 1707 914 1745 Claud.
933 1706 1130 1746 Salmasius
1150 1708 1189 1743 in
1209 1707 1324 1744 Notis
1341 1706 1385 1744 ad
1407 1706 1666 1757 Capitolinum
1687 1717 1765 1755 pag.
1780 1709 1870 1742 266.

276 1770 451 1802 Dticetttas
468 1762 641 1801 columnas
661 1777 729 1800 uno
740 1759 910 1815 peristylio
928 1759 1099 1808 haberis]
1128 1763 1292 1812 Scriptus
1309 1763 1421 1800 liber:
1442 1762 1605 1798 ducentas
1625 1759 1796 1797 columitas
1813 1760 1870 1795 in-

277 1818 412 1870 trtstylo
423 1817 546 1857 habens
559 1833 570 1855 .·
592 1831 636 1856 ex
649 1832 728 1869 quo
739 1818 943 1856 indubitata
956 1819 1169 1863 conicitura
1180 1819 1267 1867 lego
1281 1817 1463 1855 :ducentas
1472 1816 1645 1853 columnas
1655 1817 1691 1852 iit
1700 1812 1869 1863 tetrastylo

277 1870 403 1911 habens
414 1889 425 1911 .·
446 1878 483 1913 &
494 1875 575 1912 sane
585 1875 797 1923 tetrastylon
806 1874 928 1918 fuiss'e,
949 1887 1028 1923 quae
1039 1873 1238 1923 sequuntur
1247 1873 1465 1915 ostendunt3
1487 1884 1574 1909 nam
1589 1881 1747 1919 quatuor
1767 1870 1869 1906 ordi-

278 1929 386 1965 nibus
397 1931 655 1967 columnarum
669 1929 865 1966 constitiffe
875 1939 994 1980 patet,
1019 1932 1057 1967 ὃ(
1081 1931 1349 1978 quinquaginta
1367 1930 1562 1965 columnas
1579 1928 1616 1962 in
1629 1937 1867 1973 unoquoque

278 1984 365 2034 ςᾶχῳ
377 1984 489 2021 fuiss'e.
521 1983 662 2020 Iudicat
676 1995 765 2032 ergo
778 2011 787 2026 ‚
799 1984 1039 2031 Tetrastylon
1051 1996 1127 2020 non
1137 1994 1279 2020 tantum
1291 1986 1329 2019 in
1339 1983 1480 2023 fronte,
1502 1980 1560 2017 sed
1578 1983 1615 2018 δε
1642 1982 1679 2017 in
1701 1982 1869 2017 interiori

278 2051 440 2089 corpore
449 2039 533 2076 aedis
544 2048 706 2088 quatuor
717 2039 984 2075 columnarum
996 2039 1169 2074 ordinem
1179 2036 1348 2074 habuiss'e.

346 2096 580 2133 Trina-sni
595 2105 729 2132 nivM.
760 2092 859 2131 Vide
880 2094 1366 2131 EchESIAsTERrvM.

341 2151 376 2186 T
392 2164 417 2187 H
430 2162 451 2187 Ε
465 2164 486 2187 Α
498 2164 524 2186 T
538 2164 557 2186 R
569 2162 593 2186 v
605 2162 644 2186 M.
675 2148 757 2185 Lib.
776 2160 810 2185 v.
833 2159 865 2184 c.
888 2159 920 2188 3.
951 2146 1135 2200 Eligendm
1152 2149 1200 2183 eri
1217 2146 1306 2183 locus
1325 2144 1471 2183 Theatro
1490 2159 1592 2199 quam
1601 2144 1866 2198 saluberrimus.

276 2206 412 2243 Baldus
425 2220 433 2242 z
462 2206 523 2242 De
535 2204 718 2247 Thermis,
730 2213 770 2239 ut
780 2214 817 2239 re
828 2214 933 2247 nota,
943 2215 1079 2252 pauca,
1092 2202 1298 2240 commoda
1308 2213 1350 2238 ca
1359 2213 1484 2240 tamen
1497 2205 1535 2240 <Sc
1549 2204 1648 2240 utilia
1659 2202 1852 2242 afferemus
1860 2234 1868 2242 .

276 2258 482 2305 Theatrum,
496 2261 617 2309 inquit
628 2259 750 2296 Ifidor.
764 2259 787 2294 1.
797 2270 818 2295 v
827 2271 841 2294 1
854 2270 867 2294 1
880 2271 910 2294 1.
923 2270 955 2294 c.
972 2269 986 2298 3
999 2274 1032 2304 9.
1043 2260 1102 2297 eff,
1115 2254 1285 2309 qtioftcna
1293 2255 1494 2297 includitur,
1496 2256 1712 2309 fi’micirculi
1712 2260 1868 2312 figuram

277 2313 402 2353 habens
415 2341 422 2354 ‚
437 2317 475 2351 in
486 2314 683 2367 quoslantes
695 2326 809 2351 omnes
818 2311 1007 2366 inspiciunt
1018 2343 1028 2358 ‚
1050 2314 1148 2360 cujus
1158 2311 1280 2363 forma
1284 2314 1441 2365 primum
1451 2311 1598 2350 rotunda
1609 2324 1684 2350 erat
1696 2342 1703 2355 ,
1715 2316 1811 2364 sicut
1822 2308 1867 2353 ὦ*

277 2367 533 2423 amphitheatri,
538 2369 648 2422 pestea
659 2382 704 2406 ex
713 2366 819 2406 medio
829 2366 1085 2421 amphitheatro
1095 2365 1271 2405 theatrum
1273 2367 1417 2419 faci‘um
1427 2367 1482 2418 cst.
1511 2366 1700 2407 Theatrum
1711 2368 1868 2422 >aspecta-

275 2425 349 2463 culo
380 2427 580 2462 nominatur
594 2455 603 2469 ,
631 2422 697 2462 >bi-0*
723 2421 754 2466 {f
765 2425 881 2478 9102035
892 2449 900 2462 ‚
932 2422 1022 2476 quod
1046 2425 1085 2459 iit
1108 2437 1143 2460 eo
1168 2423 1310 2476 populiis
1330 2423 1472 2477 desuper
1492 2424 1648 2476 spec‘i‘ans
1670 2424 1764 2462 ludos
1790 2439 1864 2462 con-

274 2479 510 2534 templaretur.
541 2480 647 2517 Idem
664 2483 702 2517 in
721 2481 858 2518 eodem
878 2481 971 2517 loco
989 2478 1167 2517 affirmat:
1194 2476 1330 2528 θέοιφςον
1351 2474 1394 2518 (ῤ’
1404 2477 1629 2531 prostibulam
1637 2478 1702 2533 seu
1719 2480 1871 2532 lupanar«

274 2535 365 2575 idem
372 2534 446 2587 csse,
459 2534 666 2585 ideo—scilicet
677 2565 687 2580 ,
705 2533 870 2587 qiiodpcst
880 2534 976 2571 ludos
979 2535 1134 2587 perasz‘os
1145 2537 1338 2572 meretrices
1349 2533 1710 2587 iltiprtsternerentur.
1739 2536 1864 2573 Thea-

276 2604 374 2631 trum
387 2605 455 2644 pro
467 2591 672 2643 prostibulo
683 2592 816 2640 accipi,
827 2591 1005 2639 nusquam
1015 2591 1101 2628 alibi
1112 2592 1270 2629 memini
1282 2592 1415 2640 legere.
1446 2591 1701 2629 Theatrorum
1712 2591 1862 2629 consue-

277 2649 384 2692 tudo,
397 2659 438 2685 ut
449 2647 641 2685 &nomen
655 2676 664 2691 ‚
676 2646 697 2682 a
711 2647 850 2683 Graecis
861 2646 921 2682 est.
940 2648 1080 2683 etenim
1092 2646 1213 2684 rustici
1224 2647 1318 2683 festis
1329 2646 1456 2684 diebus
1468 2649 1670 2685 convenire
1680 2646 1858 2685 solebant,

277 2713 317 2739 ut
327 2704 436 2740 ludos
448 2702 618 2752 sacraque
628 2701 803 2739 facerent.
815 2702 879 2750 qui
890 2713 975 2738 mos
986 2701 1081 2738 adeo
1092 2701 1377 2739 Athenienlibus
1388 2702 1547 2751 placuit,
1559 2713 1599 2739 ut
1607 2704 1714 2752 primi
1728 2703 1764 2736 in
1777 2701 1862 2737 civi-

276 2759 798 2796 tatemillumintroduxerint.
829 2758 1000 2794 Romani
1010 2756 1132 2806 postea
1145 2786 1155 2801 ‚
1174 2759 1225 2795 uti
1245 2759 1384 2807 reliqua
1392 2757 1468 2794 fere
1480 2758 1701 2794 Graecorum
1714 2757 1854 2795 omnia,

275 2814 325 2849 ita
336 2812 371 2848 δέ
382 2812 530 2852 theatra,
546 2813 686 2852 servato
698 2814 855 2850 nomine
864 2812 942 2863 ipso
953 2814 987 2849 &
1001 2812 1137 2850 forma,
1149 2825 1331 2863 recepere.
1345 2812 1434 2849 Haec
1444 2823 1566 2850 autem
1578 2812 1700 2860 primo
1711 2820 1860 2860 tempo-

274 2868 366 2904 raria
384 2866 535 2906 fiebant,
556 2870 677 2917 lignea
688 2869 826 2906 scilicet
838 2898 848 2912 ‚
866 2880 944 2904 non
963 2868 1102 2917 lapidea
1120 2871 1157 2906 &
1178 2880 1408 2906 marmorea:
1428 2868 1498 2904 tale
1511 2865 1578 2902 fuit
1590 2865 1858 2904 mirabileillud

276 2923 330 2960 M.
348 2924 469 2961 Scauri
483 2951 494 2969 ‚
507 2922 551 2960 de
562 2936 642 2972 quo
654 2925 788 2963 Plinius
798 2924 860 2963 lib.
874 2935 1004 2964 xxxvl.
1019 2936 1052 2961 c.
1070 2934 1100 2967 5.
1119 2924 1184 2961 Hic
1192 2921 1283 2973 fecit
1291 2924 1329 2961 in
1336 2917 1569 2970 adilitatessia
1578 2930 1655 2972 optas
1666 2922 1859 2957 maximum

1706 2989 1856 3014 citimum
