2023 3162
482 97 1085 137 DEARCHITECTVRA
1143 95 1397 139 L113.V111.
1658 111 1734 146 157

795 208 873 245 CA
897 220 928 245 P.
990 209 1073 246 111.

146 301 229 355 De
242 302 386 374 aquis
407 297 574 350 calidas
590 340 604 358 ,
635 296 698 354 Εἴ
714 316 837 371 quas
863 293 1069 350 habeant
1095 298 1229 350 vires
1249 295 1282 351 ἂ
1298 296 1499 370 diversts
1522 299 1726 352 metalla}

214 381 439 449 prodeuntes
455 399 466 423 :
486 399 541 432 εγ*
556 380 601 426 de
611 384 809 428 variorum
812 378 1002 440 fontium,
1012 380 1240 442 fluminum,
1256 379 1482 447 laeuumque
1496 396 1655 428 natura.

211 502 295 542 Unt
311 512 434 541 autem
454 503 562 538 etiarn
575 500 748 538 nonnulli
761 499 881 536 fontes
893 499 1010 538 calidi,
1024 512 1069 536 ex
1082 501 1215 550 quibus
1226 502 1376 551 profluit
1388 514 1484 552 aqua
1493 502 1621 554 sapore
1632 504 1729 554 opti1

212 571 280 597 mo
293 583 301 597 ‚
323 572 403 608 quae
423 560 460 594 in
474 560 631 609 potione
650 558 698 594 ita
717 556 767 594 est
780 554 914 594 suavis,
938 558 991 593 uti
1002 568 1071 593 nec
1093 558 1154 602 [a]
1168 556 1363 595 fontanalis
1374 559 1420 595 ab
1433 558 1728 604 Camoenis,nec

147 613 200 665 [b]
214 616 346 653 Martia
357 612 482 651 saliens
493 613 724 650 desideretur.
757 612 847 649 Haec
867 621 991 649 autem
1005 611 1024 647 ὲ
1035 622 1162 650 natura
1181 612 1420 663 perficiuntur
1437 614 1491 652 his
1502 616 1726 653 rationibus:

146 684 233 711 cum
245 673 280 708 in
293 671 370 706 imo
382 681 445 719 per
457 670 624 707 alumen,
647 678 709 705 aut
720 669 912 706 bitumen,
933 667 990 705 seu
1003 666 1151 717 sulphur
1169 670 1263 718 ignis
1281 671 1476 714 excitatur,
1495 673 1626 709 ardore
1647 683 1727 722 per-

147 725 355 765 candefacit
367 735 513 764 terrani,
528 736 610 774 quae
623 724 672 761 est
685 725 783 760 circa
793 721 837 759 se.
858 723 975 773 Supra
987 723 1020 760 se
1031 734 1155 760 autem
1166 723 1346 763 fervidum
1356 727 1492 763 emittit
1501 728 1537 764 in
1547 727 1731 778 superiora

145 784 232 821 loca
242 793 437 832 vaporem.
461 781 495 818 &
507 782 556 818 ira
575 779 599 817 fi
611 782 676 829 qui
692 781 730 816 in
748 779 801 816 his
813 779 907 815 locis
920 808 930 823 ,
948 780 1012 828 qui
1033 779 1116 816 sunt
1125 779 1227 830 supra
1239 809 1249 824 ‚
1272 780 1398 817 fontes
1418 781 1537 820 dulcis
1554 793 1657 832 aquae
1669 795 1732 820 na-

138 840 310 880 scuntur,
332 835 459 873 offensi
479 849 526 874 eo
538 849 694 887 vapore,
715 833 952 872 effervescunt
962 837 1059 872 inter
1069 836 1301 880 venas‚&ita
1311 836 1732 888 profluuntincorrupto

145 895 281 945 sapore.
312 892 522 931 Suntetiam
535 894 703 929 odore&
717 891 844 942 sapore
854 903 935 928 non
946 892 1051 929 bono
1061 891 1182 941 frigidi
1193 891 1335 931 fontes,
1358 893 1422 942 qui
1442 892 1486 929 ab
1497 894 1731 931 inferioribus

142 952 242 989 locis
262 950 407 999 penitus
428 950 519 987 orti,
543 961 608 998 per
625 949 710 986 loca
731 947 894 985 ardentia
906 946 1112 987 transeunt,
1135 950 1173 985 ὅ(
1194 948 1239 986 ab
1251 948 1305 986 his
1316 960 1381 999 per
1398 948 1559 999 longum
1578 949 1733 1000 spatium

142 1017 244 1044 *terrae
255 1014 507 1055 percurrentes
528 1004 726 1053 refrigerati
745 1005 966 1055 perveniunt
986 1003 1089 1054 supra
1106 1013 1240 1041 terram
1253 1033 1263 1048 ‚
1280 1004 1432 1055 sapore,
1455 1004 1596 1044 odore,
1621 1006 1733 1041 colo-

145 1073 260 1111 reque
279 1072 460 1111 corrupto
474 1091 482 1106 ‚
504 1062 556 1097 uti
576 1062 613 1097 in
635 1063 693 1106 [c]
709 1059 917 1109 Tyburtina
935 1060 991 1096 via
1006 1059 1146 1096 flumen
1161 1059 1225 1107 [d]
1239 1060 1381 1098 Albula
1392 1088 1402 1104 ‚
1417 1062 1455 1098 &
1472 1062 1509 1098 in
1520 1063 1580 1107 [e]
1595 1060 1734 1098 Ardea-

145 1121 225 1156 tino
245 1115 367 1154 fontes
388 1117 507 1166 frigidi
526 1116 660 1153 eodem
673 1117 794 1153 odore
808 1144 817 1159 ,
835 1117 899 1165 qui
918 1114 1118 1166 sulphurati
1129 1115 1324 1163 dicuntur,
1342 1118 1380 1154 ὃς
1399 1117 1550 1166 reliquis
1571 1118 1668 1154 locis
1690 1115 1734 1153 ss-

142 1173 304 1212 milibus.
334 1172 383 1209 Hi
395 1183 521 1211 autem
533 1184 619 1211 curn
634 1172 700 1210 sint
711 1172 831 1222 frigidi
846 1200 855 1215 ,
875 1172 961 1208 ideo
981 1172 1152 1210 videntur
1172 1171 1317 1223 aspedffl
1337 1172 1498 1218 fervere,
1518 1173 1624 1222 quod
1642 1170 1751 1210 curn¹

145 1231 182 1269 in
209 1230 397 1266 ardentem
422 1230 551 1267 locum
582 1225 657 1266 alte
688 1230 830 1278 penitus
852 1228 1064 1265 inciderunt
1086 1254 1094 1268 ‚
1127 1229 1291 1267 humore
1320 1229 1357 1265 ὅ(
1376 1230 1453 1278 igni
1472 1230 1567 1267 iuter
1586 1228 1620 1266 se
1640 1239 1736 1265 con·

144 1284 358 1336 grucntibus
377 1284 505 1324 offensi
518 1315 528 1330 ‚
562 1285 777 1323 vehementi
801 1283 946 1334 fragore
965 1284 1110 1322 validos
1129 1286 1167 1321 in
1185 1284 1220 1323 se
1237 1285 1421 1336 recipiunt
1438 1284 1582 1336 spiritus
1596 1314 1607 1330 ‚
1626 1286 1664 1321 &
1683 1286 1733 1321 ita

1097 1341 1133 1378 V
1167 1351 1182 1381 3
1615 1339 1734 1378 inflati

141 1431 172 1466 a]
203 1429 349 1458 Philander.
373 1429 520 1457 Fontanalis
530 1429 585 1458 haec
597 1440 662 1470 aqua
672 1428 686 1458 ,ἰ
698 1427 817 1458 fontibus
829 1429 882 1458 luci
892 1433 1095 1463 Camoenarurn,
1108 1430 1154 1470 qui
1164 1428 1214 1458 fuit
1225 1440 1299 1459 extra
1316 1439 1422 1470 portam
1433 1435 1568 1470 Capenam
1580 1452 1585 1463 ,
1596 1431 1736 1458 attestante
1754 1435 1818 1468 Cap.
1829 1439 1875 1459 ut.

144 1482 146 1485 ’
184 1471 318 1501 Αΐεοηίος
334 1470 402 1497 unde
413 1478 489 1508 porta
500 1470 635 1509 appellata,
648 1473 764 1509 primum
776 1473 906 1499 Camoena
919 1472 993 1504 ,dein
1005 1474 1113 1510 Capena
1124 1486 1130 1504 3
1143 1475 1167 1500 δε
1179 1469 1338 1504 fontanalis,
1355 1471 1372 1499 fi
1386 1472 1480 1501 Fulvio
1488 1473 1618 1500 credimus
1631 1493 1637 1504 ,
1658 1471 1738 1499 hodie
1769 1479 1771 1482 ⁴

183 1513 209 1539 S.
220 1510 360 1539 sebastiani
369 1511 475 1539 dicitur.
494 1512 549 1539 Nili
560 1513 616 1550 quis
627 1513 758 1541 existimet
770 1513 872 1541 Vitruv.
883 1512 914 1540 ad
926 1512 1111 1552 aquaedufftum
1122 1510 1259 1551 respexiffe
1269 1532 1277 1540 .
1297 1512 1367 1551 quod
1378 1513 1456 1550 nobis
1468 1523 1520 1541 non
1531 1513 1625 1552 placet.
1648 1513 1738 1540 Livius

184 1552 287 1581 Decad.
295 1561 316 1579 1.
326 1551 371 1579 lib.
384 1561 402 1579 1.
412 1562 490 1581 autor
500 1553 544 1585 est,
557 1554 660 1583 Lucum
670 1563 731 1582 eum
741 1555 860 1582 Numam
870 1554 952 1582 Mutis
961 1549 1133 1586 consecraffe,
1141 1562 1221 1593 quem
1230 1553 1348 1582 medium
1358 1563 1389 1581 ex
1397 1553 1473 1593 specu
1486 1563 1572 1593 opaco
1581 1551 1641 1581 fons
1649 1563 1742 1592 peren-

187 1594 213 1620 ni
226 1592 328 1632 rigabit
338 1602 412 1630 aqua.

143 1633 174 1668 b]
193 1637 274 1672 Aqua:
286 1634 390 1661 Martiae
403 1634 442 1660 via
452 1633 554 1661 Valeria
565 1644 702 1673 concepta:
714 1635 809 1664 ductus
819 1634 894 1674 super
906 1643 1011 1673 portam
1024 1633 1194 1674 Exquilinam
1204 1634 1235 1663 ad
1244 1634 1376 1663 Thermas
1385 1634 1547 1663 Diocletiani
1557 1633 1684 1662 deductus
1695 1633 1741 1662 est.

179 1676 253 1702 Prius
275 1683 364 1701 tamen
383 1685 397 1701 a
417 1676 503 1702 Nerva
515 1672 599 1703 fuerat
611 1677 636 1703 in
649 1676 770 1704 Coelium
781 1680 804 1704 &
817 1678 983 1704 Aventinum
992 1685 1098 1704 montes
1110 1674 1226 1704 derivata
1236 1696 1243 1707 ,
1263 1684 1292 1704 ut
1310 1675 1423 1704 traditur
1440 1674 1456 1704 ἓ.
1478 1675 1609 1703 Frontino
1617 1674 1663 1703 lib.
1674 1685 1697 1704 1.
1708 1675 1741 1703 de

176 1716 337 1753 Aquaeiinel.
351 1715 565 1742 Commendatur
576 1727 602 1743 ea
613 1726 677 1754 aqua
689 1717 703 1744 ὰ
718 1717 785 1743 Plin.
797 1716 842 1743 lib.
852 1726 929 1744 xxxi.
941 1726 997 1753 cap.
1007 1726 1032 1743 2.

145 1756 171 1790 ι]
206 1756 280 1782 idem
314 1755 380 1782 Haec
394 1755 465 1782 exiis
484 1757 518 1783 est
530 1766 587 1794 qua:
600 1756 772 1784 intraurbeni
788 1765 938 1795 coeperunt.
962 1756 1076 1794 Triplici
1093 1765 1183 1784 autem
1193 1755 1299 1785 fuerunt
1319 1753 1469 1785 differentia
1480 1778 1487 1788 ,
1504 1755 1611 1785 fuerunt
1623 1756 1739 1789 urbanae,

185 1796 234 1823 viae
247 1794 331 1827 i'acrae,
344 1805 392 1822 viae
402 1805 477 1822 novae
487 1797 553 1827 duae„
569 1797 677 1827 vialata.
690 1797 741 1824 alta
752 1796 851 1827 semita,
864 1798 905 1825 via
914 1797 994 1828 κᾶε,
1009 1798 1049 1824 via
1059 1793 1198 1829 fornicata,
1210 1799 1251 1826 via
1262 1797 1410 1830 suburram,
1422 1796 1572 1836 piscinaria‚
1588 1796 1739 1836 triurnpha-

183 1836 226 1868 lis,
239 1836 322 1863 Aelia.
349 1836 468 1863 Aliarum
481 1838 506 1863 in
517 1838 581 1865 urbe
593 1847 726 1876 caeperunt
740 1838 866 1865 Flaminia
877 1859 883 1869 ,
906 1838 1062 1865 Praenestina
1073 1858 1080 1870 ‚
1097 1837 1251 1876 Tyburtina
1263 1859 1269 1868 ,
1282 1837 1412 1865 Labicana
1424 1858 1430 1870 ‚
1449 1839 1587 1876 Campana
1597 1858 1606 1871 ‚
1625 1838 1739 1871 Gabina,

183 1877 281 1913 Appia,
295 1875 445 1906 Ardeatina.
458 1878 579 1905 Aurelia:
597 1887 671 1905 extra
682 1878 773 1906 urbem
787 1888 858 1909 vero,
872 1878 993 1910 Claudia,
1006 1878 1126 1906 Aemiliae
1135 1878 1192 1906 duae
1204 1898 1210 1910 .
1231 1876 1328 1910 Caffia,
1340 1879 1457 1917 Cymina
1466 1898 1473 1909 ‚
1484 1878 1621 1911 Amerina,
1633 1878 1738 1911 Salaria,

185 1918 333 1947 Collatum,
347 1919 526 1950 Nummi-ma,
538 1918 695 1951 Tusculana,
708 1921 854 1957 Campana,
868 1919 980 1951 Valeria,
991 1918 1240 1952 Numicia,Latina‚
1253 1918 1389 1952 Cornelia,
1402 1918 1519 1952 Vitellia,
1531 1919 1668 1953 Ostiensis,
1677 1921 1744 1947 Por-

150 1986 154 1989 ,
185 1958 295 1989 tuentis,
306 1958 475 1986 Laurentina.

144 1999 174 2034 d]
195 1998 288 2025 xIdem.
312 1997 443 2036 Tyberim
455 2000 524 2038 prius
535 2000 636 2028 dietum
648 1999 699 2029 effe
711 1999 835 2029 Albulam
846 2020 853 2031 ,
874 2006 979 2026 autores
995 1997 1054 2026 sunt
1071 2001 1156 2027 Varro
1167 1999 1199 2027 de
1210 2000 1290 2040 Ling.
1299 2000 1385 2028 Latin.
1397 2010 1437 2028 zv.
1447 2000 1660 2040 Virgil.AEncicl.
1672 2010 1739 2028 vm.

177 2041 237 2067 Sex.
248 2040 342 2075 Pomp.
355 2042 378 2066 ἃ
389 2039 439 2066 alii.
461 2041 510 2068 Sed
522 2041 553 2069 ad
566 2042 679 2069 Vitruvii
689 2042 780 2070 locum
792 2040 845 2068 haec
856 2039 930 2067 nihil.
955 2041 995 2067 De
1008 2039 1039 2066 iis
1047 2048 1137 2067 autern
1147 2040 1241 2068 albulis
1250 2042 1325 2080 aquis
1335 2041 1543 2080 intelligendum
1554 2061 1560 2071 ,
1570 2039 1739 2080 quaefrigidae

180 2080 206 2107 in
217 2088 283 2116 agro
292 2078 440 2107 Tiburtino
451 2080 482 2108 ad
495 2082 579 2109 varios
590 2082 700 2111 morbos
711 2083 768 2111 sunt
781 2081 893 2110 salubres
905 2101 912 2113 ,
932 2089 960 2107 ut
969 2078 1085 2108 scribunt
1096 2080 1194 2109 Strabo
1202 2081 1249 2109 lib.
1260 2092 1286 2112 v.
1295 2085 1320 2110 &
1331 2081 1398 2110 Plin.
1409 2082 1456 2110 lib.
1467 2091 1546 2110 xxxr.
1558 2090 1616 2119 cap.
1628 2089 1654 2109 2.
1676 2082 1740 2109 Mc-

182 2120 261 2148 minir
272 2120 445 2147 Suetoniusin
454 2122 514 2149 Vita
527 2124 648 2161 Augusti.
668 2122 851 2151 Martialislib.
864 2131 885 2149 1.
899 2129 978 2150 vocat
992 2131 1069 2159 aquas
1080 2120 1247 2160 sulphureas:

491 2176 549 2200 Itur
564 2173 600 2200 ad
615 2174 732 2201 Herculei
741 2173 838 2210 gelidas
856 2182 909 2211 qua
926 2172 1028 2200 Tiburis,-
1047 2182 1116 2200 arces
1128 2193 1134 2203 ,

633 2217 757 2253 Canaque
769 2212 890 2250 sulfureis
909 2212 1010 2240 Albula
1021 2212 1114 2249 fumat
1132 2214 1217 2250 aquis.

196 2253 230 2282 Et
246 2251 291 2280 lib.
306 2261 348 2280 tv.
359 2260 438 2281 vocat
448 2252 559 2281 crudas:

497 2293 647 2321 Crudarum
661 2294 752 2322 nebula
767 2294 834 2333 quod
851 2294 1020 2321 Albularum.

181 2348 223 2375 De
234 2348 274 2379 iis,
285 2356 351 2386 puto
362 2369 368 2379 ,
379 2346 454 2375 sentit
467 2347 580 2375 Galenus
589 2346 634 2374 lib.
647 2358 676 2375 v1
685 2358 715 2375 11.
727 2347 815 2375 Merh.
824 2347 961 2380 Medendi,
974 2352 998 2377 δε
1010 2348 1103 2386 Simpl.
1112 2347 1256 2376 Medicam.
1266 2346 1312 2375 lib.
1322 2358 1342 2376 1.
1359 2347 1543 2376 Meminerant
1554 2349 1635 2376 eriam
1649 2349 1743 2377 Aetius

184 2389 267 2416 Serm.
280 2398 349 2416 xiii.
361 2399 417 2427 cap.
428 2398 481 2423 125.
495 2391 519 2415 δε
530 2387 634 2415 Pausan.
643 2389 669 2416 in
680 2386 832 2416 Mess'enicis
851 2385 913 2427 ιῖἑὶας
924 2388 1011 2422 >Andr
1022 2388 1145 2428 appellat.
1159 2390 1206 2416 Eas
1216 2399 1294 2427 aquas
1305 2398 1401 2428 praeter
1410 2388 1547 2428 sulphur&
1559 2390 1672 2422 alumen,
1685 2390 1744 2428 qui-

185 2428 232 2456 bus
243 2430 334 2458 tinCtae
346 2428 414 2458 sunt.
424 2428 560 2466 probabile
571 2429 606 2455 est
617 2429 714 2467 aliquid
722 2429 753 2456 de
766 2426 949 2457 candidissimo
959 2429 1019 2457 saxo
1032 2430 1234 2468 praeterfluendo
1245 2426 1372 2458 abraliffe.
1396 2430 1527 2465 Conjesta
1535 2431 1607 2457 enim
1618 2430 1644 2456 in
1656 2439 1696 2457 eas
1705 2429 1745 2457 se-

184 2470 257 2497 mina
267 2470 382 2497 candido
391 2471 506 2498 tectorio
518 2469 588 2497 velut
600 2468 722 2498 saccharo
732 2469 902 2497 obducuntur
911 2491 918 2501 ,
938 2470 1032 2508 quibus
1043 2480 1097 2498 uon
1109 2480 1252 2509 puerorum
1263 2470 1347 2499 modo
1357 2471 1530 2510 procacitati,
1540 2469 1582 2498 sed
1593 2470 1652 2498 viris
1662 2471 1745 2497 etiam

187 2510 372 2549 imposuimus.
398 2509 587 2538 Existimabam
598 2509 696 2538 scilicet
709 2506 759 2538 esse
771 2509 878 2538 condita
891 2509 1013 2539 saccharo
1024 2510 1129 2543 semina,
1140 2515 1164 2540 3<
1175 2521 1238 2550 quas
1247 2511 1327 2539 nostri
1338 2521 1435 2540 vocant
1445 2520 1558 2551 tragus,
1571 2520 1646 2540 voce.
1658 2519 1687 2538 ut
1697 2520 1747 2549 pu-

185 2559 225 2582 to.
237 2552 300 2579 flexa
311 2550 357 2579 xvi
370 2551 393 2579 ῗ
402 2549 571 2587 τςκγημςίηιν,
581 2561 638 2589 qux
648 2551 753 2580 bellaria
764 2549 924 2590 significant.
945 2552 1050 2579 Distant
1063 2561 1127 2579 vero
1136 2562 1173 2580 eae
1185 2562 1258 2590 aquae
1269 2552 1302 2579 ab
1310 2552 1381 2580 Vrbe
1392 2553 1448 2590 plus
1457 2553 1607 2579 minusxtii
1621 2550 1746 2589 lapidem,

185 2591 200 2619 ir
212 2592 323 2630 Tybure
335 2592 390 2631 plus
402 2593 488 2619 minus
499 2592 609 2620 tertium
619 2614 625 2625 ‚
639 2591 834 2630 influebantque
845 2591 931 2631 longo
941 2594 1026 2621 traClu
1035 2594 1060 2620 in
1072 2593 1214 2623 Anienem.
1224 2594 1270 2631 qui
1281 2592 1360 2621 hodie
1368 2597 1499 2620 Teverone
1509 2612 1516 2624 ‚
1528 2591 1553 2619 id
1566 2592 1601 2619 est
1610 2591 1748 2629 Tyberio-

185 2632 225 2660 lus
235 2633 342 2661 dicitur.
365 2635 507 2671 Qantum
529 2643 593 2660 vero
610 2643 642 2661 eo
656 2632 797 2660 intervallo
807 2633 922 2672 antiquae
931 2634 979 2660 viz
989 2634 1134 2671 pavimenti
1143 2633 1270 2662 alluerant
1280 2654 1287 2664 ,
1307 2643 1443 2672 repertum
1459 2641 1569 2671 top-icea
1577 2633 1660 2660 crusta
1667 2642 1748 2671 oper-

185 2681 245 2701 tum
265 2674 321 2712 plus
332 2683 411 2712 quam
421 2682 473 2701 tres
486 2673 564 2711 pedes
574 2674 635 2702 alra.
659 2675 736 2710 Qin
757 2676 781 2701 &
795 2683 843 2701 nos
861 2684 893 2702 ex
906 2673 1008 2702 Albulis
1028 2674 1172 2702 detulimus
1192 2673 1286 2702 herbas
1304 2675 1329 2701 in
1348 2674 1462 2712 lapidem
1483 2671 1637 2701 conversas:
1659 2683 1750 2701 earum

186 2715 257 2742 enim
267 2723 392 2752 aquarum
401 2714 532 2742 alluvione
544 2724 640 2755 magna
648 2724 705 2752 pars
714 2714 772 2754 agri
782 2713 970 2746 devastabatur,
981 2717 1005 2742 δε
1018 2717 1143 2743 ramentis
1153 2715 1285 2746 saxorum.
1297 2725 1342 2752 per
1352 2724 1410 2751 quae
1423 2715 1551 2741 fluxerant
1564 2723 1647 2752 aquae,
1657 2712 1746 2742 herbis

188 2754 368 2785 inridentibus,
381 2759 405 2783 ὃ(
418 2755 469 2783 sole
477 2754 626 2784 exsiccatis,
643 2765 679 2782 eae
692 2754 894 2794 lapidescebant.
917 2755 1068 2794 Municipes
1086 2766 1150 2783 vero
1159 2755 1306 2794 Tyburtini
1319 2752 1461 2782 reelissima
1471 2754 1512 2781 via
1521 2754 1545 2781 in
1556 2754 1661 2782 alveum
1673 2755 1750 2793 pedes

190 2796 253 2823 osto
274 2799 297 2824 ἃ
317 2797 476 2824 dodrantem
494 2795 577 2824 latum
590 2819 597 2831 ,
624 2796 708 2824 altum
732 2795 808 2834 pedes
824 2805 839 2822 x
852 2807 877 2825 v.
904 2797 1007 2826 coastas
1027 2805 1129 2836 magno
1149 2797 1272 2825 omnium
1291 2795 1440 2824 commodo
1458 2795 1548 2823 nostro
1564 2804 1686 2834 tempore
1704 2795 1752 2823 de-

194 2844 320 2865 riv-irunt*

161 2876 187 2909 e]
214 2875 358 2906 Philander.
386 2877 471 2906 Ardea
483 2900 489 2910 ,
511 2878 598 2917 inquit
609 2877 757 2906 Strabolib.
771 2889 796 2906 v.
809 2877 976 2907 Rutulorum
987 2877 1093 2905 colonia
1104 2898 1110 2907 ,
1131 2876 1227 2904 distans
1245 2875 1260 2905 εὶ
1281 2877 1346 2904 mari
1358 2876 1442 2905 stadiis
1455 2886 1516 2904 Lxx.
1535 2875 1568 2904 ab
1584 2875 1649 2904 urbe
1666 2883 1755 2903 autem

201 2925 246 2943 xx.
258 2918 321 2945 mill.
333 2915 394 2955 paff.
418 2920 536 2947 Condita
546 2921 581 2947 est
594 2919 608 2947 a*
626 2922 717 2947 Danae'
729 2918 810 2947 Persei
820 2927 915 2947 matre,
925 2927 954 2945 ut
965 2918 1072 2946 tradunt
1086 2918 1151 2945 Pliu.
1165 2917 1210 2945 hb.
1223 2927 1272 2945 ιιι.
1283 2927 1339 2955 cap.
1349 2927 1371 2951 5.
1383 2921 1407 2946 &
1419 2918 1514 2958 Virgil.
1528 2917 1638 2944 Aeneid.
1649 2927 1703 2944 v11.
1725 2917 1756 2941 ln

201 2965 268 2995 agro
285 2960 427 2989 Ardeatino
446 2970 520 2989 erant
537 2958 630 3001 frigidi
648 2957 736 2988 fontes
749 2981 756 2995 ,
777 2961 858 2988 odore
874 2956 989 2987 sulfureo
1005 2957 1111 2992 foetidi,
1130 2958 1202 2997 quod
1213 2958 1294 2988 etiam
1305 2955 1386 2987 refert
1398 2961 1511 2987 loannes
1523 2958 1664 2986 Boccatius
1676 2954 1759 2984 Libro

206 2997 240 3025 de
256 2998 396 3028 Fontibus.

1622 3034 1756 3073 f]1dem.
