2023 3162
300 85 350 109 20
705 63 761 101 M.
810 61 1120 101 Virituvri
1174 59 1520 97 PoLLloNis

300 140 338 174 &
360 132 561 184 significare
581 142 707 169 mores
729 129 913 168 vetustatis
932 128 1095 165 Romuli
1114 125 1191 163 casa
1211 129 1248 163 in
1268 138 1351 164 arce
1368 126 1558 164 sacrorum
1569 153 1578 166 ‚
1602 127 1665 174 [k]
1685 127 1887 167 stramentis

301 192 408 230 tcCta.
438 193 491 228 Ita
502 189 556 226 liis
569 188 674 238 signis
688 213 696 226 ,
717 187 762 223 de
772 186 929 233 antiquis
940 183 1215 220 inventionibus
1227 182 1467 219 :edificiorum
1480 212 1489 226 ‚
1501 182 1549 219 fic
1559 195 1602 220 ea
1613 184 1713 223 fuisse
1732 188 1888 223 ratioci-

301 258 443 285 nantes,
449 245 639 296 possumus
651 240 933 289 judicare.Cum
947 249 1070 276 autem
1082 237 1252 286 quotidie
1262 237 1433 275 faciendo
1443 239 1603 275 tritiores
1613 251 1739 278 manus
1749 242 1793 278 ad
1803 242 1888 279 aedi-

300 302 489 340 ficandum
500 298 724 352 perfecissent
735 326 744 341 ‚
762 296 798 332 &
809 295 950 331 solertia
959 295 1108 343 ingenia
1123 293 1333 330 exercendo
1343 305 1408 342 per
1419 293 1725 333 consuetudinem
1736 298 1780 333 ad
1789 308 1885 334 artes

298 357 639 409 pervenissent‚tum
651 354 762 389 etiam
773 350 946 388 industria
956 351 993 386 in
1005 350 1136 387 animis
1148 360 1281 386 eorum
1293 349 1432 394 adicita
1443 349 1655 398 perfecit‚ut
1667 354 1730 400 qui
1740 352 1886 390 fuerunt

298 417 336 452 in
357 414 411 450 liis
431 411 668 450 studiosiores
679 437 689 453 ‚
709 407 834 445 fabros
854 403 923 442 ess‘e
940 405 973 441 se
995 403 1269 456 profiterentur.
1299 404 1404 441 Cum
1425 417 1515 453 ergo
1534 406 1585 441 ita
1604 404 1742 443 fuerint
1760 410 1885 457 primo

299 470 500 508 constituta
513 497 524 512 ,
535 469 571 504 ὅ(
584 474 713 501 natura
724 475 804 499 non
816 460 935 498 solum
946 459 1102 498 sensibus
1114 460 1308 497 ornavisset
1321 469 1462 509 gentes,
1471 459 1795 508 quemadmodum
1807 465 1887 500 reli-

301 538 374 575 qua
386 524 576 562 animalia:
597 519 657 556 sed
669 520 781 556 etiam
793 516 1085 566 cogitationibus
1097 517 1133 552 ὃ(
1147 514 1305 552 consiliis
1316 515 1522 553 armavisset
1533 526 1674 553 mentes
1688 546 1697 560 ,
1722 519 1758 555 &
1772 519 1791 554 s
1786 519 1886 565 ubje-

300 581 402 618 cifl'ct
412 589 540 616 caetera
550 576 720 613 animalia
730 574 795 611 sub
806 573 1091 625 potestate‚tunc
1100 583 1191 609 vero
1202 569 1221 607 ὲ
1234 571 1542 609 fabricationibus
1550 572 1793 610 aedificiorum
1807 586 1886 622 gra-

301 637 419 673 datim
438 630 617 684 progressi
630 631 675 668 ad
694 639 842 668 caeteras
862 639 953 666 artes
964 631 1001 666 ὃς
1020 627 1226 677 disciplinas
1238 655 1249 672 ,
1272 625 1292 663 ὲ
1305 627 1380 664 fera
1399 627 1600 677 agrestique
1627 631 1701 665 vita
1718 629 1764 666 ad
1783 641 1887 668 man-

297 689 437 728 suetam
449 689 696 739 perduxerunt
714 685 996 723 humanitatem.
1027 684 1131 720 Tum
1141 694 1266 720 autem
1280 685 1318 720 <Sc
1330 683 1546 720 instruentes
1556 684 1731 721 animose,
1755 687 1791 723 ὅ(
1802 697 1888 735 pro-

295 745 493 796 spicientes
505 773 515 789 ‚
537 743 743 790 majoribus
756 740 1050 791 cogitationibus
1063 751 1106 776 ex
1126 740 1302 776 varietate
1312 741 1446 776 artium
1456 741 1551 776 natis
1562 768 1573 784 ,
1592 752 1672 777 non
1686 740 1782 777 casas
1795 770 1806 785 ,
1825 742 1886 779 sed

300 804 413 839 etiam
426 800 565 837 domos
575 799 742 837 fundatas
753 809 797 834 ex
816 798 977 834 lateritiis
993 795 1189 846 parictibus
1201 824 1211 840 ‚
1231 805 1294 832 aut
1305 792 1453 845 &lapide
1472 795 1618 833 structas
1629 825 1640 841 ,
1658 798 1886 846 materiaque

299 860 337 894 ὃ(
349 857 472 906 tegula
483 856 612 899 tetras,
624 853 799 906 perficere
810 863 1024 902 coeperunt:
1043 851 1177 888 deinde
1188 849 1503 888 observationibus
1515 850 1720 889 studiorum
1733 864 1885 902 evagan-

297 914 399 951 tibus
413 913 569 958 judiciis,
582 923 625 947 ex
636 910 785 947 incertis
797 908 842 945 ad
853 918 970 945 certas
982 908 1272 955 symmetriarum
1283 907 1444 944 rationes
1455 908 1721 957 perduxerunt:
1740 908 1886 960 postea-

299 980 413 1018 quam
424 967 774 1009 animadverterunt,
786 963 957 1014 profusos
968 962 1036 1000 ess'e
1046 972 1174 1013 partus
1186 962 1232 999 ab
1242 972 1374 1000 natura
1389 965 1566 1008 materiae,
1577 963 1614 999 &
1624 965 1885 1003 abundantem

297 1025 450 1073 copiam
462 1024 507 1060 ad
517 1022 781 1059 aedificationes
793 1019 840 1055 ab
851 1032 892 1056 ea
903 1028 1176 1070 comparatam,
1199 1018 1391 1055 tractando
1410 1022 1641 1058 nutriverunt
1654 1049 1663 1063 ,
1688 1023 1724 1058 &
1737 1020 1884 1059 aunam

293 1088 463 1131 pei-artes
479 1087 708 1116 ornaverunt
727 1075 980 1126 voluptatibus
998 1075 1043 1112 :id
1061 1075 1281 1123 elegantiam
1291 1075 1384 1113 vitae.
1414 1075 1527 1123 Igitur
1544 1075 1588 1112 de
1607 1075 1662 1112 his
1673 1076 1784 1112 rebus
1801 1088 1884 1125 quae

293 1135 422 1172 suntin
440 1133 602 1171 aedificiis
622 1133 668 1169 ad
686 1131 944 1170 usumidoneae
956 1160 967 1176 ,
987 1129 1194 1180 quibusque
1215 1129 1282 1167 sim·
1298 1131 1532 1179 qualitatibus
1545 1160 1554 1173 ‚
1574 1132 1611 1168 ὃ(
1623 1143 1712 1180 quas
1723 1131 1885 1168 habeant

299 1193 465 1229 virtutes,
480 1190 536 1237 (ut
546 1190 700 1240 potero)
714 1188 852 1224 dicam.
881 1187 953 1224 Sed
964 1186 988 1224 si
1001 1189 1082 1236 quis
1093 1185 1139 1222 de
1148 1185 1280 1223 ordine
1297 1185 1403 1233 hujus
1422 1187 1504 1224 libri
1522 1184 1700 1236 disputare
1711 1189 1884 1227 voluerit,

294 1246 399 1295 quod
411 1247 588 1296 putaverit
599 1257 686 1281 eum
698 1245 862 1294 primum
871 1243 1007 1280 institui
1018 1241 1233 1292 oportuisse:
1245 1254 1294 1279 ne
1304 1251 1409 1292 putet
1420 1254 1479 1279 me
1490 1242 1719 1287 erravifl'e‚fic
1731 1243 1885 1280 reddam

292 1303 495 1338 rationem.
526 1301 628 1338 Cum
645 1311 780 1350 corpus
793 1298 1066 1336 Architeeturae
1085 1297 1278 1335 scriberem
1287 1300 1411 1349 primo
1421 1299 1612 1336 volumine
1625 1328 1635 1343 ,
1646 1300 1791 1349 putavi,
1804 1299 1886 1348 qui-

293 1356 363 1394 bus
374 1357 645 1395 eruditionibus
658 1358 694 1393 ὃς
707 1354 902 1406 disciplinis
912 1354 997 1392 esset
1012 1364 1145 1391 ornata
1157 1383 1167 1399 ,
1191 1365 1376 1405 exponere
1388 1382 1398 1398 ‚
1417 1353 1597 1403 finireque
1615 1355 1886 1393 terminationi-

294 1412 363 1448 bus
375 1415 452 1457 ejus
462 1413 482 1449 s
475 1415 612 1463 pecies,
624 1415 661 1450 ὅ(
674 1409 694 1448 ὲ
706 1412 840 1460 quibus
851 1410 960 1447 rebus
970 1421 1054 1448 nata
1065 1409 1163 1454 effer,
1173 1409 1318 1448 dicere:
1337 1411 1463 1459 itaque
1473 1411 1563 1460 quid
1573 1422 1748 1461 oporteat
1760 1411 1830 1448 effe
1843 1411 1883 1447 in

290 1467 530 1513 Architefito,
541 1468 590 1505 ibi
600 1467 859 1518 pronunciavi.
884 1467 985 1516 Ergo
999 1468 1035 1503 in
1046 1468 1172 1517 primo
1184 1465 1230 1502 de
1240 1468 1325 1503 artis
1344 1464 1474 1503 officio
1488 1481 1496 1504 :
1518 1469 1555 1503 in
1566 1466 1641 1504 hoc
1654 1468 1701 1504 de
1712 1467 1884 1503 naturali·

292 1524 361 1561 bus
384 1526 547 1561 materia:
567 1523 676 1562 rebus
688 1549 696 1563 ,
716 1534 831 1573 quem
848 1521 1007 1560 habeant
1026 1521 1130 1560 usum
1142 1547 1150 1561 ‚
1177 1521 1386 1573 disputabo.
1417 1523 1591 1572 Namque
1601 1523 1694 1561 libet
1712 1522 1790 1560 hoc
1803 1532 1883 1558 non

1790 1589 1881 1629 pro-

289 1693 318 1727 k]
339 1691 429 1721 Idem:
451 1695 538 1731 Prope
549 1693 651 1720 curiam
670 1693 812 1723 Calabram
822 1696 848 1722 in
861 1696 1019 1734 Capitolino
1029 1705 1132 1730 monte,
1142 1696 1211 1726 haud
1221 1696 1314 1736 procul
1325 1694 1340 1724 ὁ.
1353 1696 1487 1724 Senatoris
1506 1703 1576 1724 nunc
1592 1694 1693 1730 domo,
1703 1692 1755 1724 fuit
1767 1693 1879 1724 Romuli

330 1731 387 1761 casa
397 1755 404 1761 .
427 1733 460 1760 de
474 1743 526 1771 qua
538 1734 665 1774 Virgilius
675 1735 779 1763 AEneid.
801 1745 834 1763 vi
847 1745 856 1763 1
870 1746 890 1764 1.
1212 1752 1215 1753 ⁷

682 1775 856 1814 Romule-aque
872 1786 955 1805 recens
970 1777 1090 1806 horrebat
1107 1780 1176 1816 regia
1187 1777 1276 1807 culmo.

327 1815 363 1843 Et
373 1812 457 1842 Ovid.
470 1812 535 1840 Fast.
555 1823 564 1841 1
579 1823 589 1841 1
600 1823 619 1842 i.

677 1858 738 1892 Qaz
748 1854 833 1891 fiderit
850 1859 929 1884 noslri
939 1878 946 1888 ,
961 1857 987 1893 si
1000 1859 1100 1896 quaeris,
1117 1861 1189 1894 regia
1205 1861 1278 1891 mut',

721 1896 811 1932 Asptce
826 1896 856 1923 de
867 1907 950 1924 canna
959 1897 1177 1934 straminibusque
1193 1899 1307 1926 domum.

330 1937 431 1963 Arcem
450 1945 514 1963 vero
524 1933 665 1966 sacrorum,
679 1935 865 1973 Capitolinum
877 1946 999 1964 montem
1015 1937 1138 1976 appellat,
1151 1938 1223 1975 quod
1236 1937 1250 1966 εὶ
1260 1936 1301 1966 sex
1313 1936 1419 1976 reliquis
1430 1936 1565 1974 superetur
1574 1935 1757 1974 amplitudine,
1770 1935 1880 1966 eosdem

331 1976 462 2015 religione
479 1979 504 2003 3<
524 1975 687 2013 templorum
698 1977 773 2014 copia
783 1976 868 2016 longo
879 1977 1019 2005 intervallo
1037 1979 1091 2015 post
1112 1977 1135 2005 sc
1146 1978 1285 2016 relinquat.
1307 1979 1370 2005 Inde
1388 1975 1488 2005 fastum
1503 1997 1509 2008 ,
1529 1985 1558 2005 ut
1577 1975 1593 2004 a
1611 1978 1650 2004 M.
1663 1978 1797 2007 Cicerone
1814 1988 1878 2006 cum

329 2015 397 2054 saepe
406 2016 479 2048 alias,
490 2024 548 2043 tum
559 2017 674 2043 maxime
684 2017 709 2043 in
723 2026 753 2044 ea
764 2018 886 2045 oratione
897 2038 903 2049 ‚
924 2027 1003 2057 quam
1012 2018 1043 2046 ad
1053 2018 1174 2057 Qiirites
1187 2018 1277 2047 habuit
1287 2039 1294 2050 ,
1304 2027 1447 2057 antequam
1458 2019 1506 2045 iret
1517 2019 1543 2045 in
1554 2018 1673 2049 exilium,
1692 2021 1814 2046 Deorum
1825 2019 1881 2045 do-

330 2056 460 2084 micilium
471 2055 624 2095 appelletur.
656 2056 812 2085 Philander:
834 2059 984 2086 Testorum
995 2066 1068 2086 tanta
1079 2059 1114 2086 est
1126 2057 1214 2086 habita
1225 2059 1324 2087 utilitas
1334 2080 1340 2092 ,
1353 2068 1381 2087 ut
1392 2059 1515 2086 omnium
1525 2059 1637 2096 primam
1648 2062 1671 2085 &-
1682 2059 1880 2094 maximamju-

329 2097 477 2124 dicaverint
490 2116 496 2128 ,
517 2096 589 2134 quod
609 2106 690 2124 omne
709 2096 851 2126 aedisicium
862 2107 977 2126 tueatur.
999 2100 1032 2127 Et
1052 2109 1143 2127 revera
1158 2098 1261 2127 sublato
1276 2101 1351 2128 tecto
1362 2098 1487 2135 putrescit
1499 2100 1621 2126 materies
1633 2119 1639 2129 ,
1653 2098 1787 2127 labascunt
1798 2108 1878 2137 atque

327 2135 453 2165 fatiscunt
464 2137 575 2175 parietes
586 2157 593 2167 ‚
615 2136 752 2176 omnisque
762 2137 853 2166 sensim
863 2137 1012 2168 dissolvitur
1020 2140 1154 2168 struftura.
1183 2142 1265 2169 Diem
1276 2140 1440 2171 incredibile,
1457 2148 1597 2177 quantum.
1610 2139 1746 2167 humidam
1758 2141 1878 2171 noctem.

327 2179 483 2205 aestuantem
501 2176 583 2205 solem
594 2198 601 2207 ,
612 2177 744 2206 &imbres
759 2178 800 2206 vel
810 2180 971 2218 repellendo,
983 2180 1025 2207 vel
1036 2180 1214 2213 excludendo,
1224 2179 1323 2209 adferat
1333 2181 1480 2209 commodi.
1491 2180 1540 2208 Sed
1555 2189 1672 2218 requiret
1680 2180 1784 2219 aliquis⁷
1796 2179 1879 2208 semel

327 2217 475 2245 universam
486 2215 539 2245 fere
549 2218 729 2257 tegendorum
740 2220 875 2248 testarum
884 2222 1015 2248 rationem
1026 2242 1032 2253 ‚
1043 2231 1101 2259 quae
1111 2229 1154 2249 aut
1162 2219 1241 2249 fuerit
1251 2243 1258 2253 ,
1271 2231 1315 2250 aut
1327 2222 1434 2249 nuncin
1446 2220 1490 2248 usu
1501 2221 1537 2248 est
1546 2241 1553 2251 ,
1563 2220 1699 2258 explicari.
1721 2223 1814 2260 Qare
1822 2230 1879 2248 non

328 2257 375 2285 abs
384 2268 411 2285 re
421 2256 466 2285 hic
477 2257 561 2286 visum
572 2259 606 2286 est
621 2257 793 2299 subjungere.
813 2261 899 2289 Testa
915 2262 973 2301 tegi
982 2260 1059 2289 solita
1070 2261 1259 2290 harundinibus
1270 2266 1293 2290 δε
1304 2260 1399 2290 fronde
1408 2282 1415 2292 ‚
1429 2260 1522 2289 fronde
1533 2261 1625 2289 &luto
1634 2281 1640 2291 ,
1652 2261 1840 2289 harundinibus
1850 2264 1878 2288 δε

327 2298 487 2331 stramentis,
498 2298 602 2326 subacta
614 2309 675 2326 cum
685 2300 764 2337 paleis
775 2309 890 2334 terra,ex
902 2302 1026 2330 Vitruvio
1037 2302 1282 2331 animadvertimus.
1294 2303 1428 2331 Scandulis
1438 2312 1511 2334 vero,
1521 2301 1547 2329 id
1557 2302 1601 2331 est.
1612 2301 1708 2340 ligneis
1717 2298 1814 2333 assulis,
1824 2301 1877 2328 five

326 2338 460 2367 sectilibus
471 2336 614 2370 afferculis,
627 2339 682 2366 usos
694 2342 927 2372 Romanos,aut0r
936 2343 970 2370 est
980 2342 1076 2370 Plinius
1087 2342 1133 2370 lib.
1144 2353 1203 2371 xvi.
1216 2353 1272 2381 cap.
1282 2353 1323 2370 ιο.
1335 2343 1408 2371 Idem
1419 2342 1480 2370 libri
1489 2343 1544 2377 ejus
1554 2351 1658 2380 cap-37.
1670 2342 1876 2373 tradit,Mauros

328 2379 442 2418 mapalia
453 2377 494 2406 sua
504 2378 604 2417 scirpiS,
616 2382 639 2406 &
650 2379 695 2406 lib.
710 2390 723 2407 ν
736 2390 756 2408 1.
767 2391 823 2419 cap.
834 2393 881 2415 24.
901 2382 1118 2423 clielenophagos
1138 2384 1298 2412 testudinum
1314 2383 1449 2420 superficie
1460 2383 1528 2411 casas
1548 2392 1649 2423 tegere.
1672 2383 1767 2410 Paulus
1777 2383 1878 2410 Diaco-

330 2430 379 2447 nus
391 2417 482 2452 refert,
494 2419 648 2447 Pantheona
667 2421 740 2447 aereis
757 2423 854 2460 tegulis
864 2424 977 2453 tedium,
992 2434 1105 2461 quarum
1117 2433 1165 2451 nos
1177 2425 1202 2451 in
1217 2423 1320 2453 summo
1335 2422 1438 2452 fornice
1457 2424 1624 2463 praegrandes
1635 2422 1738 2461 aliquot
1749 2423 1874 2452 vidimus.

326 2460 469 2488 labolenus
481 2459 681 2488 Iurisconsultus
693 2461 817 2490 Pandest.
828 2463 875 2491 lib.
885 2473 904 2491 r.
917 2464 948 2492 de
958 2465 1030 2492 verb.
1043 2463 1129 2505 signif.
1148 2464 1260 2503 plumbo
1272 2465 1328 2504 tegi
1339 2465 1449 2492 indicat.
1468 2463 1552 2502 Qod
1562 2471 1700 2501 receptum
1710 2464 1875 2497 etiamnunc

325 2502 371 2529 est.
395 2502 452 2528 Mei
462 2509 574 2528 utuntur
584 2501 693 2528 latastris
702 2501 817 2539 lapideis,
829 2506 902 2539 cujus
914 2505 950 2532 rei
966 2505 1135 2533 inventorem
1146 2507 1238 2533 Bizam
1250 2507 1365 2534 Naxium
1376 2501 1451 2532 fnisse
1461 2504 1600 2543 perhibent
1611 2524 1617 2536 ‚
1636 2512 1664 2531 ut
1677 2505 1757 2532 tradit
1768 2504 1794 2532 in
1806 2503 1876 2532 Elia-

325 2543 364 2569 cis
376 2540 510 2569 Pausanias
521 2562 528 2571 ,
539 2549 583 2569 aut
599 2541 695 2581 tegulis
704 2562 711 2574 ,
724 2541 805 2580 iisque
818 2544 858 2570 vel
869 2545 962 2582 planis,
975 2544 1017 2572 vel
1026 2544 1148 2577 hamatis,
1162 2555 1225 2574 cum
1236 2544 1400 2574 imbricibus.
1416 2544 1457 2572 sed
1474 2546 1510 2572 ita
1520 2543 1660 2572 collocatis
1671 2566 1678 2577 ,
1695 2547 1761 2573 utin
1772 2544 1874 2572 duabus

323 2581 436 2609 hamatis
456 2581 552 2621 singuli
562 2581 685 2610 imbrices
697 2582 874 2612 inveniantur.
896 2587 1016 2613 Vtuntur
1027 2588 1050 2613 δε
1062 2586 1166 2614 caeriilei
1185 2587 1211 2614 in
1223 2587 1302 2627 nigro
1312 2585 1404 2623 lapidis
1415 2585 1548 2614 sedtilibus
1566 2585 1683 2617 laminis,
1698 2584 1829 2613 crustisve.
1848 2587 1874 2612 Is

326 2623 390 2660 lapis
400 2623 465 2651 serra
477 2622 594 2655 dentata,
605 2631 634 2650 ut
643 2623 758 2663 lignum,
768 2623 878 2654 secatur,
889 2623 1076 2664 affulatimque
1085 2625 1231 2666 frangitur,
1242 2637 1295 2655 non
1305 2635 1335 2655 ut
1347 2627 1436 2654 caeteri
1448 2627 1474 2653 in
1485 2634 1624 2654 caementa.
1641 2625 1779 2653 Ardofiam
1790 2634 1876 2654 voca-

327 2672 401 2694 mus,
420 2660 501 2691 cre'do
512 2662 546 2690 ab
557 2663 674 2691 ardendo
684 2684 691 2695 ,
712 2664 784 2702 quod
794 2662 808 2691 ὲ
819 2666 896 2694 tectis
906 2666 938 2694 ad
948 2666 1015 2694 Solis
1027 2667 1113 2694 radios
1124 2668 1205 2695 veluti
1222 2668 1338 2696 flammas
1352 2667 1507 2701 ejaculetur.
1529 2667 1570 2694 Eo
1580 2667 1661 2694 etiam
1674 2665 1770 2693 Musici
1788 2669 1813 2693 δ(
1824 2666 1874 2693 Al-

325 2704 431 2742 goristae
442 2713 490 2740 pro
500 2703 587 2731 abacis
597 2712 709 2732 utuntur
718 2723 724 2735 ‚
734 2705 760 2732 id
771 2705 807 2733 est
817 2705 911 2734 tabulis
920 2728 927 2739 ,
947 2708 973 2734 in
985 2707 1081 2744 quibus
1092 2708 1129 2734 illi
1141 2717 1218 2736 notas
1228 2718 1325 2736 vocum
1336 2707 1534 2746 soiiituumque,
1546 2706 1572 2734 id
1584 2707 1619 2734 est
1630 2727 1637 2737 ,
1656 2706 1747 2740 ἧχεῖοι,
1764 2706 1804 2733 isti
1820 2715 1873 2734 nu·

326 2752 415 2770 meros
435 2743 542 2771 subinde
560 2744 678 2772 deletiles
695 2744 807 2773 ducunt.
830 2747 891 2774 Vidi
905 2751 930 2776 δε
945 2748 978 2775 ad
989 2750 1145 2776 Ravennam
1154 2748 1238 2777 solido
1254 2748 1338 2786 lapide
1353 2749 1452 2777 testam
1463 2749 1548 2776 :edem
1564 2745 1706 2774 rotundam
1721 2749 1757 2774 D.
1768 2747 1872 2778 Mariae,

320 2783 396 2818 cujus
416 2784 555 2812 Diameter
572 2781 638 2813 esset
649 2784 747 2823 pedum
767 2786 824 2824 plus
835 2788 922 2817 minus
932 2788 1045 2828 triginta
1055 2787 1163 2826 septem.
1187 2791 1340 2818 Pavonacea
1350 2798 1439 2817 autem
1459 2798 1518 2827 quae
1536 2795 1667 2815 vocantur
1685 2784 1700 2814 a
1719 2786 1807 2814 Plinio
1824 2787 1869 2815 lib.

326 2833 434 2851 xxxvr.
445 2834 502 2862 cap.
518 2834 561 2851 22.
585 2826 696 2865 tegendi
704 2835 810 2865 genera,
822 2837 871 2865 pro
882 2839 936 2867 quo
946 2830 1124 2866 pavimentata
1135 2829 1168 2856 ab
1177 2829 1307 2868 aliquibus
1318 2829 1455 2860 scribitur,
1477 2828 1491 2856 a
1507 2827 1677 2855 similitudine
1688 2826 1778 2855 caudae
1789 2837 1872 2866 pavo-

321 2873 385 2891 num
398 2873 496 2892 nomen
506 2874 666 2903 acceperunt
675 2887 683 2897 ,
691 2865 821 2894 [εᾶὶίίυη]
829 2867 927 2898 scilicet
937 2869 1053 2908 lapidum
1065 2869 1176 2899 bracteis
1186 2891 1192 2901 ‚
1203 2869 1338 2898 laminisvc
1349 2870 1405 2897 aliis
1415 2869 1489 2907 super
1498 2869 1560 2896 alias
1570 2866 1718 2895 sedentibus
1730 2869 1834 2896 &inter
1844 2867 1870 2896 se

324 2903 487 2936 imbricatis,
506 2906 666 2934 constructa.
691 2907 850 2943 Qod&ad
861 2911 993 2949 parietum
1004 2910 1206 2939 incrustationes
1223 2908 1314 2939 referri
1331 2910 1417 2950 potest
1428 2931 1436 2944 ,
1453 2908 1585 2938 sectilibus
1601 2916 1766 2937 marmorum
1777 2910 1869 2938 crustis

320 2943 468 2976 imbricum
477 2945 640 2974 modointer
649 2946 673 2975 se
684 2945 855 2976 haerentibur.
1826 2987 1833 3016 ι

1765 2990 1796 3025 a]
1806 2990 1824 3017 P
1834 2989 1869 3020 u·-
