2023 3162
295 75 369 121 146
672 66 1511 108 M.V1·rituvrrP01.1.10N1s

288 140 394 177 latur.
416 137 564 176 Cei-uffa
575 148 664 176 veto
675 138 804 175 cumin
814 136 966 174 fornace
976 135 1164 184 coquitur,
1175 142 1322 171 mutato
1337 136 1469 172 colore
1481 134 1527 172 ad
1536 135 1629 185 ignis
1651 137 1880 181 incendium,

290 193 447 232 efficitur
467 191 515 246 [d
528 197 536 242 l
560 192 800 231 sandaracha.
839 191 878 228 Id
890 200 1013 227 autem
1025 189 1202 226 incendio
1216 187 1315 226 fae'to
1328 201 1372 227 ex
1383 188 1464 228 casu
1475 190 1682 229 didicerunt
1693 193 1880 238 hominm,

293 252 332 288 ὅ(
343 262 384 288 ea
394 251 513 289 multo
526 251 721 288 meliorem
731 247 835 285 usum
845 244 1001 298 praestat,
1013 257 1128 295 quam
1141 256 1221 294 quae
1231 244 1276 282 de
1288 246 1444 284 metallis
1455 257 1520 296 pet
1530 244 1563 283 se
1574 257 1659 284 nata
1670 246 1821 286 foditur.

929 367 964 405 C
985 381 1008 405 A
1030 380 1062 405 P.
1118 366 1249 405 XIII.

405 455 780 530 Qomodofiat
794 456 972 528 ostrum
984 493 996 514 ‚
1010 454 1221 508 colorum
1235 459 1451 510 omnium
1460 459 1779 532 fac‘ffitiomm

915 538 1267 604 excellentiffi'mum.

298 656 519 738 INcipiam
539 671 639 698 nunc
652 659 697 697 dc
707 659 808 698 ostro
821 658 941 697 dicere
952 687 962 703 ‚
983 657 1091 707 quod
1104 656 1141 694 δε
1152 656 1366 696 carissimam
1378 685 1386 699 ,
1409 657 1447 696 &
1465 656 1802 698 excellentissimam
1821 660 1880 700 ha-

347 716 407 752 bet
417 743 425 755 ‚
447 725 575 765 praeter
588 715 657 753 hos
671 718 818 754 colores
831 744 841 760 ,
858 712 1017 766 aspestus
1029 713 1253 752 suavitatem.
1286 714 1326 751 Id
1337 725 1459 752 autem
1470 717 1647 765 excipitur
1661 727 1703 752 ex
1718 718 1777 762 [a]
1790 729 1882 755 con-

299 771 424 820 chylio
436 771 578 807 marino
591 800 600 816 ‚
622 769 642 808 ὲ
656 784 734 821 quo
751 783 906 824 purpura
916 768 1095 808 inficitur,
1119 771 1220 815 cujus
1234 781 1313 807 non
1324 772 1488 808 minores
1506 770 1586 809 sunt
1606 783 1718 820 quam
1733 783 1884 810 caetera-

298 839 385 864 rum
404 836 535 865 uaturae
553 838 674 864 rerum
687 827 998 865 considerantibus
1010 825 1291 865 admirationes,
1313 827 1417 875 quod
1439 826 1549 864 habet
1561 839 1639 864 non
1658 828 1694 863 in
1705 829 1880 866 omnibns

299 882 414 924 locis,
438 883 570 932 quibus
591 882 747 921 nascitur
759 912 769 929 ,
787 884 893 920 unius
905 882 1046 932 generis
1062 881 1233 918 colorem
1247 910 1258 926 ‚
1277 880 1334 919 sed
1346 881 1428 919 solis
1439 882 1544 920 cursu
1555 883 1766 920 naturaliter
1785 894 1882 921 tem-

1721 949 1881 989 petatur,

336 1028 379 1057 riis
390 1030 462 1058 :ereis
471 1041 502 1059 ex
512 1040 589 1060 aceto
599 1041 696 1061 terunt.
715 1033 843 1073 Reliquos
856 1033 961 1065 modos,
971 1032 1065 1072 quibus
1074 1031 1103 1060 fit
1115 1042 1216 1072 aerugo,
1227 1031 1342 1062 scribunt
1355 1032 1502 1062 Dioscorid.
1514 1033 1586 1061 lib.v.
1597 1043 1653 1071 cap.
1664 1042 1705 1065 45.
1720 1036 1744 1060 ὃ(
1756 1033 1813 1060 Plin
1834 1031 1882 1060 lib.

334 1078 429 1098 xxxiv.
441 1080 496 1109 cap.
508 1082 541 1099 ii.
559 1073 600 1100 Est
610 1077 633 1101 δι’
644 1071 735 1101 fossilis
746 1085 838 1115 aerugo
848 1085 879 1102 ex
890 1075 984 1102 aerariis
994 1072 1121 1112 lapidibus
1131 1073 1218 1113 abrasa
1228 1094 1234 1105 ,
1244 1073 1324 1102 altera
1333 1084 1377 1112 per
1388 1073 1512 1103 caniculae
1522 1073 1626 1101 ardores
1636 1084 1666 1101 ex
1677 1073 1753 1111 specu
1765 1073 1882 1112 quodam

334 1110 440 1139 distillat
451 1115 474 1139 3<
487 1112 632 1150 colligitur.
652 1115 774 1143 Tertiam
784 1114 798 1143 ,ὲ
811 1115 977 1144 similitudine
988 1114 1119 1142 vermium
1137 1113 1277 1142 scoleciam
1289 1123 1394 1143 vocant.
1417 1115 1483 1142 Vide
1495 1124 1525 1142 ne
1537 1124 1598 1142 cuin
1609 1115 1733 1142 Guidone
1744 1114 1883 1142 Cauliacio

334 1152 479 1191 :eruginem
489 1145 582 1181 florem
592 1154 650 1182 aeris
660 1155 740 1183 dicas.
753 1156 795 1184 Est
805 1153 887 1186 2229&
896 1158 990 1193 λαλκὲ
999 1165 1038 1183 res
1049 1153 1196 1185 diversa,ex
1207 1154 1361 1183 Dioscoride
1370 1159 1392 1184 ἃ
1403 1154 1513 1187 caeteris,
1524 1165 1603 1194 grana
1614 1154 1713 1183 scilicet
1723 1165 1798 1193 parva
1811 1164 1883 1193 quae-

333 1191 403 1223 dam,
416 1191 430 1220 ,ἱ
441 1194 556 1231 partibus
567 1195 624 1222 aeris
634 1189 794 1234 prosilientia
802 1206 864 1224 cum
873 1194 1022 1234 affiisaaqua
1032 1193 1210 1235 refrigeratur.
1235 1195 1429 1224 chalcanthum
1439 1204 1545 1225 autem,
1565 1195 1637 1234 quod
1655 1196 1738 1223 Latini
1750 1205 1885 1223 atramen-

334 1240 392 1260 tum
401 1232 529 1262 sutorium
539 1234 679 1273 appellant.
690 1238 849 1265 recentiores
859 1237 1005 1270 vitriolum,
1013 1236 1111 1275 duplici
1120 1232 1267 1264 differentia
1274 1238 1402 1276 reperitur
1411 1257 1418 1268 ,
1431 1237 1467 1265 est
1477 1237 1548 1264 enim
1559 1237 1690 1270 nativum,
1704 1236 1776 1274 quod
1789 1246 1887 1275 coppa-

335 1273 420 1302 rosam
430 1283 535 1307 vocant,
545 1276 579 1303 est
588 1279 611 1303 ὅ(
624 1274 765 1306 [αὲὶῐιίυω.

296 1317 327 1353 d]
354 1314 437 1342 ldem.
459 1315 620 1344 Sandaracha
630 1318 664 1345 est
675 1318 772 1356 duplex
784 1340 790 1350 ,
799 1315 898 1346 foffitia
909 1318 1000 1347 colore
1012 1316 1169 1346 Cinnabaris
1180 1339 1185 1350 ,
1198 1327 1277 1357 quam
1287 1318 1402 1347 diximus
1416 1315 1502 1347 id²esse
1514 1339 1520 1350 .
1539 1318 1610 1357 quod
1622 1315 1637 1344 a
1649 1316 1733 1358 vulgo
1742 1316 1887 1345 arsenicum

337 1355 446 1385 rubrum
457 1365 577 1388 vocatur,
588 1361 611 1385 &
623 1355 732 1391 factitia,
745 1356 843 1387 cerussa
854 1360 879 1387 iri
890 1357 997 1387 fornace
1007 1367 1132 1387 cremata.
1155 1358 1322 1387 Dioscorides
1331 1359 1376 1387 lib.
1389 1370 1413 1387 v.
1423 1369 1479 1398 cap.
1491 1368 1531 1394 53.
1550 1362 1574 1387 Si:
1588 1357 1703 1386 Galenus
1714 1357 1758 1386 lib.
1773 1368 1810 1386 rx.
1822 1358 1885 1386 sim-

338 1396 457 1436 plicium,
467 1396 539 1432 ajunt
550 1396 689 1438 sandycem
700 1400 831 1439 appellari.
851 1401 943 1429 Aetius
954 1399 999 1427 lib.
1008 1410 1042 1428 11.
1053 1409 1160 1439 cap.59.
1170 1401 1291 1439 Syricum
1300 1401 1381 1428 etiam
1392 1400 1458 1428 dicit
1468 1399 1565 1427 vocari.
1584 1399 1709 1438 AEgineta
1720 1397 1756 1426 lib
1767 1408 1793 1425 vi
1802 1408 1822 1426 ι.
1832 1400 1885 1436 Sy-

337 1438 434 1466 ricum.
444 1438 595 1466 Sericumve
606 1461 612 1472 ‚
627 1439 702 1468 sicuti
713 1440 779 1480 legit
787 1441 957 1469 Hermolaum
973 1446 995 1468 A
1007 1451 1060 1479 quo
1072 1449 1137 1479 puto
1146 1441 1312 1469 nominatum
1324 1440 1469 1469 Sericinum
1478 1448 1647 1480 unguentum
1659 1437 1673 1467 a
1685 1438 1776 1467 Mesue
1789 1439 1814 1466 in
1827 1442 1885 1466 Ari-

337 1477 429 1505 tidotis
441 1498 447 1509 ,
469 1478 568 1507 etiamsi
579 1489 631 1507 non
641 1481 777 1519 postremae
789 1490 859 1509 notae
872 1481 979 1509 medicis
992 1479 1006 1509 a
1017 1480 1099 1509 serico
1110 1480 1205 1510 vellere
1216 1477 1352 1510 distum‘&
1365 1481 1556 1511 existimatum,
1577 1483 1602 1509 δ(
1614 1479 1716 1518 scriptis
1727 1479 1883 1508 mandatum

337 1517 377 1545 sit.
398 1518 488 1545 Meam
496 1517 653 1548 sententiam
661 1520 776 1557 adjuvat,
788 1523 858 1560 quod
870 1520 1032 1560 praecedente
1041 1522 1138 1561 capite,
1150 1522 1182 1550 de
1190 1531 1331 1562 unguento
1341 1543 1348 1555 ,
1359 1522 1431 1561 quod
1441 1519 1539 1550 cerussa
1552 1529 1678 1551 vocatur,
1690 1520 1770 1548 verba
1780 1518 1885 1548 fecerit.

338 1559 375 1587 Ea
385 1567 473 1587 aurem
484 1559 519 1586 est
530 1561 677 1599 Serapionis
689 1562 801 1590 minium
813 1566 836 1590 &
846 1560 900 1591 fere
910 1559 1088 1591 officinarum.
1098 1563 1217 1591 nativum
1225 1564 1295 1591 enim
1304 1562 1371 1591 haud
1383 1570 1483 1592 temere
1493 1562 1608 1591 invenias
1619 1582 1625 1594 ,
1637 1560 1676 1589 sed
1689 1561 1759 1600 quod
1771 1560 1884 1599 plumbo

339 1602 363 1628 δε
373 1596 473 1627 cerussa
481 1596 581 1628 factum
592 1601 631 1628 sit.
652 1601 719 1629 Plin.
728 1601 772 1630 lib.
784 1613 863 1632 xxxv.
873 1613 930 1642 cap.
941 1613 966 1636 7.
983 1602 1039 1631 fieri
1049 1603 1188 1641 sandycem
1199 1604 1255 1632 vult
1275 1601 1288 1631 ὲ
1301 1599 1400 1632 cerussa
1410 1625 1416 1636 ,
1436 1613 1508 1643 aequa
1519 1603 1642 1642 portione
1652 1601 1756 1630 rubrica
1764 1601 1882 1635 admista,

336 1640 458 1678 Syricum
471 1649 534 1668 vero
553 1641 677 1679 Sinopide
693 1646 717 1670 δι
736 1643 854 1682 Sandyce
864 1644 964 1671 mixtis.
988 1644 1051 1672 Hoc
1061 1643 1154 1672 sublini
1165 1653 1257 1672 aurum
1268 1647 1291 1672 &
1315 1654 1370 1682 cap.
1382 1655 1407 1678 7.
1423 1644 1471 1672 lib.
1484 1653 1586 1672 xxxiii.
1597 1642 1695 1671 dixerat
1708 1663 1715 1675 ,
1732 1651 1882 1681 quanquam

337 1678 455 1717 perverse
466 1690 514 1718 pro
521 1682 615 1718 Syrico
625 1683 734 1720 Scyrico
744 1683 774 1711 ad
787 1682 853 1712 lianc
863 1685 934 1712 diem
944 1683 1070 1723 scriptum
1080 1685 1124 1712 est.
1147 1687 1282 1713 Caererum
1296 1685 1393 1713 Plinius
1412 1685 1572 1724 Sandycem.
1583 1683 1668 1711 inillo
1679 1683 1808 1711 Bucolico
1820 1683 1880 1710 Vir-

338 1720 395 1758 gilii
406 1719 476 1748 versu
486 1742 492 1752 ,
509 1722 651 1758 Spontesua
662 1723 764 1758 sandyx
771 1723 897 1761 pafientes
908 1725 996 1759 vestiet
1007 1734 1092 1761 agnos,
1104 1734 1150 1764 pro
1161 1724 1241 1752 herba
1252 1726 1440 1763 interpretatus
1451 1726 1494 1756 est.
1507 1734 1585 1764 quem
1603 1724 1704 1752 secutus
1723 1725 1757 1751 est
1770 1723 1882 1750 Servius.

339 1759 509 1798 Egosemper
518 1771 566 1798 pro
576 1762 666 1791 colore
677 1764 865 1802 interpretatus
874 1765 938 1797 sum.
951 1769 973 1794 ὃς
987 1765 1031 1792 nisi
1043 1762 1128 1795 fallor.
1141 1765 1243 1796 melius.
1252 1769 1303 1793 ἃς.
1322 1766 1386 1794 Vide
1398 1765 1550 1802 salmasium
1561 1765 1586 1792 in
1597 1763 1738 1802 Vopiscum
1749 1772 1824 1802 pag.3
1833 1769 1878 1794 59.

338 1801 362 1826 &
376 1798 474 1837 plenius
487 1800 512 1827 iu
523 1800 651 1835 Solinum,
666 1814 724 1843 pag.
736 1814 803 1839 1155-
813 1805 856 1833 ubi
865 1805 957 1838 docet,
968 1805 1116 1844 Sandycem
1127 1807 1312 1834 Armeni-acam
1323 1805 1457 1834 Strabonis
1467 1827 1473 1838 ,
1486 1810 1509 1834 δε
1523 1814 1619 1833 terram
1632 1804 1814 1830 Armeniacam
1826 1805 1882 1831 Ga-

338 1838 389 1866 leni
400 1840 471 1877 quod
478 1840 509 1866 ad
521 1841 638 1869 colorem
649 1843 749 1871 easdem
760 1841 832 1882 poffe
843 1846 934 1877 videri,
947 1846 1008 1873 licet
1020 1845 1075 1873 haec
1087 1846 1198 1878 luteum,
1211 1846 1253 1874 illa
1262 1846 1370 1874 rubrum
1381 1844 1516 1885 praeferat:
1536 1846 1595 1883 quia
1605 1844 1683 1882 igin
1694 1846 1716 1870 ἃ
1729 1845 1809 1879 πυρρὸν
1821 1864 1827 1873 ,
1838 1844 1879 1872 lu-

338 1887 411 1907 teum
422 1883 445 1907 &
458 1879 565 1908 rubrum
577 1882 677 1910 colores
688 1885 746 1911 sunt
756 1881 847 1912 affines
856 1890 879 1913 ὅ(
891 1887 934 1923 qui
944 1885 1008 1924 saepe
1019 1883 1228 1913 confunduntur.
1253 1886 1339 1914 Vbi&
1349 1885 1437 1914 scribit
1451 1899 1457 1918 ς
1474 1884 1635 1914 Sandaraeha
1646 1880 1712 1910 facie
1723 1883 1800 1911 rubra
1812 1905 1818 1916 ,
1836 1884 1881 1912 scd

336 1919 410 1987 {ruteo
422 1919 511 1947 colore
523 1922 615 1988 “ng³·
638 1923 712 1950 Vnde
722 1925 920 1953 Sandaricinum
928 1935 977 1964 pro
987 1926 1070 1954 luteo,
1087 1927 1150 1954 Non
1162 1934 1251 1954 tamen
1260 1926 1351 1953 eadem
1361 1935 1422 1954 cum
1439 1926 1563 1954 Armenia
1573 1932 1650 1952 terra·
1672 1923 1771 1952 Eadem
1789 1926 1879 1964 potius

350 1961 416 1988 uerit
428 1970 489 1988 cum
503 1964 538 1988 Ar
552 1963 630 1989 enico
640 1962 729 1991 rubro.

159 2014 288 2047 Cap.x111·
305 2013 336 2047 a]
358 2011 503 2041 Philander.
524 2013 706 2053 Conchyliuni
719 2016 914 2054 utinterpreter
927 2016 1079 2055 simpliciter
1097 2016 1198 2044 dissum
1211 2026 1258 2054 pro
1270 2026 1381 2055 purpura
1389 2016 1456 2055 pisce
1467 2038 1474 2048 .
1493 2014 1556 2045 facit
1566 2016 1636 2055 quod
1649 2016 1764 2054 sequitur
1777 2030 1783 2048 ς
1801 2021 1880 2056 Eque

334 2059 450 2090 purpura
461 2074 467 2083 ·
484 2050 538 2084 &c-
557 2053 657 2083 rursum
667 2065 728 2083 cum
739 2056 803 2084 dicit
815 2078 821 2088 ,
835 2057 933 2084 ostrum
944 2055 957 2084 ὲ
970 2056 1113 2095 conchylio
1125 2058 1226 2084 marino
1237 2058 1331 2094 excipi.
1348 2059 1421 2086 Tum
1434 2057 1520 2085 nescio
1532 2058 1594 2095 quid
1610 2056 1722 2095 scrupuli
1738 2057 1880 2087 suboritur.

338 2095 409 2122 Nam
419 2093 609 2132 conchylium.
629 2095 726 2124 ostrum
739 2100 762 2125 8<
775 2098 903 2125 muricem
914 2095 1051 2125 idem'effe
1062 2097 1178 2135 plerique
1195 2106 1287 2125 omnes
1298 2096 1421 2126 fatentur.
1442 2098 1576 2138 Distingui
1593 2108 1656 2125 vero
1668 2099 1682 2125 a
1693 2108 1807 2136 purpura
1823 2110 1879 2127 non

338 2133 387 2161 ibit
400 2133 509 2165 inficias,
518 2136 561 2173 qui
572 2135 665 2175 legerit
679 2137 744 2164 Plin.
757 2137 802 2165 lib.
815 2148 851 2165 ix.
863 2147 919 2176 cap.
933 2145 976 2172 36.
999 2138 1133 2165 Vitruvius
1145 2138 1306 2176 quadruplici
1318 2138 1414 2166 coloris
1425 2136 1575 2166 differentia
1585 2134 1636 2166 effe
1649 2159 1655 2169 ,
1667 2148 1714 2176 pro
1724 2139 1878 2179 regionum.

336 2174 405 2202 unde
415 2175 740 2212 excipitur,varietare,liic
751 2177 951 2206 scribit.Plini'us
961 2186 1049 2206 autem
1058 2178 1131 2206 dieto
1140 2188 1194 2216 cap.
1208 2178 1352 2216 Conchylii
1361 2179 1426 2207 dicit
1438 2179 1557 2207 colorem
1569 2179 1696 2215 austerum
1706 2180 1877 2216 inglaucm&

337 2215 454 2251 irascenti
462 2214 571 2253 fimilem
580 2220 655 2251 masi.
669 2218 700 2244 Et
711 2217 755 2245 lib.
769 2228 827 2246 xxr.
838 2223 930 2257 cap-8.
943 2218 1088 2257 Conchylii
1099 2218 1217 2246 colorem
1230 2229 1312 2247 unum
1323 2219 1436 2259 intelligi
1448 2220 1472 2247 in
1482 2219 1654 2258 heliotropio.
1665 2220 1746 2247 alium
1758 2221 1781 2246 in
1793 2221 1880 2249 malva

338 2255 368 2282 ad
377 2265 515 2293 purpuram
525 2257 698 2286 inclinantem
708 2279 714 2290 ,
726 2258 805 2287 alium
817 2259 843 2287 in
855 2259 924 2287 viola
933 2258 1047 2287 serotina
1058 2255 1263 2298 vegetissimum.
1287 2262 1343 2288 Nos
1355 2261 1442 2298 itaque
1453 2259 1626 2300 conchylium
1637 2259 1678 2287 liic
1691 2270 1740 2297 pro
1751 2270 1874 2299 purpura.

339 2298 363 2323 ἃ
375 2296 473 2322 ostrum
484 2306 530 2333 pro
541 2307 659 2335 purpurat
669 2298 737 2326 sanie
747 2300 907 2338 accipimus,
924 2308 953 2328 ut
971 2300 1100 2328 muricem
1118 2300 1184 2338 apud
1198 2299 1292 2340 Virgil.
1304 2300 1398 2340 Eclog.
1409 2312 1446 2329 iv.
1468 2305 1489 2329 δε
1503 2301 1602 2329 ostrum
1618 2303 1718 2339 Georg.
1731 2310 1781 2328 iii.
1794 2305 1817 2329 ὃ(
1831 2302 1878 2329 AE-

338 2335 406 2363 neid.
417 2345 455 2363 iv.
478 2338 594 2365 Venetiis
604 2339 709 2376 quando
719 2339 862 2379 agebamus
871 2362 878 2372 .
897 2350 958 2369 cum
970 2340 1038 2368 stella
1049 2340 1116 2379 pisce
1126 2339 1215 2368 attulit
1227 2351 1351 2379 purpuras
1366 2342 1467 2380 aliquot
1479 2341 1589 2379 Philipp.
1600 2341 1732 2369 Strozzius
1743 2341 1878 2369 Florenti-

338 2385 396 2403 nus.
406 2376 512 2403 Solebat
523 2380 593 2405 enim
602 2379 692 2406 virille
703 2379 768 2408 bene
776 2381 871 2409 doetus
882 2391 936 2409 non
952 2391 1012 2409 raro
1022 2380 1131 2409 invisere
1142 2382 1318 2409 Maecenatem
1337 2391 1425 2409 meum
1438 2403 1445 2414 ,
1457 2391 1515 2410 tum
1525 2383 1629 2422 regium
1642 2383 1783 2421 Legatum,
1796 2379 1874 2410 diffe-

337 2416 410 2444 rendi
422 2415 495 2445 causa
505 2418 536 2444 de
545 2428 633 2446 rerum
645 2428 734 2447 natura
744 2441 750 2452 ,
770 2418 933 2458 potissimum
944 2421 1062 2460 piscium.
1084 2423 1122 2449 Ex
1132 2421 1182 2449 illis
1191 2441 1199 2452 ‚
1219 2422 1328 2460 inquam
1337 2443 1344 2454 ,
1364 2422 1479 2450 contusis
1491 2423 1608 2460 purpuris
1616 2422 1767 2459 excepimus
1777 2421 1875 2452 saniem

337 2457 483 2485 violaceam
493 2453 675 2497 gratissimam.
693 2462 777 2488 Porro
794 2470 884 2489 autem
896 2483 902 2492 .
919 2471 947 2490 ur
960 2461 1024 2489 nihil
1035 2462 1180 2500 relinquam
1192 2482 1198 2493 ‚
1215 2462 1287 2500 quod
1303 2458 1381 2500 possit
1393 2463 1517 2491 studiosos
1535 2463 1672 2499 adjuvare.
1686 2463 1749 2490 illud
1768 2472 1876 2501 praeter-

337 2497 454 2526 eundum
472 2508 526 2525 non
544 2499 579 2527 est
590 2521 596 2531 ,
619 2499 633 2528 a
645 2501 776 2529 Cicerone
788 2502 913 2530 Academ.
925 2512 963 2529 iv.
981 2503 1034 2530 dici
1052 2512 1121 2530 mare
1139 2512 1308 2541 purpureum.
1333 2513 1388 2541 quo
1399 2504 1486 2541 postea
1501 2502 1557 2532 usus
1568 2503 1602 2531 est
1612 2503 1708 2542 Virgil.
1720 2505 1822 2543 Georg.
1833 2514 1874 2532 iv.

337 2548 393 2566 non
404 2539 429 2566 in
440 2538 491 2567 hoc
501 2548 605 2568 tantum
618 2541 757 2568 Ciceronis
768 2542 886 2570 imitator
900 2555 905 2573 ;
925 2541 939 2570 εὶ
952 2543 1093 2580 Propertio
1102 2542 1148 2571 lib.
1158 2553 1179 2571 i.
1189 2543 1219 2571 :id
1230 2543 1351 2576 Gallum,
1364 2553 1521 2582 purpureum
1533 2553 1660 2582 papaver:
1672 2544 1742 2581 quod
1752 2544 1874 2572 Catullus

335 2579 361 2605 in
374 2578 550 2617 Epithalamio
561 2580 633 2608 Iuliae
642 2584 665 2609 &
678 2581 882 2610 Manliiluteum
891 2583 974 2610 dicit:
994 2586 1018 2611 ὅ(
1028 2593 1086 2621 quae
1094 2583 1228 2625 aliquanto
1237 2583 1295 2611 sunt
1306 2585 1452 2612 remotiora
1469 2584 1483 2612 a
1495 2585 1589 2624 Virgil.
1605 2595 1624 2611 r.
1637 2585 1763 2623 Georgic.
1775 2594 1874 2623 purpu-

335 2628 409 2646 reum
427 2621 550 2658 capillum
568 2622 623 2650 Nisi
638 2631 644 2649 z
661 2623 732 2660 quod
751 2623 869 2651 imitatus
884 2623 1007 2651 Tibullus
1019 2624 1142 2663 Eleg.iv.
1161 2623 1206 2651 lib.
1217 2634 1235 2651 i.
1254 2633 1330 2652 vocat
1347 2634 1501 2662 purpuream
1512 2625 1567 2653 Nisi
1585 2634 1691 2652 comam
1706 2623 1758 2652 :ab
1773 2625 1871 2653 eodem

336 2660 446 2687 Aeneid.
457 2671 473 2688 i.
486 2671 643 2700 purpureum
654 2662 742 2690 lumen
753 2663 869 2698 juventa:
880 2676 887 2696 ;
899 2667 922 2692 8<
936 2664 1043 2692 Aeneid.
1055 2675 1093 2691 vi.
1105 2664 1205 2692 lumine
1222 2665 1313 2692 vestire
1325 2675 1472 2704 purpureo:
1489 2664 1522 2693 ab
1533 2666 1630 2692 Horat.
1641 2665 1666 2692 in
1678 2664 1808 2702 principio
1819 2665 1870 2692 sta-

340 2698 388 2726 tim
400 2699 445 2726 lib.
458 2711 496 2728 iv.
511 2704 617 2730 carmin.
630 2713 774 2741 purpureos
791 2704 895 2736 olores;
912 2703 945 2732 ab
956 2704 1125 2732 Albinovano
1133 2706 1201 2744 apud
1215 2705 1371 2743 Thylesium
1389 2715 1543 2743 purpuream
1554 2706 1651 2733 nivem.
1677 2705 1720 2732 1².st
1730 2713 1830 2737 autem,
1841 2715 1871 2734 ut

339 2748 386 2765 nos
397 2741 483 2776 postca
491 2743 645 2778 reperimus,
658 2754 690 2771 ex
702 2744 801 2783 Elegia.
812 2755 869 2782 quae
880 2755 948 2773 nunc
961 2745 1064 2773 incerto
1073 2754 1164 2773 autore
1174 2745 1272 2786 legitur
1281 2746 1313 2773 de
1324 2754 1410 2773 morte
1423 2746 1540 2784 Augusti.
1551 2745 1600 2773 Sed
1612 2754 1772 2782 purpureum
1782 2747 1871 2784 (quod

337 2778 369 2805 dc
381 2780 563 2815 posterioribus
575 2783 732 2812 &similibus
743 2786 843 2813 dietum
853 2785 989 2819 volumus)
998 2786 1150 2814 auctoribus
1159 2786 1341 2824 Porphyrion:
1352 2789 1376 2814 ὃ(
1389 2789 1494 2813 Acrone
1505 2786 1572 2825 apud
1581 2787 1675 2813 Poe'ras
1686 2786 1815 2824 accipitur
1823 2797 1872 2824 pro

337 2818 461 2854 pulchro,
481 2821 505 2848 id
517 2823 560 2853 est,
572 2832 600 2850 ut
610 2824 780 2862 interpretor.
792 2826 835 2854 cui
846 2827 910 2854 inest
919 2826 1040 2854 naturalis
1050 2825 1219 2863 pulchritudo
1231 2847 1237 2859 ,
1248 2827 1290 2854 cui
1302 2827 1413 2854 sincerus
1425 2827 1534 2854 candor.
1557 2825 1660 2853 Addam
1672 2829 1695 2852 &
1708 2825 1758 2853 hoc
1770 2848 1776 2858 ,
1796 2828 1871 2865 quod

335 2857 402 2886 hand
414 2868 513 2888 temere
525 2863 569 2889 nisi
578 2864 645 2901 apud
654 2866 772 2893 Servium
784 2867 810 2893 in
822 2876 891 2894 vrit.
901 2867 1001 2894 AEneid.
1012 2867 1124 2905 reperias
1133 2888 1140 2897 .
1150 2877 1289 2905 purpuram
1301 2867 1391 2906 lingua
1402 2866 1501 2894 Gallica
1511 2867 1609 2894 dictam
1621 2863 1696 2893 fuisse
1709 2869 1868 2903 ts'irga‚unde

332 2898 406 2928 illud.
421 2902 529 2937 Virgati‘s
539 2902 728 2941 lucentlagulis.
743 2909 783 2935 De
794 2917 966 2944 purpurarum
975 2907 1118 2947 generibus
1129 2907 1189 2948 lege
1201 2906 1475 2936 Athenaeumlib.1ir.
1489 2906 1622 2935 Haecine.
1644 2907 1709 2936 Vide
1722 2908 1867 2936 Rondelet.

331 2941 357 2967 δε
367 2940 573 2970 Aldrovandum.
595 2945 654 2973 Nec
664 2955 719 2974 uon
730 2947 792 2975 Fab.
805 2947 978 2976 Columnam.

1730 2988 1759 3024 b]
1781 2989 1866 3019 Idem,
