2023 3162
318 78 368 119 76
680 68 735 107 M.
776 66 1106 107 >V1TRuv11
1154 65 1505 104 POLL10N1S

316 137 370 183 [l]
381 138 543 175 tertiario
556 135 976 187 respondeat.[m]Fiunt
986 144 1110 171 autem
1120 133 1214 171 aedes
1225 131 1435 178 tottindae,e
1447 134 1582 182 quibus
1591 135 1666 172 aliae
1677 144 1900 188 monoptere

318 193 393 230 fine
416 194 505 230 cella
527 192 748 229 columnatae
767 190 1056 233 constituuntur,
1079 190 1157 226 aliae
1176 190 1367 239 peripterae
1388 189 1571 226 dicuntur.
1606 194 1698 246 Qiae
1718 191 1790 228 fine
1812 194 1903 230 cella

179 244 207 266 Γ·
223 240 298 278 stst0·
319 248 422 286 fiunt,
436 247 594 285 tribunal
606 248 742 285 habent
752 247 789 283 <Sc
801 243 987 282 ascensum
998 256 1042 282 ex
1054 244 1119 282 sua:
1131 245 1296 281 diametri
1306 247 1410 282 tertia
1421 255 1534 295 parte.
1556 244 1702 295 Insuper
1721 249 1784 293 [n]
1796 247 1903 296 stylo-

178 280 247 308 bata.
266 299 269 304 .

320 305 419 342 bata<
431 304 621 340 columna:
634 300 900 338 constituantur
912 308 989 336 tam
999 300 1090 340 altae,
1104 309 1242 348 quanta
1252 300 1297 336 ab
1308 303 1479 338 extremis
1490 300 1748 349 stylobatatum
1761 305 1902 352 parieti-

322 360 391 396 bus
412 359 461 397 est
471 360 687 396 diametros,
711 355 827 393 craffae
838 355 1040 393 altitudinis
1055 354 1122 392 sua:
1143 367 1229 392 cum
1242 357 1412 404 capitulis
1425 354 1580 405 &spiris
1599 356 1763 394 decumae
1783 361 1902 407 partis.

321 415 536 466 Epistylium
556 415 672 450 altum
696 411 886 448 columnae
908 409 1148 448 crassitudinis
1169 410 1320 458 dimidia
1337 422 1451 460 parte.
1485 411 1687 461 Zophorus
1710 411 1747 448 ἃ
1765 415 1905 462 reliqua

324 469 835 520 quaeini'tiperiinponuntur,
853 467 905 503 ita
920 467 1020 504 utiin
1030 468 1139 503 tertio
1160 466 1354 504 volumine
1366 468 1411 503 de
1429 467 1661 515 Symmctriis
1680 467 1809 517 scripsi.
1840 469 1904 507 Sin

178 551 208 573 γ,
221 547 298 585 [ψ-
322 538 445 564 autem
458 524 660 574 peripteros
669 534 711 560 ea
722 521 815 560 aedes
826 521 1069 559 constituetur
1081 551 1090 566 ‚
1107 524 1165 567 [0]
1178 521 1254 558 duo
1273 522 1404 571 gradus
1415 522 1450 559 δε
1461 523 1648 570 stylobatae
1661 523 1707 559 ab
1718 524 1799 559 imo
1811 535 1904 561 con-

177 588 249 615 bata.

321 581 509 618 stituantur
520 608 530 623 ,
557 578 687 615 deinde
700 573 798 615 cellae
808 578 926 628 paries
938 578 1149 615 collocetur
1160 589 1248 614 cum
1257 576 1395 615 recessu
1406 579 1482 625 ejus
1495 583 1515 614 a
1529 578 1704 626 stylobata
1718 579 1815 615 circa
1825 591 1905 629 par-

318 633 610 673 temlatitudinis
620 635 808 682 quintam,
831 633 1032 683 medioque
1043 634 1232 671 valvarum
1253 633 1360 670 loeus
1381 634 1425 670 ad
1445 633 1561 671 aditus
1573 636 1809 683 relinquatur.
1840 635 1906 672 Ea.

317 703 391 739 que
402 691 496 728 cella
514 699 655 727 tantam
667 688 796 727 habeat
808 687 1027 726 diametrum
1041 718 1050 733 ‚
1071 699 1199 739 praeter
1209 689 1363 737 parietes
1373 691 1410 726 ὃ(
1423 691 1679 727 circuitionem
1691 719 1700 733 ‚
1726 700 1906 738 quantam

318 747 553 783 altitudinem
565 745 748 782 columna
768 743 870 796 supra
880 744 1112 793 stylobatam.
1147 744 1351 781 Columnae
1363 746 1505 782 circum
1526 746 1657 783 cellam
1673 744 1799 782 iisdem
1819 757 1905 796 pro-

319 803 559 852 portionibus
579 800 871 850 symmetriisque
890 800 1142 852 disponantur.
1174 801 1217 836 In
1230 800 1357 845 medio
1367 801 1614 838 testiratioita
1630 801 1806 838 habeatur
1820 830 1830 846 ‚
1852 803 1906 838 uti

320 868 459 907 quanta
469 857 670 894 diametros
682 856 795 909 totius
805 857 928 906 operis
939 857 1006 893 erit
1016 856 1135 893 futura
1147 884 1156 900 ‚
1181 853 1333 891 dimidia
1345 856 1503 894 altitudo
1513 856 1575 893 fiat
1589 859 1658 908 [p]
1672 856 1766 893 tholi
1775 866 1906 906 praeter

319 913 466 951 florem.
497 913 583 949 flos
601 923 724 950 autem
746 921 886 950 tantam
908 910 1037 949 habeat
1057 910 1350 960 magnitudinem
1370 940 1380 956 ‚
1407 913 1466 963 [q]
1485 923 1660 961 quantam
1682 912 1850 950 habuerit
1865 913 1905 950 in

320 968 470 1007 summo
484 970 671 1006 columnae
697 969 898 1018 capitulum
909 977 1038 1017 praeter
1059 965 1299 1018 pyramidem.
1329 958 1493 1016 Reliqua
1518 968 1597 1014 (uti
1607 968 1739 1018 scripta
1757 968 1837 1004 sunt
1847 971 1904 1018 ea)

300 1061 302 1063 ,
321 1024 631 1076 proportionibus
650 1035 758 1073 atque
776 1023 990 1071 symmetriis
1010 1021 1179 1060 facienda
1197 1021 1378 1059 videntur.
1407 1023 1500 1060 Item
1513 1025 1710 1073 generibus
1722 1024 1800 1060 aliis
1811 1035 1906 1061 con-

322 1080 515 1118 stituuntur
526 1079 637 1124 aedes,
658 1091 700 1115 ex
712 1078 836 1116 iisdem
853 1078 1070 1127 symmetriis
1090 1077 1266 1114 ordinatae
1279 1079 1316 1115 ὅ(
1330 1078 1404 1115 alio
1426 1091 1560 1127 genere
1582 1079 1834 1129 dispositiones
1844 1079 1906 1117 ha-

320 1134 460 1176 bentes,
481 1136 591 1173 utiest
613 1136 673 1182 [r]
695 1134 856 1174 Castoris
877 1135 916 1172 in
926 1135 1028 1173 circo
1040 1134 1224 1173 Flaminio
1242 1132 1279 1170 &
1297 1135 1393 1172 inter
1402 1133 1495 1172 duos
1509 1136 1617 1172 lucos
1640 1133 1710 1186 [J]
1733 1136 1906 1175 Veiovis.

1810 1191 1905 1230 Item

523 1343 525 1347 Ι
615 1301 769 1336 Tertiarii
789 1299 990 1336 deformatio.
1359 1306 1381 1340 l]
1389 1305 1473 1334 Idem.
1493 1304 1618 1333 Tettiarii
1629 1302 1761 1331 vocabulo
1777 1301 1908 1342 intelligi·

562 1350 565 1355 ’
733 1368 745 1369 e
967 1367 980 1369 -›
1322 1357 1382 1375 mus
1391 1357 1452 1374 cum
1463 1346 1577 1373 transtris
1585 1344 1659 1383 ligna
1668 1364 1674 1376 ‚
1686 1341 1765 1382 quaea'.
1773 1343 1837 1371 testi
1849 1342 1909 1370 cul-

1323 1389 1395 1415 mine
1405 1387 1482 1415 dusta
1492 1388 1515 1413 in
1529 1394 1671 1423 utrumque
1680 1384 1746 1411 latus
1756 1380 1769 1410 ai
1779 1383 1908 1421 capreolis

1324 1432 1349 1456 3<
1360 1428 1507 1463 columnari
1518 1427 1642 1454 columna
1651 1424 1816 1452 sustinentur.
1828 1426 1864 1453 Vt
1874 1433 1909 1452 ex

1321 1468 1457 1506 subjuncta
1468 1466 1553 1506 figura
1562 1465 1678 1504 intelligi
1690 1464 1784 1503 potest.

1361 1509 1401 1542 m]
1422 1507 1540 1536 Philand.
1565 1506 1742 1544 Templorum
1758 1512 1909 1543 quanquam

1321 1549 1370 1577 alia
1389 1547 1453 1576 fiant
1464 1547 1588 1587 quadrata
1599 1568 1606 1579 ,
1621 1547 1670 1574 alia
1686 1545 1824 1584 sexangula
1835 1565 1842 1576 ‚
1860 1545 1909 1572 alia

1321 1589 1469 1618 multorum
1490 1588 1650 1628 angulorum
1665 1608 1672 1619 ,
1695 1586 1769 1615 Coeli
1788 1593 1908 1613 naturam

1323 1630 1421 1657 imitati
1438 1638 1538 1657 veteres
1550 1650 1556 1660 ,
1575 1628 1703 1666 imprimis
1720 1625 1840 1654 rotundis
1851 1624 1909 1653 sunt

1321 1670 1557 1698 delectatiAEorum
1566 1678 1629 1696 vero
1639 1677 1696 1706 quae
1706 1667 1758 1695 fine
1766 1666 1831 1694 cella
1838 1664 1907 1696 sunt,

1321 1710 1364 1738 sed
1374 1710 1505 1739 columnis
1516 1717 1620 1737 tantum
1631 1707 1834 1736 circumvallata.
1846 1714 1908 1732 mo—

1323 1760 1435 1790 noptera
1445 1751 1569 1778 dicuntur
1579 1770 1586 1780 ,
1605 1749 1678 1787 quod
1687 1757 1770 1788 genus
1779 1747 1813 1774 est
1823 1745 1909 1774 Vestae

1322 1790 1538 1822 Corinthium‚ad
1548 1787 1635 1816 forum
1647 1788 1776 1815 boarium:
1785 1795 1842 1824 quae
1855 1785 1910 1813 cel-

1319 1832 1372 1859 lam
1382 1830 1479 1858 habent
1489 1830 1621 1857 columnis
1632 1826 1767 1866 obseptam
1776 1847 1782 1859 ‚
1792 1826 1910 1865 peripte—

1319 1881 1354 1899 rae
1365 1870 1616 1898 vocantur.}{orum
1626 1868 1759 1907 exemplar
1769 1867 1908 1904 antiquum

1319 1911 1421 1939 nullum
1432 1911 1467 1937 est
1480 1912 1585 1941 Romae,
1596 1909 1637 1936 sed
1645 1908 1755 1936 Tiburti
1767 1903 1908 1935 vetustiffi-

1323 1961 1408 1978 mum.
1430 1953 1581 1977 Bramantes
1593 1959 1680 1976 tamen
1696 1949 1723 1976 in
1740 1955 1834 1977 monte
1849 1950 1908 1975 Au-

354 1993 421 2021 relio
432 1994 484 2029 (ita
501 1994 572 2022 enim
585 1994 715 2022 credimus
724 1994 892 2032 appellatum,
906 1992 920 2021 ii
933 1994 1052 2031 proxima
1064 1994 1169 2021 Aurelia
1179 2001 1264 2031 porta,
1275 2001 1332 2029 qua:
1343 1991 1509 2019 D.Pancratii
1522 1989 1599 2017 hodie
1609 1990 1774 2022 dicirur‚non
1785 1996 1907 2016 montem

354 2043 462 2062 aureum
470 2034 594 2062 :ab-arena:
603 2045 681 2063 aureo
689 2035 788 2066 colore,
804 2042 834 2062 ut
846 2035 890 2073 qui
900 2034 931 2062 ad
943 2034 1008 2061 hanc
1019 2034 1089 2062 diem
1099 2033 1264 2072 scripserunt,
1275 2032 1448 2070 putaverunt)
1468 2033 1503 2058 D.
1515 2032 1594 2058 Petro
1604 2031 1731 2058 Doricam
1740 2029 1865 2057 extruxit.

320 2074 352 2107 n]
374 2075 455 2102 Idem.
475 2074 658 2106 Scribendum,
673 2074 775 2113 insuper
785 2075 938 2113 stylobatas,
952 2084 1065 2102 numero
1077 2074 1254 2102 multitudinis
1266 2076 1290 2100 δε
1302 2071 1440 2099 accusandi
1449 2069 1516 2098 casu.
1539 2072 1607 2098 Haec
1618 2071 1672 2098 ille.
1681 2073 1781 2097 Verum
1801 2071 1834 2095 V.
1846 2067 1905 2096 cod.

354 2114 430 2153 legit.
443 2114 578 2152 stylobatae
588 2115 730 2147 columnae,
749 2115 820 2153 quod
827 2112 935 2143 fortasse
947 2115 1038 2143 melius
1051 2128 1058 2145 ;
1077 2124 1138 2142 nam
1149 2114 1246 2151 inficper
1256 2113 1298 2140 hic
1314 2113 1433 2150 accipere
1444 2112 1546 2139 videtur
1555 2122 1602 2148 pro
1613 2120 1751 2149 praeterea:
1775 2118 1835 2137 nam
1844 2118 1907 2136 cum

353 2154 397 2182 hic
406 2154 536 2194 stylobata
544 2155 668 2184 columna
677 2153 756 2184 fuerit
767 2165 814 2194 pro
829 2155 908 2189 cella,
933 2155 976 2184 cui
988 2155 1156 2184 fimulacrum
1167 2155 1348 2193 imponeretur
1360 2174 1367 2186 ‚
1378 2162 1432 2180 non
1443 2151 1545 2180 videtur
1554 2152 1599 2180 hi'c
1611 2161 1659 2190 pro
1670 2153 1775 2190 integra
1783 2149 1908 2178 columna

359 2193 437 2222 sumi.

325 2236 352 2268 o]
373 2235 458 2263 Idem.
479 2236 563 2274 Atqui
574 2235 619 2264 lib.
631 2237 713 2264 tertio
722 2236 790 2264 dixit
801 2245 926 2275 oportere
937 2235 993 2264 fieri
1003 2235 1098 2276 gradus
1109 2235 1203 2274 impari
1213 2243 1340 2263 numero:
1353 2233 1394 2261 sed
1404 2230 1510 2261 fortasse
1521 2232 1557 2260 ibi
1569 2233 1639 2272 quod
1649 2232 1703 2261 fieri
1712 2232 1843 2271 oportuit,
1854 2230 1906 2259 hoc

359 2274 422 2302 loco
432 2276 502 2313 quod
514 2277 569 2311 ejus
579 2278 683 2315 generis
692 2286 746 2304 erat
759 2278 904 2315 proprium,
917 2277 1020 2305 docuit.

321 2317 351 2352 p]
373 2315 456 2344 Idem.
482 2315 628 2344 Tholusest
638 2316 744 2345 :edificii
754 2327 857 2345 camera
868 2339 875 2349 ‚
895 2327 953 2356 quae
963 2317 1039 2345 altius
1052 2317 1184 2348 crescens,
1204 2315 1319 2344 rotunda
1327 2313 1411 2342 forma
1422 2314 1446 2341 in
1457 2312 1618 2351 fastigiatum
1627 2322 1752 2341 cacumen
1763 2312 1856 2340 desinit
1866 2334 1872 2344 ‚
1891 2312 1905 2340 εὶ

358 2366 414 2394 quo
425 2354 534 2389 wu'v9mu
543 2355 660 2387 ἳνλσειδῖς
672 2355 727 2390 §inq
737 2357 833 2396 scripiit
845 2359 918 2386 Dion
928 2357 1019 2392 lib.53.
1029 2360 1069 2386 Re
1081 2358 1151 2386 enim
1164 2366 1224 2385 vera
1235 2355 1383 2383 Pantheum
1394 2355 1430 2382 est
1441 2353 1623 2391 hemisphaerio
1633 2352 1799 2382 testumhoc
1808 2354 1843 2381 est
1854 2353 1907 2380 cir-

355 2397 442 2424 culata
454 2406 556 2424 camera
566 2417 573 2428 ,
592 2397 671 2435 inque
682 2398 772 2425 medio
784 2398 966 2437 hemisphaerio
977 2399 1066 2426 lumen
1077 2398 1108 2426 ad
1119 2398 1248 2426 circinum
1259 2394 1368 2425 fastum.
1391 2395 1462 2422 Alias
1473 2396 1508 2422 est
1523 2394 1655 2421 testudinis
1667 2393 1808 2421 umbilicus
1817 2415 1823 2425 ,
1834 2393 1859 2421 id
1870 2394 1907 2421 est

355 2437 439 2465 veluti
460 2438 563 2465 scutum
575 2438 600 2464 in
622 2438 711 2464 medio
720 2439 794 2466 tedio
803 2459 810 2470 ,
830 2448 884 2477 quo
894 2438 980 2466 trabes
1001 2448 1094 2466 omnes
1102 2438 1267 2466 conveniunt
1279 2458 1285 2466 ,
1302 2436 1346 2464 ubi
1354 2436 1423 2463 dona
1435 2433 1653 2472 suspendebantur
1663 2454 1670 2464 ‚
1692 2435 1800 2462 auetore
1815 2435 1907 2462 Servio

353 2477 458 2505 AEneid.
468 2487 506 2504 rx.
527 2477 647 2505 Placidus
659 2478 809 2506 Laetantius
820 2479 846 2505 in
857 2487 918 2506 tert.
934 2478 978 2506 lib.
993 2478 1122 2506 Thebaid.
1133 2478 1209 2506 Statii
1220 2478 1300 2505 tradit
1310 2471 1360 2504 esse
1372 2477 1397 2503 in
1409 2475 1493 2502 media
1505 2474 1595 2512 templi
1608 2484 1710 2501 camera
1719 2475 1843 2502 locumin
1853 2484 1907 2512 quo

353 2519 511 2545 voventium
523 2518 644 2556 primitiae
655 2527 698 2545 aut
706 2520 806 2546 exuviae
817 2517 977 2558 figebantur.
1000 2521 1084 2546 Varro
1093 2520 1125 2546 de
1138 2529 1164 2546 re
1177 2519 1250 2547 Rust.
1259 2518 1304 2545 lib.
1317 2527 1338 2550 3.
1352 2526 1408 2554 cap.
1418 2525 1440 2549 5.
1461 2516 1492 2542 de
1504 2515 1645 2542 ornithone
1656 2515 1775 2553 loquens.
1786 2514 1907 2542 Tholum

354 2558 421 2601 dixit
433 2557 575 2586 aedificium
583 2558 729 2586 rotundum
740 2579 747 2591 ‚
765 2559 958 2589 columnatum.
968 2559 1066 2597 duplici
1078 2560 1261 2587 columnarum
1272 2557 1372 2589 ordine,
1384 2558 1452 2583 inter
1463 2565 1525 2594 quas
1538 2555 1638 2583 retibus
1648 2565 1696 2594 pro
1704 2554 1845 2593 parietibus
1854 2554 1906 2582 ob-

355 2599 430 2631 Jessis
439 2619 445 2630 ,
468 2609 528 2626 aves
538 2609 617 2626 omne
628 2609 721 2638 genus,
737 2601 905 2638 maximeque
917 2600 1074 2627 cantatrices
1088 2598 1279 2627 nutriebantur.

321 2639 351 2675 q]
375 2638 456 2666 Idem.
480 2641 560 2678 Supra
571 2639 677 2667 tholum
690 2640 754 2677 (mei
765 2640 921 2670 lanternam,
930 2640 987 2667 itali
996 2641 1075 2668 etiam
1086 2638 1216 2667 tribunam
1226 2636 1368 2678 appellant)
1380 2637 1460 2666 fiebat
1472 2637 1673 2675 pymmissupm
1684 2636 1847 2675 pyramidem
1857 2635 1905 2663 flos

356 2678 508 2706 addebatur.
531 2680 614 2718 Qod
634 2680 826 2719 quadamtenus
848 2683 944 2709 Romae
963 2681 1080 2708 imitatus
1097 2681 1133 2708 est
1151 2683 1302 2708 Bramantes
1318 2681 1345 2706 in
1364 2678 1473 2707 aedicula
1491 2679 1621 2716 periptera
1636 2679 1662 2705 in
1683 2686 1777 2705 monte
1798 2675 1908 2704 Aurelio

358 2720 393 2745 D.
409 2720 487 2745 Petro
496 2720 592 2748 dicata.
616 2721 765 2759 Antiquum
774 2721 906 2759 exemplar
915 2722 949 2749 est
959 2721 1069 2749 nullum,

319 2760 347 2793 7]
369 2759 451 2786 Idem·
474 2759 614 2789 Flaminius
625 2762 709 2789 circus
729 2762 857 2790 disiusest
869 2783 876 2794 ,
895 2761 998 2800 quodin
1010 2762 1107 2800 campis
1130 2761 1263 2790 Flaminiis
1274 2757 1338 2790 effer
1354 2758 1516 2791 :edificatum
1536 2757 1585 2788 fuit
1596 2769 1659 2789 vero
1678 2758 1720 2787 ille
1732 2757 1776 2787 ubi
1794 2758 1829 2786 est
1840 2755 1908 2786 aedcs

360 2800 396 2826 D.
408 2798 556 2827 Catharinae
566 2801 597 2828 ad
608 2802 747 2830 Borechias
758 2824 764 2834 ,
774 2812 803 2830 ut
814 2811 924 2834 vocant,
933 2801 1064 2830 obscuras.

315 2839 349 2875 f]
373 2839 455 2867 Idem.
479 2839 543 2868 Hoc
556 2842 671 2870 Ovidius
682 2842 938 2871 Fastorumlib.111.

576 1498 597 1569 11111112‘0'1111.
595 1492 597 1494 .

532 1570 597 1731 ...millium

1026 2900 1135 2922 Sacrata
1145 2894 1213 2933 quod
1220 2895 1268 2921 illis

752 2935 957 2974 Templaputant
966 2935 1032 2963 luces
1043 2938 1140 2965 Veiovis
1148 2942 1209 2964 ante
1216 2934 1282 2962 duos.

1843 2977 1906 3007 Erat
