2023 3162
508 79 1116 123 DEARcuirscrvm
1174 83 1356 124 LmX.
1662 105 1737 132 221

139 149 332 188 motiones
344 144 454 183 efficit
466 146 687 196 regularum.
700 147 956 184 Continentur
965 147 1072 198 supra
1081 146 1248 188 tabulam
1260 150 1446 189 foramina
1458 181 1468 197 ,
1479 164 1560 202 quae
1571 167 1616 193 ex
1629 169 1740 198 cana-

139 205 234 246 libus
246 204 382 241 habent
397 203 575 252 egressum
585 201 738 254 spiritus.
750 203 909 252 Regulis
920 202 1002 240 sunt
1011 205 1138 241 annuli
1147 207 1365 256 agglutinati
1377 237 1386 253 ,
1397 209 1534 258 quibus
1546 207 1612 258 [h]
1624 213 1741 263 lingu-

138 264 181 300 1ae
193 261 372 298 omnium
385 257 628 296 includuntur
640 270 886 308 organorum.
919 260 947 295 E
970 260 1149 298 modiolis
1169 272 1298 301 autern
1315 263 1438 302 fistulae
1448 263 1529 303 sunt
1539 270 1739 308 continen-

141 330 197 356 ter
206 315 415 361 conjunetae
427 316 557 363 ligneis
568 315 791 359 cervicibus,
800 314 1122 366 pertingentesque
1131 317 1175 355 ad
1185 330 1306 365 nares,
1318 333 1400 370 quae
1411 319 1540 359 suntin
1551 324 1688 369 arcula,
1699 327 1738 364 in

142 373 277 423 quibus
288 383 372 408 axes
381 370 402 407 s
396 381 461 408 unt
473 382 516 407 ex
527 380 640 407 torno
650 370 828 408 subacti&
840 370 1095 412 ibicollocati,
1107 375 1270 422 quicum
1280 377 1410 429 recipit
1420 379 1542 415 arcula
1553 381 1736 427 animam,

139 431 304 480 spiritum
318 439 398 464 non
409 428 592 478 patientur
602 425 819 464 obturantes
830 427 1014 464 foramina
1026 428 1148 467 rursus
1158 431 1287 469 redire.
1309 434 1365 470 Ita
1378 435 1467 471 cum
1479 434 1604 472 vectes
1617 438 1738 475 extol-

139 489 284 529 luntur,
297 493 460 520 ancones
470 482 657 519 deducunt
668 481 803 520 fundos
814 483 1076 522 modiolorum
1086 485 1128 522 ad
1139 487 1269 524 imum.
1301 488 1570 540 Delphinique‚
1583 491 1736 540 quisunt

140 543 179 579 in
192 536 513 578 verticulisinclufi
524 563 532 577 ‚
546 538 779 575 chalantcsin
789 550 833 575 os
855 539 1039 587 cymbala,
1049 542 1193 591 replent
1201 541 1313 594 spatia
1325 545 1588 592 modiolorum
1601 576 1611 591 ‚
1623 558 1735 598 atque

141 594 545 636 ancones‚extollentes
558 592 693 631 fundos
703 595 798 632 intra
807 594 1002 632 modiolos
1012 595 1225 635 vehementi
1235 598 1354 649 pulsus
1363 601 1613 647 crebritatc,&
1624 605 1737 643 obtu-

139 664 259 692 rantes
269 652 451 689 foramina
461 650 638 697 cymbalis
648 648 835 699 superiora
845 679 856 695 ,
869 651 955 689 aera
966 680 975 695 ‚
988 652 1053 700 qui
1071 651 1120 688 est
1130 653 1182 691 ibi
1193 655 1337 692 clausus
1352 685 1361 700 ‚
1379 656 1624 707 preffionibus
1642 671 1734 699 coa-

142 711 243 747 stum
263 709 299 744 in
309 706 442 744 fistulas
455 716 602 754 cogunt
616 734 625 749 ,
637 717 702 754 per
713 717 806 755 quas
817 707 854 742 in
864 707 985 755 lignea
998 711 1192 746 concurrit
1204 736 1212 749 ‚
1237 710 1274 746 &
1291 723 1357 760 per
1369 715 1448 759 eJus
1459 715 1621 751 cervices
1633 718 1670 752 in
1682 728 1736 754 ar-

143 779 245 804 cam:
258 764 428 800 motione
437 773 526 798 vero
537 761 699 798 vectium
710 762 995 805 vehementiore
1010 762 1152 812 spiritus
1171 764 1347 814 frequens
1362 768 1590 818 comprcss'us
1602 771 1736 821 episto-

143 823 309 860 miorum
329 818 502 869 aperturis
521 816 643 854 influit
655 841 663 854 ‚
687 820 724 855 ἃ
743 818 860 867 replet
870 819 994 856 anima
1006 819 1163 857 canales.
1192 821 1322 869 Itaque
1334 833 1422 859 cum
1433 826 1555 872 pinnre
1564 829 1737 865 manibus

139 879 241 916 taCtse
251 874 463 927 propellunt
473 875 510 909 &
521 872 702 910 reducunt
713 875 955 911 continenter
965 875 1110 924 regulas
1120 904 1130 921 ,
1157 876 1211 924 [t]
1233 877 1382 914 alternis
1403 879 1618 917 obturando
1637 882 1738 921 fora-

142 936 254 971 mina,
269 931 416 968 alternis
427 928 696 978 aperiundo‚ex
708 928 856 966 musicis
867 929 1006 967 artibus
1019 931 1288 982 multiplicibus
1298 933 1546 972 modulorum
1557 939 1738 976 varietati-

142 989 208 1026 bus
219 988 386 1024 sonantes
397 985 560 1022 excitant
570 996 697 1023 voces.
733 988 926 1039 Qantum
937 988 1044 1036 potui
1055 988 1121 1024 niti
1131 1013 1141 1031 ‚
1162 998 1201 1025 ut
1211 988 1288 1026 obs
1283 1000 1368 1026 cura
1379 1001 1434 1029 res
1443 1002 1508 1040 per
1517 989 1736 1042 scripturam

143 1044 303 1082 dilucide
313 1041 629 1093 pronunciarctur,
641 1043 830 1079 contendi.
854 1041 926 1079 Sed
937 1042 1015 1080 haec
1027 1054 1105 1079 non
1116 1043 1166 1081 est
1174 1043 1291 1081 facilis
1305 1047 1411 1084 ratio.
1425 1057 1548 1096 neque
1558 1048 1737 1087 omnibus

143 1100 310 1150 expedita
319 1098 363 1134 ad
373 1097 658 1146 intelligendum
671 1123 679 1137 ‚
701 1108 832 1147 praeter
842 1110 910 1135 eos
923 1127 932 1143 ,
951 1099 1015 1147 qui
1026 1100 1064 1135 in
1076 1099 1130 1136 his
1141 1099 1339 1149 generibus
1351 1100 1490 1139 habent
1500 1105 1738 1142 exercitatio-

142 1169 240 1193 nem.
315 1154 390 1192 uod
410 1152 434 1189 fi
452 1154 516 1201 qui
535 1165 665 1202 parum
685 1155 935 1190 intellexerint
954 1152 974 1190 ὲ
987 1153 1144 1205 scriptis,
1163 1168 1251 1194 cum
1262 1156 1376 1208 ipsam
1388 1169 1469 1195 rem
1482 1159 1734 1209 cognoscent,

142 1212 245 1264 profe
251 1211 312 1249 Cito
323 1209 513 1250 invenient
523 1210 666 1246 curiose
677 1211 714 1247 δε
724 1209 903 1248 subtiliter
914 1211 1045 1248 omnia
1056 1211 1240 1250 ordinata.

773 1329 808 1366 C
840 1343 864 1367 Λ
897 1342 928 1367 P.
989 1330 1112 1368 XIV.

296 1414 424 1489 Qa
437 1417 623 1470 ratione
640 1415 787 1470 rheda
800 1416 889 1470 vel
898 1420 1031 1471 navi
1049 1421 1201 1481 vec‘ii,
1212 1425 1468 1495 peradi‘nm
1484 1423 1577 1475 iter

810 1495 1075 1543 demetiamur.

230 1614 476 1654 Ransfcratur‘
489 1627 589 1652 nunc
610 1618 798 1665 cogitatus
818 1616 999 1668 scripturae
1018 1617 1065 1655 ad
1077 1618 1263 1655 rationem
1275 1630 1353 1656 non
1366 1617 1631 1657 inutilem‚sed
1641 1618 1737 1657 sum-

230 1686 289 1710 ma
308 1672 452 1709 solertia
464 1671 483 1707 a
497 1672 699 1717 majoribus
710 1672 884 1710 traditam
899 1686 906 1708 ε
927 1685 1002 1722 qua
1021 1674 1058 1710 in
1070 1676 1127 1710 via
1139 1673 1250 1712 rheda
1262 1673 1427 1712 sedentes
1440 1704 1448 1718 ‚
1469 1675 1526 1711 vel
1538 1676 1627 1712 mari
1638 1676 1738 1712 navi-

142 1739 271 1778 gantes
284 1758 293 1772 ‚
312 1728 399 1766 scire
409 1726 595 1778 poss'umus
606 1738 702 1775 quot
713 1728 826 1764 millia
837 1740 999 1765 numero
1018 1730 1156 1766 itineris
1167 1729 1379 1767 fecerimus.
1414 1730 1503 1767 Hoc
1522 1741 1651 1768 autem
1670 1731 1739 1766 erit

141 1784 203 1821 fic.
237 1786 351 1821 Rotae
365 1813 373 1827 ,
393 1795 472 1832 quae
490 1794 600 1819 erunt
617 1784 655 1818 in
675 1783 787 1819 rheda
801 1812 810 1828 ‚
831 1784 898 1821 sint
915 1785 994 1822 latae
1015 1787 1078 1831 [a]
1100 1797 1164 1835 per
1184 1786 1349 1823 mediam
1369 1785 1581 1823 diametron
1599 1785 1742 1836 pedum

142 1850 363 1889 quaternum
375 1841 413 1875 δε
425 1838 616 1875 sextantis:
636 1848 676 1875 ut
687 1851 778 1876 cum
790 1839 936 1877 finitum
946 1841 1080 1878 locum
1093 1841 1273 1879 habeatin
1284 1841 1317 1878 se
1330 1852 1424 1881 rota,
1441 1841 1487 1879 ab
1500 1853 1624 1891 eoque
1643 1842 1740 1877 inci-

143 1898 218 1948 piat
235 1895 476 1947 progrediens
499 1896 537 1931 in
556 1893 637 1931 solo
657 1895 723 1931 viae
743 1894 863 1932 facere
876 1895 1122 1934 versationem
1135 1921 1144 1937 ‚
1164 1897 1419 1948 perveniendo
1431 1897 1476 1935 ad
1497 1909 1581 1935 eam
1600 1896 1742 1934 finitio-

1039 1952 1100 1990 Ee
1141 1962 1157 1992 3
1636 1964 1737 1992 nem,

188 2042 268 2073 mina,
277 2049 342 2079 quot
355 2040 412 2068 sunt
424 2038 553 2068 foramina
563 2041 588 2068 in
599 2042 682 2069 canali
691 2040 758 2070 faCta
768 2062 775 2072 ‚
794 2051 852 2080 quae
863 2041 939 2070 limul
948 2040 1104 2080 respondere
1115 2045 1138 2070 ἃ
1150 2042 1294 2070 convenire
1305 2037 1480 2079 poffint5l1aec
1490 2039 1622 2069 foramina
1630 2042 1662 2069 ad
1671 2040 1741 2069 soni-

185 2090 261 2109 tuum
273 2102 279 2112 ,
295 2081 345 2108 hoc
356 2082 391 2109 est
403 2101 409 2112 ,
427 2080 572 2109 fistularum
581 2092 721 2110 numerum
740 2080 858 2110 facienda
869 2081 936 2110 sunt.
957 2082 1058 2111 Fistulae
1069 2083 1176 2110 enimin
1193 2082 1319 2110 modiolis
1329 2084 1402 2110 aereis
1421 2082 1517 2122 ligneis
1527 2081 1648 2119 capitulis
1659 2083 1684 2109 in
1696 2090 1739 2108 ta-

186 2121 246 2148 bula
255 2122 392 2159 eriguntur
403 2123 520 2158 appolita
529 2123 560 2149 ad
568 2120 707 2151 foramina.
731 2123 867 2161 Expeditis
877 2123 1011 2151 canalibus
1024 2144 1030 2155 ‚
1047 2123 1188 2160 tabulaque
1198 2121 1331 2161 perforata
1342 2143 1348 2154 ,
1366 2122 1564 2161 interponimus
1580 2123 1647 2149 inter
1657 2121 1738 2150 tabu-

187 2162 240 2189 lam
251 2165 274 2188 St
286 2162 386 2188 canales
396 2162 497 2200 regulas
509 2161 631 2199 quasdam
641 2161 784 2200 perforatas
793 2163 890 2190 eodem
901 2163 985 2190 modo
1001 2164 1125 2191 habentia
1136 2162 1266 2191 foramina
1277 2183 1283 2194 ,
1300 2172 1359 2199 quae
1369 2162 1523 2199 respondere
1534 2159 1633 2199 possint
1646 2182 1653 2194 ,
1673 2171 1736 2190 cum

187 2201 362 2240 impelluntur
372 2221 379 2232 ,
399 2198 572 2230 foraminibus
583 2212 640 2241 qua:
649 2202 742 2230 suntin
752 2203 852 2231 summa
863 2203 962 2233 tabula,
972 2207 997 2231 &
1009 2203 1048 2231 his
1058 2213 1116 2240 qua:
1125 2202 1220 2230 suntin
1231 2202 1381 2230 canalibus:
1401 2202 1490 2230 sedita
1501 2202 1656 2240 compofitae
1667 2201 1737 2235 sunt,

187 2251 217 2271 ut
228 2241 427 2269 manubriorurn
437 2240 478 2268 seu
489 2241 679 2281 choragiorum
690 2253 792 2274 eorum,
802 2252 860 2280 quae
871 2243 1024 2280 prominent
1037 2265 1043 2275 ,
1061 2243 1209 2270 calcatione
1221 2242 1314 2270 versari
1323 2239 1422 2280 poffint
1431 2262 1438 2274 ,
1459 2245 1483 2269 &
1495 2252 1585 2270 earum
1596 2241 1738 2270 versationi

188 2282 319 2312 foramina
328 2303 335 2312 ,
346 2291 404 2319 quae
413 2280 469 2308 sunt
481 2283 507 2308 in
517 2282 565 2309 illis
577 2283 675 2321 regulis
685 2301 692 2310 .
712 2282 887 2320 respondeant
897 2280 1073 2311 foraminibus
1082 2304 1089 2316 ,
1108 2282 1232 2321 quaesuut
1243 2283 1269 2310 in
1279 2281 1430 2316 canalibus,
1449 2286 1473 2311 St
1486 2282 1525 2310 his
1536 2292 1593 2322 quae
1603 2283 1629 2310 in
1638 2282 1739 2312 summa

190 2324 278 2352 tabula
289 2322 465 2352 collocantur¹
478 2330 506 2349 ut
517 2321 619 2359 spiritus
630 2323 660 2349 ad
672 2322 764 2350 fistulas
773 2332 909 2360 permeare
919 2320 1008 2361 possit.

150 2366 180 2401 b]
210 2367 277 2393 Dan.
290 2363 426 2390 Barbarus.
451 2363 572 2401 Lingulae
589 2371 679 2390 autem
691 2373 796 2390 cornea:
813 2372 887 2390 erant
899 2384 905 2396 ,
928 2373 971 2391 aut
981 2374 1012 2392 ex
1023 2363 1126 2391 laminis
1144 2361 1234 2392 ferreis
1247 2363 1386 2393 subtilibus
1405 2362 1498 2392 ordine
1517 2364 1676 2397 collocarae,
1698 2364 1740 2392 sed

190 2405 307 2443 obliquae
318 2402 388 2431 foliis
399 2404 530 2441 porraceis
542 2403 626 2430 modo
637 2416 644 2434 ;
664 2402 772 2441 §pathas
783 2404 869 2431 Graeci
881 2424 888 2436 ,
910 2404 1046 2433 Vitruvius
1057 2404 1171 2444 lingulas
1182 2426 1189 2437 ‚
1208 2405 1380 2444 nosspatellas·
1391 2405 1568 2433 nominamus.
1592 2406 1688 2433 Earum
1699 2415 1742 2432 ca-

191 2447 289 2485 pitibus
300 2442 410 2472 funiculi
422 2453 466 2471 aut
477 2443 578 2471 catellae
589 2453 663 2471 erant
673 2444 797 2482 affigam,
810 2454 868 2481 qua:
880 2453 974 2473 contra
983 2455 1074 2473 earum
1084 2446 1210 2473 flexiones
1219 2455 1260 2473 eas
1272 2447 1411 2484 pinnarum
1425 2442 1554 2483 pressione
1565 2445 1742 2473 adducebant.

192 2487 242 2515 Sed
251 2485 400 2525 choragiis.
416 2484 552 2523 pinnisque
564 2484 674 2512 minime
685 2486 762 2513 taCtis
772 2506 778 2515 .
791 2485 821 2512 ad
832 2484 907 2512 suum
918 2485 1008 2514 locum
1020 2486 1128 2526 lingulae
1139 2486 1350 2517 revertebantur,
1369 2489 1393 2514 &-
1404 2483 1527 2514 funiculis
1545 2486 1687 2513 volvebant
1700 2496 1743 2513 re-

191 2527 266 2568 gulas
279 2547 286 2558 ,
303 2527 339 2553 ita
350 2535 378 2553 ut
389 2535 478 2553 earum
487 2523 615 2552 foramina
636 2535 690 2553 non
700 2526 810 2564 amplius
822 2525 1009 2564 responderent
1024 2524 1199 2555 foraminibus
1218 2526 1330 2555 tabulae:
1353 2527 1392 2555 ita
1402 2530 1445 2555 aer
1465 2531 1488 2554 r&
1505 2525 1607 2565 spiritus
1620 2536 1672 2553 non
1682 2536 1743 2564 per-

192 2566 351 2596 mittebatur
361 2567 432 2593 exire
442 2565 473 2593 ad
484 2564 589 2597 fistulas,
599 2566 669 2594 unde
679 2566 764 2594 nullus
773 2565 873 2594 sonitus
882 2566 1016 2596 edebatur.

148 2611 170 2645 ι’]
212 2607 362 2636 Philander.
382 2607 521 2644 Sequitur,
541 2606 647 2634 alterius
658 2607 812 2645 apen'undo.
822 2617 902 2646 quare
912 2609 1066 2644 conjectura
1075 2607 1147 2637 duffi
1157 2607 1318 2636 arbitramur
1327 2607 1492 2636 scribendum
1502 2606 1663 2635 obturando.
1685 2606 1745 2634 Ali-

193 2650 238 2689 qui
250 2648 355 2676 codices
366 2646 463 2675 liabent
474 2647 593 2679 alternis,
605 2647 629 2675 id
641 2648 686 2679 est,
699 2644 828 2675 viciffim:
849 2657 934 2687 neque
946 2649 1108 2688 eascriptura
1118 2658 1188 2677 caret
1199 2650 1308 2679 auctore
1319 2653 1344 2677 δε
1355 2649 1497 2687 elegantia.
1513 2648 1657 2688 Virgilius:

588 2688 704 2716 Alternis
721 2689 816 2716 dicetis.

194 2729 292 2758 Statius
303 2728 391 2768 primo
404 2727 473 2757 libro
484 2727 648 2759 Thebaidos,

481 2785 553 2793 —
570 2770 682 2797 Paulum
690 2769 796 2798 alternis
806 2772 833 2798 in
841 2769 924 2799 verba
933 2770 1064 2809 minasque

528 2813 701 2838 CunHamur.

195 2852 285 2880 Vtitur
295 2850 395 2879 Plinius
405 2849 452 2879 lib.
463 2862 525 2880 xxv.
537 2862 593 2889 cap.
604 2851 712 2880 ultimo.

158 2907 188 2939 a]
218 2905 368 2933 Philander.
389 2908 429 2934 De
442 2905 494 2933 hoc
504 2915 602 2946 genere
611 2905 717 2934 dicendi
729 2905 855 2945 loquutus
866 2904 922 2933 sum
940 2904 988 2933 lib.
999 2913 1035 2932 ix.
1054 2913 1111 2944 cap.
1123 2915 1147 2940 3.
1170 2905 1324 2934 Diametros
1342 2913 1449 2939 autern,
1469 2908 1549 2944 quam
1559 2906 1747 2934 dimetientem
1761 2906 1885 2941 Cap-xxv.

201 2946 286 2972 Latini
296 2947 396 2977 dicunt.
406 2946 441 2974 est
451 2948 522 2975 resta
532 2947 607 2976 linea.
621 2945 737 2986 figuram
746 2968 752 2977 .
766 2956 817 2983 qua
828 2943 981 2986 longiffime
992 2954 1065 2984 patet
1075 2967 1082 2978 ,
1095 2957 1127 2974 ex
1139 2956 1217 2985 aequo
1225 2945 1322 2975 secans.
1343 2947 1418 2974 Vnde
1429 2948 1461 2984 ,ᾧ
1472 2943 1612 2987 :alg'pcroegor
1621 2947 1687 2986 apud
1698 2950 1749 2974 Ba—

199 2986 283 3015 filium
294 2987 324 3015 ad
335 2986 507 3016 Athanalium
517 3008 524 3022 ,
541 2991 566 3016 δε
574 2988 643 3026 apud
655 2986 826 3018 Athanasium
836 2986 907 3016 libro
916 2986 949 3016 de
960 2988 1064 3017 Nicena
1074 2987 1193 3027 Synodo,
1204 2997 1255 3028 pro
1264 2983 1428 3028 longissime.
1623 3026 1652 3064 b]
1664 3026 1737 3057 Idem
