2023 3162
440 413 856 481 LUDova
914 413 1481 481 DEMONTIOSII

163 539 1734 622 COMMENTARIVS

887 708 1016 749 ‘DE

379 816 1519 890 SCVLPTVRA.

488 988 500 1003 ἰ
519 976 548 1013 E
558 987 582 1013 R
591 988 618 1015 V
628 988 655 1012 M
675 974 934 1013 similitudines
946 975 1210 1024 exprimem&
1222 972 1405 1023 quicquid
1417 971 1518 1009 orbis
1531 974 1752 1023 complesti-

517 1043 579 1069 tur
598 1032 735 1069 imitari
757 1057 765 1071 ‚
797 1042 851 1068 ars
870 1030 967 1068 adeo
985 1031 1121 1068 nobilis
1139 1029 1337 1078 quondam
1355 1028 1426 1066 fuit
1443 1054 1451 1067 ,
1476 1038 1519 1065 ut
1538 1042 1581 1067 ea
1600 1041 1683 1078 quae
1701 1031 1752 1067 dia

484 1104 496 1122 Ι]
520 1098 632 1137 gnata
650 1089 736 1125 ess'et
753 1086 904 1137 posteris
916 1087 1071 1132 tradere,
1089 1085 1287 1123 nobilitare
1305 1082 1435 1135 poffet.
1454 1096 1539 1133 quae
1558 1084 1751 1131 flitmum,

470 1164 488 1181 —.
521 1144 557 1180 ὅ(
570 1145 756 1195 piC‘torum
775 1144 922 1194 propria
941 1143 1018 1180 laus
1037 1143 1179 1192 semper
1189 1142 1278 1181 fuit,
1299 1140 1410 1178 dubia
1429 1141 1551 1178 adhuc
1571 1143 1666 1178 inter
1687 1154 1754 1180 eos

501 1244 503 1246 v
521 1202 657 1250 palma.
693 1199 886 1237 Fissorum
906 1211 998 1239 vero
1016 1197 1096 1236 duo
1113 1197 1194 1234 sunt
1205 1208 1352 1247 genera.
1387 1195 1524 1234 Unum
1536 1208 1671 1234 eorum
1693 1200 1757 1246 qui

456 1297 459 1299 .
484 1256 620 1308 ligna
638 1255 798 1295 faciunt,
821 1267 903 1304 quae
915 1254 1183 1305 quaquaversus
1193 1253 1419 1305 speetentur,
1437 1260 1577 1290 naturae
1595 1264 1690 1303 opus
1711 1266 1758 1290 ae-

520 1314 720 1350 mulantur.
754 1312 927 1348 Alterum
946 1310 997 1348 est
1007 1322 1141 1348 eorum
1154 1337 1162 1351 ,
1187 1311 1251 1359 qui
1270 1319 1454 1359 quantum
1474 1307 1650 1357 cujusque
1672 1320 1758 1345 coi·-

159 1373 261 1422 poris
281 1383 362 1407 uno
381 1368 527 1418 aspectu
545 1371 648 1406 cerni
667 1363 815 1419 potest}
832 1367 869 1403 id
889 1377 1070 1418 tanquam
1090 1368 1128 1403 in
1146 1365 1274 1403 tabula
1293 1365 1359 1402 fibi
1376 1364 1600 1403 imitandum
1620 1376 1758 1414 propo-

158 1437 268 1464 nunt.
281 1427 352 1463 Sed
364 1437 410 1462 ne
423 1425 458 1461 hi
469 1425 624 1474 quidem
638 1425 776 1461 eodem
787 1435 922 1473 genere
933 1425 1127 1461 versantur:
1139 1432 1204 1460 aut
1213 1423 1316 1459 enim
1327 1433 1425 1471 opus
1435 1421 1575 1457 eminet
1587 1417 1607 1456 ὲ
1618 1420 1757 1460 tabula,

160 1493 223 1520 aut
234 1485 334 1520 intus
346 1480 496 1530 refugit:
519 1480 565 1518 de
576 1482 710 1530 quibus
728 1479 937 1530 singulatim
948 1480 1128 1517 dicemus.
1159 1478 1231 1515 Sed
1243 1478 1397 1516 materia
1416 1478 1527 1513 etiam
1539 1476 1694 1513 artifices
1704 1476 1761 1512 di-

159 1538 322 1590 stinguit.
336 1538 415 1575 Alii
424 1539 526 1574 enim
536 1549 580 1574 ex
591 1537 697 1575 molli
707 1538 859 1574 materia
870 1535 967 1585 signa
978 1535 1198 1579 faciunt‚alii
1208 1546 1253 1571 ex
1264 1533 1433 1581 fusili,alii
1443 1544 1487 1570 ex
1498 1532 1597 1570 dura.
1611 1534 1647 1570 &
1658 1531 1759 1569 fuere

159 1594 357 1645 quondam
369 1595 406 1631 in
418 1593 563 1643 singulis
574 1594 771 1644 genetibus
783 1593 873 1630 clari
883 1591 1052 1631 artifices.
1084 1591 1155 1628 Sed
1166 1591 1341 1627 omnium
1363 1586 1602 1638 antiquissimi
1612 1588 1759 1625 fuerunt

159 1651 290 1703 plastae,
305 1652 372 1700 qui
385 1650 557 1694 mollem,
568 1652 605 1688 ὃς
616 1649 794 1687 ἀυᾶίΙεῑῃ
807 1650 999 1686 materiam
1009 1647 1231 1685 tractarunt:
1245 1647 1263 1683 ἓ]
1275 1645 1425 1682 rudibus
1443 1645 1553 1681 initiis
1564 1642 1757 1694 progrefli.

159 1707 296 1744 Scribit
306 1708 409 1744 enim
421 1706 569 1744 Plinius,
590 1706 838 1743 Dubitiadem
856 1706 1082 1754 Sicyonium
1092 1702 1248 1752 figulum
1261 1703 1426 1752 primum
1437 1712 1521 1738 eam
1532 1709 1650 1737 artem
1660 1702 1757 1736 inve-

160 1764 263 1807 niss'e,
273 1762 450 1800 Corinthi
461 1761 542 1799 filiae
555 1773 668 1811 opera
682 1791 691 1806 ‚
711 1774 793 1811 quae
807 1772 915 1811 capta
926 1772 1052 1798 amore
1062 1760 1203 1806 juvenis
1214 1788 1225 1803 ‚
1236 1758 1302 1794 illo
1314 1757 1475 1794 abeunte
1493 1767 1658 1806 peregre,
1672 1767 1757 1792 um-

162 1819 266 1856 bram
276 1831 319 1855 ex
330 1818 426 1855 facie
438 1820 512 1861 eius
523 1818 567 1855 ad
577 1820 770 1854 lucernam
782 1819 818 1854 in
831 1818 968 1867 pariete
978 1817 1083 1853 lineis
1103 1813 1401 1865 circumscripsit,
1424 1813 1558 1863 quibus
1570 1822 1670 1863 patet
1682 1813 1757 1857 ejus

161 1874 333 1925 impress'a
353 1875 479 1923 argilla
491 1884 621 1923 typum
635 1872 726 1910 fecit
739 1902 748 1916 ,
761 1875 797 1910 &
811 1901 820 1916 ,
841 1885 930 1910 cnm
942 1873 1080 1910 caeteris
1099 1870 1270 1908 fietihbus
1287 1869 1497 1906 induratum
1508 1870 1584 1918 igni
1597 1892 1603 1906 ‚
1618 1879 1757 1917 propo-

161 1932 248 1968 suit:
280 1941 443 1978 eumque
472 1929 653 1967 servatum
672 1931 708 1965 in
729 1929 957 1979 Nympheo,
988 1927 1111 1965 donec
1141 1923 1375 1964 Corinthum
1391 1925 1600 1961 Mummius
1620 1933 1758 1960 everte-

161 1997 236 2024 ret.
269 1985 388 2023 Addit
408 1996 534 2022 tamen
556 2014 567 2029 ‚
596 1983 663 2021 effe
682 1986 750 2033 qui
767 1986 886 2021 Samo
903 1985 1044 2034 primos
1063 1983 1239 2019 omnium
1257 1981 1432 2030 plasticen
1452 1978 1626 2017 invenisse
1646 1978 1757 2015 Rhae1

164 2043 253 2079 dum
266 2070 275 2085 ,
295 2040 596 2079 &Theodorum
614 2041 780 2079 tradant,
804 2040 928 2076 multo
948 2050 1033 2075 ante
1046 2037 1230 2074 Battiadas
1249 2036 1440 2074 Corintho
1459 2034 1590 2085 pulsos.
1621 2035 1758 2070 Dema-

165 2107 290 2135 ratum
308 2108 402 2133 vero
423 2108 468 2133 ex
489 2097 620 2133 eadem
641 2095 730 2132 urbe
752 2095 973 2145 profugum,
997 2096 1062 2143 qui
1080 2096 1118 2130 in
1130 2094 1306 2129 Hetruria
1326 2092 1573 2139 Tarquinium
1594 2088 1755 2125 Priscum

167 2155 321 2202 Regem
353 2152 488 2202 Populi
506 2152 676 2187 Romani
697 2151 828 2199 genuit
852 2178 861 2192 ‚
892 2151 1094 2186 comitatos
1125 2148 1274 2184 fistores
1302 2145 1459 2184 Euchira
1478 2174 1487 2189 ‚
1518 2147 1555 2182 &
1577 2146 1759 2193 Eugram-

165 2220 291 2246 mum:
313 2206 358 2243 ab
376 2208 420 2243 iis
442 2206 554 2243 Italiae
574 2206 744 2242 traditam
757 2203 943 2241 Plasticcn.
975 2204 1047 2241 Sed
1060 2205 1258 2253 curpigeat
1275 2203 1415 2250 reliqua
1429 2203 1510 2246 ejus
1529 2201 1603 2236 loci
1616 2201 1660 2237 ad
1678 2211 1758 2237 ver-

167 2264 260 2301 bum
285 2261 507 2299 exscribere?
530 2273 617 2298 cum
636 2261 712 2304 ejus
734 2260 929 2308 diiigentiae
948 2270 1028 2297 tota
1043 2259 1148 2305 hujus
1166 2259 1393 2306 antiquitatis
1416 2257 1588 2306 cognitio
1606 2266 1758 2306 accepta

167 2320 317 2357 ferenda
339 2317 400 2362 sit,
421 2318 707 2366 necquicquam
726 2316 929 2364 elegantius
942 2344 951 2359 ,
964 2326 1029 2352 aut
1047 2315 1165 2363 magis
1185 2313 1350 2351 distinete
1362 2310 1569 2362 dicipossit.
1600 2313 1759 2361 Pergens

167 2378 277 2426 igitur
288 2374 337 2411 fic
354 2376 417 2411 ait:
440 2374 654 2410 Dibutiadis
672 2374 868 2409 inventum
880 2371 929 2407 est
941 2371 1129 2409 rubricam
1142 2369 1275 2407 addere
1288 2399 1297 2412 ,
1317 2380 1379 2407 aut
1394 2381 1438 2406 ex
1450 2368 1597 2405 rubrica
1618 2378 1758 2404 cretam

168 2433 331 2481 fingere.
370 2427 589 2478 Primusque
615 2427 786 2478 personas
803 2428 1014 2475 regularum
1033 2427 1206 2463 extremis
1224 2425 1444 2462 imbricibus
1462 2423 1656 2473 imposuit,
1677 2435 1757 2472 quse

169 2487 379 2526 interinitia
397 2495 556 2536 protypa
566 2486 727 2521 vocavit.
757 2482 887 2520 Postea
899 2483 999 2520 idem
1017 2483 1143 2532 efiiypa
1153 2481 1250 2519 fecit.
1286 2481 1433 2518 Hine&
1446 2480 1582 2528 fastigia
1595 2481 1760 2528 templo-

170 2556 258 2582 rum
277 2553 359 2580 orta
373 2568 381 2581 ‚
405 2551 557 2592 propter
575 2541 673 2577 hunc
693 2538 811 2589 plasta:
832 2540 1013 2591 appellati.
1047 2538 1223 2575 Hominis
1242 2548 1365 2574 autem
1384 2537 1589 2584 imaginem
1610 2534 1723 2585 gypso
1739 2532 1760 2570 ὲ

171 2601 267 2638 facie
278 2598 348 2649 ipsa
359 2600 499 2648 primus
512 2597 686 2634 omnium
697 2593 883 2644 expressit,
907 2606 1062 2643 ceraque
1075 2595 1113 2630 in
1131 2606 1212 2631 eam
1224 2593 1386 2631 formam
1397 2590 1495 2641 gypsi
1511 2589 1622 2628 infusa
1634 2602 1764 2628 emen-

172 2657 258 2693 date
267 2653 420 2692 instituit
432 2652 644 2701 Lysistratus
656 2652 868 2699 SicyoniuS‚
879 2650 990 2689 frater
1002 2649 1148 2701 Lysippi
1159 2679 1168 2694 ‚
1185 2645 1229 2686 de
1240 2661 1318 2698 quo
1328 2648 1500 2685 diximus,
1534 2647 1605 2683 Hic
1617 2649 1652 2683 δε
1666 2646 1762 2682 {imi-

172 2712 372 2751 litudinem
391 2710 541 2746 reddere
560 2708 733 2744 instituit.
773 2717 858 2744 ante
878 2720 966 2744 eum
983 2719 1101 2756 quam
1128 2705 1389 2755 pulcherrimas
1409 2702 1530 2740 facere
1558 2703 1762 2740 studebant.

175 2771 272 2808 Item
290 2767 327 2803 &
347 2766 392 2803 de
403 2765 510 2814 fignis
522 2763 684 2813 effigiem
703 2763 1071 2812 exprimet-einvenit.
1101 2761 1300 2809 Crevitque
1310 2771 1365 2796 res
1383 2761 1577 2796 intantum
1590 2788 1598 2803 ‚
1618 2769 1657 2796 ur
1669 2759 1765 2795 uuila

176 2825 277 2873 figna
288 2822 458 2860 statuaeve
479 2821 552 2858 fine
571 2820 697 2869 argilla
707 2818 846 2855 fierent.
879 2821 971 2872 Qo
983 2828 1133 2867 apparet
1146 2847 1155 2861 ,
1171 2817 1420 2869 antiquiorem
1437 2815 1530 2851 hanc
1542 2813 1640 2851 fuisse
1653 2814 1767 2851 scien-

177 2883 268 2919 tiam
281 2908 290 2923 ,
301 2891 414 2927 quam
427 2876 604 2914 fundendi
615 2877 703 2911 aeris.
733 2875 853 2911 1³12stae
864 2872 1210 2911 laudatiffimifuete
1221 2871 1494 2921 Damophilus,
1519 2873 1556 2908 δε
1568 2868 1765 2919 Gotgasus.

177 2937 370 2985 iidemque
381 2935 542 2985 pictores
555 2962 565 2979 ‚
585 2933 649 2982 qui
666 2932 812 2970 Cereris
824 2930 941 2969 aedem
952 2931 1090 2968 Romae
1101 2929 1147 2966 ad
1159 2931 1302 2967 circum
1312 2929 1519 2966 maximum
1533 2937 1692 2975 utroque
1704 2937 1769 2973 ge-

1682 2991 1770 3019 nere
