2023 3162
286 95 360 135 156
663 85 1513 127 M.V1†Ruv111’01.r101i1s

282 171 370 197 uem
384 187 394 203 ‚
407 155 693 206 Thebaicosque
705 158 741 193 in
751 152 960 203 AEgyptum
972 165 1141 203 campos,
1153 152 1190 189 δε
1202 152 1253 189 ibi
1265 154 1372 191 Nilus
1383 152 1595 204 appellatur.
1619 154 1671 192 Ex
1682 155 1748 205 [m]
1764 157 1875 195 Mau·

284 216 414 253 titania
433 224 556 252 autem
568 223 679 264 caput
690 212 769 249 Nili
783 209 968 260 profluere
981 237 990 252 ‚
1011 221 1055 247 ex
1076 221 1123 246 eo
1137 211 1301 245 maxime
1313 207 1571 259 cognoscitur,
1593 211 1696 259 quod
1707 225 1751 250 ex
1763 214 1876 252 altera

286 281 387 322 parte
398 271 536 307 montis
555 270 717 306 Atlantis
727 266 886 303 suntalia
905 266 1026 315 capita
1036 267 1126 302 item
1139 265 1359 314 profluentia
1376 265 1420 302 ad
1432 264 1651 302 Occidentis
1662 266 1873 308 Oceanum,

288 328 414 375 ibique
433 324 625 363 nascuntur
638 325 702 368 [n]
726 321 1003 361 lehneumones
1013 346 1022 359 ‚
1045 323 1102 366 [0]
1126 320 1327 357 Crocodili
1338 347 1347 363 ‚
1369 321 1406 358 &
1427 322 1503 358 aliae
1525 319 1658 357 ssmiles
1677 322 1875 362 bestiarum

288 381 517 433 pisciumque
528 391 676 417 natum,
690 388 821 427 praeter
833 376 879 425 [o]
898 376 1329 426 Hippopotamos.Ergo
1343 389 1428 414 cum
1441 378 1571 414 omnia
1582 377 1738 415 maxima
1752 379 1877 417 flumi-

290 450 335 475 na
344 441 381 476 in
392 438 491 474 orbis
502 446 679 472 terrarum
688 433 996 482 descriptionibus
1007 433 1051 469 ab
1057 432 1327 482 Septemtrione
1339 432 1530 470 videantur
1542 431 1876 485 profluere‚Aphri-

292 505 419 543 caeque
431 492 561 541 campi,
574 490 726 539 quisunt
737 490 776 526 in
786 488 1000 526 Meridianis
1011 488 1173 538 partibus
1183 486 1331 534 subjecti
1340 487 1425 525 solis
1438 487 1556 525 cursui
1566 489 1720 525 latentes
1731 492 1876 539 penitus

289 549 446 586 habeant
468 548 647 583 humores
661 571 668 584 ‚
690 557 763 583 nec
776 544 900 582 fontes
911 545 1064 582 crebros
1076 573 1087 589 ‚
1099 542 1297 593 amnesque
1309 556 1430 594 raros3
1451 545 1670 593 relinquitur
1688 547 1742 581 uti.
1753 547 1874 583 multo

287 607 444 643 meliora
454 604 684 639 inveniantur
696 601 813 651 capita
831 600 1007 640 fontium,
1023 612 1103 649 quae
1115 599 1161 638 ad
1171 599 1485 650 SeptemtrIOnem
1497 600 1783 649 Aquilonemve
1800 600 1873 653 spe-

291 660 409 696 &anrz
429 657 494 695 nisi
515 657 540 694 fi
552 659 745 695 inciderint
755 658 795 693 in
812 654 1067 707 sulphurosum
1078 657 1210 693 locum
1222 684 1232 700 ‚
1249 666 1311 693 aut
1321 655 1591 696 aluminosum,
1607 656 1666 693 seu
1678 656 1877 694 bitumino-

287 714 383 762 sum5
405 723 494 751 tunc
506 715 607 751 enim
618 722 889 765 permutantur,
901 715 938 749 ὃς
950 722 1011 749 aut
1021 711 1146 749 calidae
1158 723 1272 760 aquae,
1293 723 1353 750 aut
1362 711 1497 762 frigidae
1516 712 1636 749 odore
1649 713 1762 750 malo,
1779 714 1817 749 ὃ(
1827 712 1880 749 sa-

287 782 395 822 pore,
406 769 636 820 profundunt
646 770 780 806 fontes.
800 769 934 818 Neque
945 770 1044 805 euim
1056 767 1181 805 calidae
1194 780 1296 817 aquae
1308 768 1357 806 est
1368 769 1438 805 ulla
1448 770 1665 819 proprietas,
1679 766 1737 805 sed
1748 768 1878 817 frigida

289 838 384 875 aqua
395 838 483 863 cum
495 826 624 863 incidit
632 836 846 876 percurrens
855 826 893 861 in
904 824 1091 861 ardentem
1103 824 1246 867 locum,
1257 822 1464 862 effervescit,
1472 827 1508 861 ὃ(
1522 823 1759 875 percalefacta
1771 834 1877 874 egre-

289 882 386 920 ditur
402 894 465 932 per
476 893 586 919 venas
597 892 699 919 extra
708 890 856 918 terram.
868 881 955 917 ideo
967 880 1101 916 diutius
1113 891 1190 916 non
1202 880 1321 929 potest
1333 892 1558 931 permanere,
1576 879 1633 916 sed
1647 879 1748 918 brevi
1759 878 1876 930 spatio

289 937 330 975 fit
348 937 486 986 frigida.
522 939 584 990 [q]
603 939 777 987 Namque
790 935 814 972 fi
824 936 1033 974 naturaliter
1043 934 1127 972 effer
1138 935 1255 973 calida
1268 966 1278 981 ‚
1288 949 1365 974 non
1381 936 1649 985 refrigeraretur
1662 937 1768 973 calor
1784 937 1877 982 ejus.

288 993 407 1043 Sapor
416 1003 541 1030 autem
552 997 589 1031 ὅ(
601 994 711 1037 odor,
722 995 759 1030 ὃς
770 993 879 1030 color
897 994 972 1040 ejus
981 1003 1062 1028 non
1072 990 1278 1033 restituitur,
1295 991 1400 1043 quod
1409 992 1584 1030 intinstus
1594 994 1632 1029 ὅς
1643 992 1876 1030 commixtus

290 1049 341 1087 est
351 1060 504 1100 propter
515 1060 651 1087 naturae
663 1050 860 1086 raritatem.

1758 1104 1793 1141 C
1805 1115 1826 1140 Α
1840 1115 1873 1140 P.

284 1201 323 1235 m]
345 1197 426 1225 Idem.
451 1196 601 1225 Aristoteles
612 1197 656 1225 lib.
668 1208 688 1226 1.
700 1198 817 1225 Mereor.
828 1207 906 1225 autor
916 1198 952 1225 est
961 1198 1045 1236 prima
1057 1198 1112 1225 Nili
1120 1197 1217 1225 fluenta
1226 1207 1257 1225 ex
1268 1200 1375 1236 Argyre
1386 1205 1479 1225 monte
1488 1193 1776 1225 decurrereHetodot.
1786 1193 1874 1221 lib.11.

325 1238 444 1279 ignorari
455 1239 490 1265 ait
502 1238 570 1265 unde
582 1239 691 1266 oriatur.
714 1237 820 1266 Pausan.
830 1239 856 1265 in
870 1239 967 1266 Atticis
976 1239 1056 1265 tradit
1068 1248 1099 1265 ex
1120 1237 1229 1265 Atlante
1239 1247 1332 1265 monte
1343 1247 1448 1265 manare
1459 1247 1554 1275 aquam
1565 1236 1697 1264 turbidam
1707 1256 1714 1268 ,
1732 1235 1764 1262 ad
1775 1234 1876 1274 ipsum-

326 1289 377 1318 que
388 1276 493 1307 fontem
501 1288 623 1316 apparere
635 1278 798 1307 Crocodilos
807 1278 900 1307 cubito
911 1278 980 1307 haud
991 1279 1118 1310 minores,
1130 1279 1175 1317 qui
1185 1278 1217 1306 ad
1228 1278 1369 1306 hominum
1378 1275 1511 1306 accessum
1521 1278 1608 1306 statim
1618 1285 1785 1315 mergantur.
1800 1276 1877 1304 Idem

325 1320 353 1347 in
366 1319 547 1347 Corinthiacis
557 1320 592 1347 ait
605 1330 658 1347 non
668 1316 753 1348 deesse
764 1320 809 1358 qui
828 1329 860 1348 ex
879 1319 1013 1358 Euphrate
1025 1327 1102 1347 terrae
1120 1319 1232 1347 condito
1244 1323 1268 1347 δι
1279 1320 1367 1357 postea
1376 1318 1449 1357 supra
1468 1317 1639 1357 Aethiopiam
1649 1325 1806 1357 emergente
1821 1317 1875 1345 Ni-

326 1360 382 1389 lum
390 1357 462 1388 effici
473 1360 631 1388 existiment.
643 1363 685 1389 De
695 1361 759 1388 Nilo
772 1360 827 1389 lucc
839 1358 893 1388 fere
904 1362 919 1389 a
931 1360 1031 1388 Parafio
1042 1360 1193 1391 traduntur;
1205 1360 1300 1389 Durim
1309 1360 1427 1387 Samium
1437 1368 1527 1398 putare
1538 1369 1600 1388 eum
1611 1360 1636 1386 in
1648 1356 1733 1397 Lybia
1743 1366 1822 1397 caput
1834 1365 1878 1386 at-

326 1400 430 1432 tollere5
446 1402 642 1429 Parmenonem
652 1402 825 1439 Byzantium,
838 1403 932 1429 Iovem
943 1410 1005 1429 eum
1016 1402 1135 1441 Aegypti
1145 1400 1274 1439 appellare
1284 1413 1290 1432 ς
1304 1401 1373 1428 lovis
1385 1401 1457 1428 enim
1467 1400 1644 1438 appellatione
1656 1398 1670 1427 a
1681 1396 1770 1437 priscis
1781 1401 1878 1437 Aegy-

327 1441 388 1480 ptiis
397 1441 510 1473 cultum3
521 1441 581 1470 inde
592 1445 616 1470 &
629 1442 770 1470 Pindarum
781 1441 902 1480 epitheto
915 1440 1020 1481 Kgdmu,
1030 1440 1082 1469 hoc
1091 1442 1126 1470 est
1135 1441 1286 1470 Saturnium
1298 1441 1435 1468 nominare
1445 1462 1452 1472 ,
1471 1440 1544 1478 quod
1553 1440 1686 1470 exundans
1697 1438 1824 1467 imbrium
1835 1440 1878 1467 vi-

324 1491 384 1510 cem
392 1480 523 1509 exhibeat.
536 1484 566 1510 In
578 1485 707 1522 Aegypto
718 1483 813 1512 urbem
824 1478 874 1511 effe
885 1483 939 1518 ejus
949 1482 1076 1515 nominis,
1087 1481 1184 1511 sacram
1194 1482 1278 1511 amuis
1287 1480 1382 1514 sedem,
1395 1491 1426 1509 ex
1436 1481 1569 1510 Hecataeo
1582 1480 1763 1518 Hermippum
1771 1480 1871 1508 dicere:

327 1524 397 1561 prius
405 1519 480 1553 fuisse
491 1524 659 1551 nominatum
674 1526 815 1552 Oceanum
827 1543 833 1554 ,
846 1526 1010 1563 Aegyptum.
1022 1526 1111 1552 Aeton
1122 1544 1129 1557 ,
1150 1523 1296 1552 Tritonem
1305 1543 1312 1556 ,
1333 1522 1442 1551 demum
1453 1522 1547 1551 Nilum
1558 1543 1566 1555 ,
1578 1520 1593 1551 εὶ
1606 1520 1734 1561 Cyclopis
1744 1519 1800 1549 filio
1809 1521 1878 1549 Nilo

331 1564 450 1602 Aegypti
461 1573 533 1604 rege,
546 1565 587 1591 cui
598 1574 660 1591 avus
669 1573 792 1602 paternus
802 1561 883 1592 fuerit
894 1564 1033 1594 Tantalus.

286 1605 317 1639 n]
346 1602 431 1631 Idem.
454 1604 620 1633 ichneumon
632 1606 659 1632 in
671 1608 800 1644 Aegypto
811 1603 931 1634 nascitur.
941 1605 1037 1634 animal
1052 1602 1109 1634 felis
1121 1605 1306 1645 magnitudine
1317 1625 1324 1637 ‚
1341 1603 1384 1632 sed
1394 1601 1503 1643 figuraai
1516 1613 1590 1632 mure
1602 1613 1657 1631 non
1668 1602 1815 1631 admodum
1823 1601 1873 1630 ab-'

324 1643 460 1672 horrente.
475 1645 566 1672 Habet
577 1645 773 1673 interneciuum
785 1654 847 1673 curn
858 1655 944 1684 angue
953 1645 1061 1678 bellum,
1071 1655 1120 1673 nec
1129 1648 1200 1684 prius
1211 1645 1313 1675 hostem
1323 1645 1490 1685 aggreditur,
1500 1654 1581 1684 quam
1589 1644 1675 1672 socios
1684 1652 1763 1672 vocet
1773 1643 1876 1671 &limo

324 1685 443 1713 obducto
455 1694 549 1712 contra
559 1686 626 1713 ic'tus
637 1684 788 1724 morsusque
797 1685 846 1714 sese
858 1686 961 1715 loricet.
979 1688 1009 1713 Iu
1019 1686 1194 1715 dimicatione
1205 1687 1315 1716 caudam
1323 1685 1457 1716 attollens,
1469 1687 1558 1714 irritos
1570 1686 1637 1714 istus
1647 1683 1751 1712 aversus
1762 1684 1873 1721 excipit,

322 1726 407 1752 donec
420 1725 530 1764 obliquo
541 1727 626 1765 capite
636 1725 895 1764 speculatusinvadat
906 1727 931 1754 in
942 1724 1040 1756 fauces.
1062 1725 1186 1756 Debellat
1197 1731 1222 1755 ὅ(
1233 1725 1420 1756 Crocodilum.
1440 1727 1557 1756 Autores
1567 1725 1626 1755 sunt
1639 1724 1773 1754 Aristotel.
1783 1732 1870 1751 natur.

325 1765 427 1792 Histor.
439 1765 484 1792 lib.
495 1776 532 1794 ix.
543 1770 567 1794 ὅς
579 1766 702 1794 Plin.1ib.
712 1777 782 1795 vtir.
791 1777 847 1806 cap.
858 1778 903 1800 24.
916 1771 940 1796 &
950 1777 990 1802 25.

283 1807 310 1841 ο]
343 1804 489 1832 Philandet.
510 1807 687 1836 Crocodilum
701 1807 825 1836 describit
837 1808 1047 1837 Ammianuslib.
1060 1818 1131 1837 xxii.
1142 1809 1174 1837 de
1187 1808 1445 1848 Aegypmloquens.
1465 1807 1532 1836 Vide
1551 1806 1723 1836 Herodotum
1741 1804 1832 1836 lib.11.
1846 1809 1872 1834 δε

325 1845 400 1874 alios.
423 1845 491 1876 Haec
503 1846 554 1874 ille,
575 1847 700 1882 Ferajam
712 1845 847 1876 notiffima
857 1852 881 1876 δι’
893 1849 906 1876 a
919 1848 1036 1887 pluribus
1044 1849 1171 1888 descripta
1182 1870 1188 1881 ‚
1207 1858 1236 1877 ut
1248 1850 1373 1887 antiquos
1393 1851 1513 1878 auctores
1524 1845 1657 1876 consulere
1667 1847 1874 1884 operaepretium

326 1896 382 1914 non
392 1885 432 1915 lit,
442 1886 487 1924 qui
497 1884 644 1915 &fabulosa
655 1887 776 1925 quatdam
787 1888 819 1916 de
828 1889 872 1919 illa
882 1889 1064 1927 prodiderunt.
1085 1890 1230 1928 Reperitur
1239 1898 1329 1918 autem
1340 1899 1394 1917 non
1404 1889 1489 1918 solum
1500 1889 1526 1915 in
1536 1885 1626 1915 Africa
1635 1907 1642 1919 ,
1657 1885 1736 1914 sedin
1747 1888 1874 1915 America

329 1925 430 1955 diversa
441 1925 522 1955 mole.

285 1968 314 2006 p]
348 1966 432 1995 Idem.
452 1966 676 2005 Hippopotamon
690 1988 696 2000 ,
715 1967 741 1997 id
754 1968 803 1998 est,
822 1968 977 1997 fluviatilem
996 1978 1209 2008 equum‚autore
1220 1969 1359 1998 Aristotele
1376 1968 1407 1996 de
1419 1969 1536 1997 Historia
1552 1967 1658 1997 animal.
1670 1966 1715 1996 lib.
1729 1977 1762 1996 11.
1782 1969 1874 2009 gignit

328 2010 468 2046 Aegyptus
479 2020 485 2041 ;
503 2007 596 2043 eijuba
607 2008 642 2036 est
654 2008 723 2046 equi,
734 2008 839 2048 ungula:
848 2009 935 2047 quales
947 2008 1042 2042 bubus,
1054 2010 1166 2038 rostrum
1174 2010 1298 2038 refimum
1311 2030 1316 2040 .
1329 2010 1394 2038 talus
1405 2010 1469 2038 inest
1480 2009 1641 2037 bisulcorum
1659 2009 1742 2036 modo
1753 2022 1760 2041 ς
1780 2010 1874 2038 dentes

326 2047 422 2076 exserti
434 2068 440 2079 ,
452 2046 494 2075 sed
505 2047 598 2076 leniter
609 2061 616 2080 ;
629 2049 709 2076 cauda
718 2050 783 2087 apri,
794 2059 846 2077 vox
857 2050 927 2087 equi,
940 2050 1100 2090 magnitudo
1110 2050 1188 2078 alini:
1201 2059 1240 2078 tcr
1264 2051 1316 2078 oris
1325 2059 1397 2078 tanta
1407 2047 1559 2081 crassirudo,
1570 2059 1598 2077 ut
1610 2059 1641 2077 ex
1653 2059 1685 2077 eo
1696 2049 1824 2078 venabula
1833 2048 1874 2078 fa-

327 2089 415 2116 ciant:
435 2087 560 2116 interiora
571 2090 660 2117 omnia
672 2091 766 2127 equi&
776 2089 847 2117 alini.
868 2092 941 2118 Inter
952 2090 1108 2120 harundines
1120 2090 1230 2120 celsas&
1250 2091 1385 2129 qualentes
1404 2092 1485 2119 nimia
1503 2090 1631 2119 denlitate
1651 2089 1706 2118 haec
1719 2089 1820 2122 bellua,
1843 2100 1874 2119 ut

325 2128 406 2156 tradit
419 2129 574 2157 Ammianus
582 2129 655 2159 dicio
665 2130 745 2160 libro,
755 2129 887 2158 cubilibus
898 2131 999 2169 politis,
1009 2132 1095 2159 otium
1107 2132 1235 2171 pervigile
1245 2131 1447 2170 circumspectat
1459 2153 1465 2165 ‚
1485 2132 1594 2169 laxaque
1606 2131 1683 2169 copia
1690 2130 1871 2170 addepascen-

322 2169 369 2197 das
377 2169 479 2208 segetes
488 2169 642 2209 egreditur:
660 2180 774 2209 cumque
791 2171 844 2205 jam
855 2172 961 2209 caeperit
973 2172 1084 2200 distenta
1100 2173 1193 2200 averiis
1204 2172 1327 2212 vestigiis,
1345 2173 1482 2211 distinguit
1493 2173 1613 2200 tramites
1623 2171 1724 2199 multos
1735 2193 1742 2204 ,
1754 2182 1786 2199 ne
1794 2171 1872 2200 unius

324 2209 400 2248 plane
410 2211 600 2238 itinerislineas
612 2210 773 2238 inlidiatores
783 2211 875 2244 secuti,
890 2222 1022 2250 repertam
1033 2213 1085 2241 line
1094 2210 1254 2241 difficultate
1266 2212 1432 2241 confodiant.
1444 2215 1513 2241 Item
1524 2222 1586 2241 cum
1599 2212 1681 2240 nimia
1689 2213 1814 2240 aviditate
1825 2223 1874 2241 ex-

324 2249 449 2277 tuberato
459 2260 549 2279 ventre
561 2250 687 2290 pigrescit
698 2273 704 2284 ‚
724 2251 800 2290 super
810 2252 912 2280 calamo
920 2263 1010 2281 recens
1021 2254 1116 2282 exesto
1126 2251 1229 2281 femora
1240 2253 1379 2281 convolvit
1391 2274 1396 2284 ,
1416 2258 1440 2282 8<
1452 2264 1545 2286 crura;
1564 2262 1592 2281 ut
1604 2252 1715 2291 pedibus
1727 2253 1871 2281 vulneratis

323 2300 403 2318 eruor
412 2291 513 2330 egestus
525 2291 719 2321 madescentem
736 2290 814 2321 faciat
825 2293 924 2327 levem5
935 2297 958 2321 St
969 2304 1060 2322 carnes
1073 2293 1170 2322 saucias
1182 2304 1264 2322 coeno
1280 2294 1376 2322 oblinit
1394 2295 1510 2332 quandiu
1522 2295 1547 2322 in
1559 2294 1695 2322 cicatrices
1706 2294 1869 2322 conveniant

324 2330 417 2370 plagae.
436 2332 515 2369 Qos
526 2331 557 2359 de
570 2333 718 2360 crocodilo
727 2333 782 2361 dixi
790 2332 924 2372 scripliffe,
935 2333 1025 2363 iisdem
1036 2335 1102 2363 locis
1111 2335 1142 2363 de
1152 2335 1359 2373 Hippopotamo
1367 2336 1448 2363 etiam
1456 2336 1502 2373 ipsi
1512 2335 1645 2362 dixerunt.
1665 2334 1772 2362 Horam
1784 2335 1870 2374 figni-

323 2370 427 2400 ficaturi
439 2373 567 2411 Aegyptii
578 2373 732 2401 fluviatilem
742 2384 841 2411 equum
852 2374 1008 2413 pingebant,
1019 2385 1048 2403 ut
1059 2376 1139 2404 tradit
1150 2377 1242 2404 Horus
1253 2376 1352 2414 Apollo
1363 2376 1408 2403 lib.
1417 2376 1450 2404 de
1462 2374 1684 2415 Hieroglyphicis
1695 2376 1809 2402 norisii.

283 2413 312 2452 q]
346 2412 428 2440 Idem.
453 2415 588 2450 Aquarurn
598 2423 655 2451 quae
677 2414 819 2442 creduntur
830 2415 920 2443 calida:
929 2412 980 2443 effe
991 2437 997 2447 ,
1010 2416 1082 2454 quod
1093 2416 1118 2444 id
1137 2425 1227 2444 natura
1238 2426 1421 2454 comparatum
1433 2427 1487 2444 non
1499 2416 1540 2445 fit.
1554 2418 1660 2455 (ignem
1670 2415 1741 2443 enim
1753 2415 1868 2448 canales,

323 2462 370 2490 per
381 2462 448 2491 quos
460 2453 594 2481 transeunt
604 2474 611 2485 .
629 2455 769 2482 continent
780 2475 786 2486 .
800 2455 874 2490 cujus
883 2453 966 2484 fames
975 2456 1114 2495 copiosum
1125 2457 1246 2485 bitumen
1259 2470 1265 2489 ;
1283 2457 1384 2485 etiamli
1395 2458 1443 2485 alia
1454 2458 1484 2485 lit
1504 2456 1619 2484 Vitruvii
1628 2455 1757 2494 sequentis
1774 2457 1867 2494 capitis

322 2492 465 2526 sententia)
476 2494 546 2523 calor
556 2494 601 2523 diu
610 2504 762 2532 permanere
773 2505 825 2523 non
835 2497 928 2533 potest.
950 2498 1088 2536 chuid
1101 2508 1164 2525 vero
1175 2499 1357 2526 contraxerint
1367 2497 1474 2536 saporis,
1485 2497 1575 2526 odoris
1584 2505 1629 2524 aut
1641 2497 1735 2525 caloris
1746 2507 1777 2524 ex
1787 2498 1866 2525 loco-

325 2543 396 2566 rum,
412 2544 479 2572 quos
492 2543 659 2573 percurrunt,
671 2544 773 2566 natura.
782 2535 807 2562 id
818 2535 859 2564 sua
870 2535 962 2574 sponte
972 2548 1026 2565 non
1037 2538 1150 2566 tollitur.
1163 2539 1305 2566 Variorum
1313 2547 1402 2566 autem
1413 2538 1535 2577 saporum
1545 2539 1572 2565 in
1581 2537 1702 2565 amnibus
1711 2540 1735 2565 8:
1745 2535 1867 2565 fontibus

322 2575 456 2603 rationem
467 2596 474 2606 ,
484 2575 516 2603 ad
527 2576 607 2615 ignis,
618 2576 663 2614 qui
673 2576 737 2604 inest
746 2577 929 2616 autgignirur,
950 2575 1103 2607 facultatem
1114 2577 1194 2607 refert
1214 2580 1367 2607 Aristoteles
1385 2579 1532 2607 Meteorol.
1543 2578 1590 2605 lib.
1601 2589 1607 2606 1
1617 2589 1635 2605 ι.
1646 2578 1718 2616 quod
1730 2587 1812 2609 terra,
1835 2587 1865 2605 ut

323 2615 407 2655 magis
419 2615 540 2644 minusve
547 2616 683 2644 combusta
693 2617 742 2648 est.
761 2619 843 2645 varias
853 2615 951 2646 formas
960 2617 1108 2657 speciesque
1117 2618 1226 2647 sortitur
1238 2641 1245 2652 ,
1265 2620 1363 2658 quippe
1374 2619 1489 2647 alumine
1499 2640 1505 2649 .
1517 2619 1590 2647 calce
1598 2623 1622 2647 δε
1635 2618 1736 2646 caeteris
1744 2618 1769 2646 id
1780 2628 1865 2657 genus

320 2651 489 2685 facultatibus
501 2656 696 2696 repletur,quas
712 2657 776 2686 dum
787 2668 860 2696 aqua:
870 2658 959 2686 dulces
969 2660 1083 2688 influunt
1095 2669 1306 2690 commutantur,
1316 2659 1437 2698 fiuntque
1447 2659 1582 2687 nonnullae
1591 2659 1681 2689 acidae.
1694 2659 1863 2690 aliaeamarae,

321 2693 378 2721 alia:
389 2695 451 2723 alios
461 2696 562 2735 sapores
571 2701 596 2725 &
607 2698 702 2726 odores
712 2698 834 2726 induunt.
861 2700 960 2738 Legito
970 2702 1096 2728 Senecam
1108 2701 1218 2728 natural.
1228 2702 1316 2739 quaest.
1326 2700 1372 2728 lib.
1385 2710 1435 2728 rii.
1447 2711 1557 2738 cap.24.
1568 2700 1600 2727 de
1611 2700 1704 2727 caloris
1713 2699 1802 2727 caulis.
1822 2702 1866 2728 De

323 2735 397 2779 yario
407 2745 496 2764 autem
507 2737 595 2775 sapore
611 2749 668 2776 cap.
679 2748 724 2766 ιο.
749 2739 878 2768 Colorem
889 2749 978 2769 autern
999 2741 1184 2769 nanciscuntur
1199 2740 1213 2770 ,ὲ
1232 2742 1305 2770 flecis
1316 2743 1393 2768 terris
1403 2762 1409 2770 ,
1426 2740 1602 2778 ramentisque
1613 2739 1733 2767 saxorum
1745 2760 1751 2771 ,
1768 2740 1868 2778 quibus

320 2773 484 2819 inficiuntur.
509 2778 572 2805 Inde
582 2779 633 2807 albi
652 2779 703 2808 live
713 2780 788 2809 lathi
798 2781 896 2808 coloris
908 2782 962 2809 Nar
973 2781 1090 2809 Vmbriae
1100 2782 1196 2810 fluvius
1208 2803 1215 2814 ,
1235 2783 1298 2810 lutei
1309 2781 1400 2810 Ochra
1410 2781 1529 2809 Saxoniae
1540 2802 1547 2811 ,
1565 2781 1625 2808 flavi
1642 2781 1759 2819 Tyberis
1771 2801 1777 2811 ,
1795 2779 1864 2809 fulvi

321 2815 442 2860 Acidulae
453 2827 533 2854 prope
544 2818 637 2846 urbem
649 2821 821 2858 Goppingam
831 2842 838 2852 ,
856 2821 887 2848 ad
897 2821 996 2850 Vilsum
1008 2823 1129 2854 fluvium,
1147 2822 1281 2862 sanguinis
1292 2820 1345 2850 fere
1357 2821 1447 2850 colore
1459 2821 1593 2859 Telephus
1601 2818 1661 2848 fons
1671 2821 1740 2848 circa
1752 2822 1864 2854 Pataris,

320 2857 426 2892 ΡΙΠΠΕΕἰ
439 2856 564 2886 Rubicon
575 2878 582 2890 ι
595 2859 683 2887 viridis
694 2861 810 2890 Neusola
819 2862 845 2888 in
857 2861 984 2900 Carpathi
995 2872 1098 2895 monte,
1110 2863 1199 2902 glauci
1208 2862 1453 2900 Thermopylarum
1463 2863 1537 2897 juxta
1548 2862 1690 2891 lavacrum,
1704 2862 1775 2900 quod
1786 2862 1864 2900 Chy-

320 2896 526 2940 tros-muliebres
537 2908 634 2927 vocant
647 2921 653 2931 ,
672 2901 776 2929 caerulei
787 2901 860 2930 Ilarae
871 2903 965 2930 Norici
974 2904 1088 2931 fluminis
1098 2924 1104 2935 ‚
1116 2905 1185 2939 nigri
1198 2903 1303 2931 Galesus
1316 2903 1445 2931 Calabriae
1454 2923 1461 2933 ,
1477 2902 1616 2941 nigerrimi
1630 2902 1717 2930 Allera
1732 2904 1863 2934 Saxoniae,

318 2945 366 2980 qui
376 2946 402 2963 in
413 2937 546 2977 Visurgim
556 2938 651 2971 influit,
663 2944 685 2968 Ee
696 2941 714 2969 fi
724 2951 782 2980 quae
793 2941 850 2970 sunt
859 2942 923 2970 alius
935 2943 1032 2972 coloris
1043 2954 1125 2982 aquae.
1144 2937 1217 2972 Nam
1226 2945 1271 2982 qui
1282 2944 1318 2971 ob
1328 2944 1394 2971 alvei
1404 2952 1501 2970 terram
1511 2963 1518 2972 ,
1529 2953 1636 2976 arenas,
1650 2944 1765 2973 calculos
1777 2965 1784 2977 ,
1795 2943 1864 2977 saxa,

319 2976 407 3016 ssirpes
419 2979 498 3007 etiam
511 2979 571 3018 ripis
582 2980 747 3015 inhaerentes,
758 2982 893 3014 induntur,
904 2985 1003 3022 proprii
1016 2995 1070 3013 non
1079 2984 1136 3013 sunt
1147 2994 1272 3023 aquarum
1283 2984 1325 3013 sed
1336 2995 1379 3013 eos
1392 2984 1513 3012 videntur
1522 2982 1628 3012 habere.

1755 3026 1784 3060 a]
1799 3024 1864 3053 ΡΜ,
