2023 3162
461 72 528 99 Dr
577 59 1087 100 Ancuir'sscrvna
1144 58 1344 98 L1B.II.
1669 76 1711 107 31

117 136 262 174 licitum
271 133 388 171 fuerat
400 160 409 176 ‚
433 143 513 168 non
526 130 647 168 modo
660 131 888 168 caementitio
899 140 962 166 aut
972 130 1157 178 quadrato
1167 127 1253 166 saxo
1266 157 1276 173 ‚
1298 127 1358 165 sed
1370 131 1483 167 etiam
1497 142 1714 170 marmoreo

117 193 270 229 habere:
294 200 372 225 non
385 197 479 239 puto
497 198 671 237 oportere
684 186 906 237 improbati,
933 196 1013 235 quae
1026 183 1047 221 ὲ
1059 186 1215 222 lateritia
1228 183 1310 222 sunt
1327 184 1503 223 simitum
1524 187 1618 225 fasta
1628 190 1713 225 oedi-

117 247 222 290 ficia,
249 244 464 282 dummodo
475 244 568 280 reste
580 241 647 278 sint
657 242 829 293 perfefih.
859 241 930 278 Sed
942 241 979 278 id
990 253 1110 291 genus
1120 240 1209 291 quid
1220 242 1269 277 ita
1282 240 1301 276 ἐι
1313 242 1459 292 populo
1478 243 1662 281 Romano
1674 247 1712 281 iii
1729 243 1783 287 ΓΜ
1803 246 1843 267 ²²·

118 302 208 341 urbe
220 301 298 338 fieri
309 313 389 338 non
399 309 576 349 oporteat
587 309 785 348 exponam,
795 308 951 347 quaeque
961 296 1029 335 fint
1039 299 1118 344 ejus
1129 298 1182 334 rei
1195 295 1306 334 eausae
1316 300 1352 334 ὅ(
1364 299 1525 336 rationes
1536 310 1616 336 non
1626 311 1714 349 prae-
1728 283 1776 307 ‘fa'

120 358 336 397 termittam.
366 356 485 405 Leges
496 354 651 404 publieae
670 365 746 391 non
756 355 948 404 patiuntur
966 355 1125 400 majores
1148 351 1400 391 crassitudines
1411 366 1524 404 quam
1535 354 1714 405 sesquipc-
1730 360 1785 387 le
1797 360 1855 397 τός,

119 414 220 452 dales
231 412 420 456 constitui,
431 413 521 448 loco
534 412 748 447 communi:
771 410 1029 448 caeteriautem
1039 411 1218 459 parietes,
1238 421 1286 447 ne
1296 408 1406 459 spatia
1422 411 1631 460 angustiora
1652 410 1713 449 fie-
1729 411 1748 428 ⁶·
1762 411 1804 434 ¹⁴·

118 481 218 509 rent,
235 469 365 507 eadem
379 464 609 504 crassitudine
621 466 876 504 collocantur:
896 465 1043 502 lateritii
1053 476 1144 502 vero
1158 463 1240 511 (nisi
1251 464 1437 515 diplinthii
1447 477 1510 504 aut
1521 466 1715 516 triplinthii

119 525 273 571 fuerint)
295 526 369 570 [m]
382 521 614 572 sesquipedali
626 520 860 559 crassitudine
872 532 950 557 non
961 519 1108 571 possunt
1119 520 1311 570 plusquam
1323 533 1434 559 unam
1445 523 1466 559 s
1460 522 1614 560 ustinere
1624 534 1714 560 cori-

118 583 143 618 ti
148 581 374 631 gnationem.
395 579 438 615 In
448 589 491 615 ea
500 587 624 614 autem
637 577 819 625 majestate
837 576 948 616 urbis,
960 576 998 613 δε
1010 577 1148 613 civium
1158 575 1297 613 infinita
1307 576 1525 626 frequentia,
1544 580 1714 616 innume-

118 639 248 675 rabiles
260 635 503 673 habitationes
513 645 608 683 opus
618 633 688 670 fuit
699 632 998 683 explicareErgo
1010 644 1100 669 cum
1111 634 1277 682 recipere
1287 643 1364 669 non
1377 635 1493 683 poiset
1502 646 1584 672 area
1599 636 1709 685 plana
1729 631 1756 682 ¹⁷5
1766 627 1857 684 ,ΡΨ-π

117 703 258 730 tantam
268 691 549 730 multitudinem
569 689 614 725 ad
623 689 867 727 habitandum
878 689 916 724 in
929 688 1018 725 urbe
1032 717 1041 732 ‚
1060 688 1106 724 acl
1117 688 1296 725 auxilium
1316 689 1516 727 altitudinis
1534 691 1709 728 aedificio-
1723 668 1854 734 Z'asssspla'

117 761 204 786 runi
214 759 269 785 res
277 746 350 797 ipsa
360 747 489 795 coegit
499 745 681 782 devenire.
700 747 763 790 [η]
774 746 903 794 Itaque
914 745 994 795 pilis
1002 744 1169 794 lapideis,
1180 742 1364 780 strusturis
1377 744 1556 792 testaceis,
1566 748 1707 796 parieti-

118 804 185 842 bus
196 803 421 842 caementitiis
433 801 641 838 altitudines
654 801 839 845 extrudite,
855 799 1200 849 contignationibus
1213 799 1349 836 crebris
1362 812 1526 839 coaxatae
1538 805 1573 839 ἃ
1585 814 1711 840 coena-

120 862 306 898 culorum,
318 858 478 895 sumrnas
491 858 664 894 utilitates
682 856 878 907 perficiunt
900 855 938 892 &
958 854 1256 905 despectationcs.
1286 856 1386 905 Ergo
1409 859 1464 902 [0]
1478 859 1657 895 menianis
1671 858 1709 894 δε

118 915 459 965 contignationibus
469 915 576 951 variis
588 913 664 949 alto
675 913 793 962 spatio
803 912 1078 962 multiplicatis,
1089 911 1251 962 populus
1261 912 1464 949 Romanus
1475 915 1637 963 egregias
1649 914 1711 951 ha·

120 973 182 1010 bet
193 971 265 1008 fine
283 969 529 1020 impeditione
540 969 800 1006 habitationes.
832 969 1028 1020 Qoiiiam
1046 979 1138 1016 ergo
1158 968 1340 1018 explicata
1361 970 1457 1005 tatio
1470 969 1518 1006 est
1530 998 1540 1014 ,
1561 969 1650 1018 quid
1662 971 1711 1007 ita

118 1030 157 1065 in
169 1027 257 1065 urbe
270 1036 419 1077 propter
439 1023 691 1063 necessitatem
714 1023 963 1074 angustiarum
981 1035 1058 1060 non
1071 1025 1259 1073 patiuntur
1269 1023 1337 1061 ess'e
1355 1025 1532 1062 lateritios
1542 1026 1710 1074 parietes,

119 1095 208 1121 cum
229 1092 328 1120 extra
337 1083 466 1119 urbem
486 1093 581 1131 opus
591 1081 657 1117 erit
676 1079 730 1116 his
744 1081 797 1117 uti
818 1079 892 1116 sine
911 1080 1004 1117 vitiis
1015 1079 1060 1117 ad
1079 1079 1317 1118 vetustatem,
1341 1079 1389 1117 s1c
1400 1082 1468 1118 erit
1486 1080 1710 1117 faciendum.

117 1139 280 1177 Summis
291 1137 488 1190 parietibus
499 1136 673 1173 structura
683 1136 843 1173 testacea
860 1135 923 1172 sub
933 1136 1055 1184 tegula
1066 1134 1274 1183 subjiciatur
1292 1136 1482 1174 altitudine
1492 1138 1637 1174 circiter
1647 1136 1710 1173 ses-
1724 1134 1849 1163 Palladff·

118 1194 303 1245 quipedali
313 1223 323 1239 ,
342 1193 547 1243 habeatque
559 1193 783 1243 projeeturas
798 1194 861 1244 [p]
872 1203 1101 1229 coronarum
1112 1220 1122 1236 ‚
1142 1193 1191 1228 ita
1201 1192 1306 1228 vitari
1318 1203 1494 1242 poterunt
1504 1205 1585 1242 qute
1596 1192 1712 1230 solent
1724 1182 1804 1248 {ifs'u'h
1813 1223 1851 1242 te„

117 1254 155 1288 in
165 1250 219 1287 his
228 1250 307 1288 fieri
316 1252 415 1288 vitia.
448 1250 551 1287 Cum
561 1250 661 1286 enim
680 1249 718 1284 in
729 1248 831 1285 testo
850 1248 980 1298 tegulae
1000 1247 1137 1284 fuerint
1147 1246 1281 1287 stastae,
1305 1259 1368 1285 aut
1381 1246 1529 1285 aventis
1549 1248 1706 1295 dejecm
1719 1248 1802 1292 gum.

118 1318 191 1357 qua
202 1305 313 1357 poffit
322 1319 366 1343 ex
375 1305 556 1343 imbribus
568 1317 661 1354 aqua
672 1305 862 1355 perpluere
873 1330 881 1344 ‚
898 1316 977 1341 nou
989 1305 1150 1355 patietur
1160 1303 1274 1341 lorica
1285 1303 1442 1341 testacea
1453 1304 1532 1342 laedi
1542 1304 1710 1348 laterem,

116 1363 139 1400 s
133 1364 178 1400 ed
187 1361 391 1412 projestura
409 1373 643 1398 coronarum
654 1362 796 1408 rejiciet
814 1371 914 1398 extra
924 1360 1231 1412 perpendiculum
1242 1358 1364 1405 stillas,
1376 1359 1413 1396 ὃς
1433 1372 1474 1398 ea
1484 1362 1630 1397 ratione
1640 1360 1660 1396 s
1654 1373 1709 1396 er-

117 1419 422 1467 vaveritintegras
433 1418 677 1454 lateritiorum
690 1417 871 1468 parietum
880 1416 1082 1454 strusturas.
1115 1416 1176 1452 De
1186 1414 1257 1465 ipsa
1268 1426 1393 1453 autem
1404 1416 1491 1454 testa
1504 1445 1514 1461 ‚
1525 1415 1550 1453 fi
1559 1415 1600 1453 sit
1613 1417 1712 1466 opti-

117 1485 180 1512 ma
191 1473 250 1511 seu
262 1473 390 1511 vitiosa
401 1472 445 1510 ad
455 1472 682 1517 structuram,
692 1472 813 1510 statim
825 1484 940 1510 nemo
953 1473 1074 1523 potest
1085 1471 1261 1519 judicare,
1273 1472 1377 1522 quod
1387 1474 1425 1509 in
1435 1471 1712 1521 tempestatibus

119 1533 158 1568 δε
177 1529 312 1568 aestate,
337 1531 373 1566 in
392 1530 493 1567 testo
512 1541 597 1567 curn
615 1527 664 1566 est
683 1530 886 1574 collocata,
905 1539 997 1566 tunc
1016 1528 1042 1566 fi
1061 1528 1168 1566 firma
1188 1527 1238 1565 est
1250 1553 1257 1568 ‚
1279 1529 1470 1579 probatur.
1505 1528 1609 1565 Nam
1631 1539 1712 1576 quae

117 1598 200 1623 non
208 1585 317 1622 fuerit
327 1597 370 1622 ex
381 1595 480 1623 creta
499 1586 598 1623 bona
610 1612 617 1626 ‚
631 1595 691 1623 aut
704 1597 830 1637 parum
841 1587 908 1623 etit
920 1585 1028 1623 coCm
1040 1614 1050 1630 ‚
1069 1584 1121 1622 ibi
1131 1584 1165 1621 se
1176 1584 1345 1621 ostendet
1363 1583 1430 1621 effe
1441 1583 1612 1623 vitiosam
1624 1584 1712 1632 geli-

118 1643 223 1679 cidiis
232 1643 269 1678 &
281 1643 408 1691 pruina
418 1641 522 1678 taeta.
553 1642 653 1691 Ergo
663 1654 744 1690 quae
756 1643 884 1679 nonin
893 1641 994 1679 teffis
1005 1642 1145 1691 poterit
1153 1642 1229 1690 pati
1240 1640 1420 1678 laborem,
1437 1651 1477 1677 ea
1492 1651 1570 1676 non
1588 1637 1711 1689 potest

117 1699 156 1733 in
167 1697 342 1734 strustura
360 1697 633 1735 onerifetendo
652 1697 721 1733 effe
732 1696 850 1734 firma.
886 1698 1012 1748 Qare
1032 1697 1192 1733 maxime
1211 1707 1255 1731 ex
1275 1696 1460 1733 veteribus
1479 1696 1609 1744 tegulis
1624 1694 1711 1731 testi

114 1752 237 1790 strusti
254 1754 409 1802 parietes
427 1752 642 1790 firmitatem
661 1762 838 1803 poterunt
857 1751 1003 1789 habere.
1019 1753 1084 1804 [q]
1101 1751 1255 1789 Craticii
1273 1763 1364 1790 vero
1374 1752 1487 1788 velim
1498 1749 1652 1799 quidem
1664 1761 1711 1786 ne

1570 1816 1713 1844 inventi

115 1899 158 1933 m]
176 1898 325 1927 Philander.
350 1901 422 1927 Cum
434 1901 509 1928 unius
518 1909 624 1929 tantum
633 1902 721 1930 lateris
732 1902 854 1931 chorium
864 1903 976 1931 habeant
987 1904 1105 1942 parietes.
1129 1903 1186 1942 Qi
1198 1902 1274 1930 locus
1285 1900 1555 1939 adjuvat'9scripruram
1564 1910 1643 1939 quam
1653 1909 1719 1938 pro-

158 1937 300 1978 bavisupra
310 1949 366 1978 cap.
380 1950 403 1974 3.
425 1940 477 1968 Vbi
489 1942 521 1968 de
532 1941 628 1969 didoro
637 1942 714 1970 dixit.
736 1942 936 1982 Alioquinihilo
947 1943 1089 1971 habiliores
1098 1952 1175 1972 erunt
1185 1943 1296 1981 parietes
1318 1941 1350 1969 ad
1357 1941 1513 1969 sustinendas
1529 1942 1614 1979 plures
1625 1941 1715 1968 conti-

157 1980 307 2023 gnationes,
318 1981 391 2019 quod
402 1981 450 2008 lint
461 1981 596 2020 diplinthii
606 1992 650 2010 aut
660 1983 818 2022 triplinthii,
839 1984 885 2012 nifi
896 1994 928 2011 eo
939 1984 1022 2012 modo
1032 1981 1207 2012 crassitudinis
1217 1982 1317 2021 aliquid
1324 1983 1432 2010 accedat
1443 2003 1450 2015 ,
1471 1982 1522 2010 hoc
1532 1983 1568 2011 est
1577 2002 1583 2013 ‚
1602 1981 1647 2009 niii
1657 1991 1711 2008 non

159 2029 210 2054 jan]
220 2019 396 2059 sesquipedem
406 2021 454 2049 sint
463 2019 547 2053 crassi,
557 2022 599 2050 sed
611 2033 664 2051 tres
675 2024 752 2061 pedes
761 2033 806 2052 aut
816 2034 930 2063 quatuor
941 2028 964 2053 3<
975 2022 1105 2053 semissem
1116 2025 1198 2064 pedis.

116 2061 147 2094 n]
169 2060 358 2089 c1.5a1mafius
376 2062 402 2089 in
413 2062 495 2090 Solin.
507 2069 591 2090 1006.
611 2064 642 2092 de
651 2066 783 2093 Romanis
793 2064 909 2093 aedificiis
918 2065 1053 2104 loquitur:
1069 2066 1227 2106 Legendum
1237 2074 1269 2091 ex
1279 2063 1385 2100 optimo
1395 2064 1503 2091 codice:
1516 2062 1713 2101 Contignatio-

158 2100 235 2128 nibus
243 2100 341 2129 crebris
353 2111 470 2130 coaxatae
481 2104 684 2136 caenaculorum,
695 2105 726 2133 ad
737 2104 850 2134 summas
861 2106 988 2134 utilitates
999 2105 1143 2145 proficiunt
1154 2104 1336 2144 disparatione.
1349 2105 1417 2132 Haec
1428 2104 1481 2131 ille.
1501 2102 1708 2130 Arunde1.c0d.

159 2141 234 2180 legit,
245 2139 367 2170 coaffitae
376 2144 584 2177 caenaculorum,
593 2145 624 2172 ad
633 2144 745 2174 summas
756 2155 841 2185 partes
850 2145 990 2185 perficiunt
999 2148 1177 2185 operationes.

116 2183 142 2216 ο]
164 2183 249 2209 Idem.
268 2182 393 2226 Meuiana
404 2193 477 2211 erant
488 2185 573 2222 podia,
584 2186 744 2224 pergulaeve‚
754 2186 902 2220 cujusmodi
910 2186 968 2214 sunt
977 2197 1006 2214 ea
1014 2208 1021 2219 ,
1031 2197 1090 2225 quae
1101 2187 1180 2215 hodie
1190 2188 1227 2215 ita
1238 2187 1367 2224 projicere
1377 2181 1543 2215 affuevimus.
1561 2192 1590 2213 ut
1602 2183 1713 2211 mutulis

158 2223 268 2255 (corvos
278 2222 392 2249 dicimus
403 2243 410 2254 ,
432 2225 492 2251 Itali
504 2226 698 2264 modigliones)
719 2223 872 2254 firmissimis
891 2227 1026 2265 quiescant
1045 2230 1069 2255 δέ
1087 2229 1214 2255 nitantur.
1235 2226 1353 2255 Romani
1365 2225 1498 2254 vocabulo
1507 2235 1540 2254 eo
1551 2226 1631 2253 etiam
1643 2233 1713 2252 nunc

159 2271 280 2308 utuntur.
303 2263 491 2291 Graeciorthas
502 2266 634 2303 appellant
647 2286 654 2298 ‚
678 2274 706 2293 ut
723 2266 839 2295 scribunt
857 2267 991 2295 Theodos.
1002 2271 1027 2295 ὃ(
1045 2268 1248 2306 Honor.1mpp.
1261 2265 1384 2295 Cod.lib.
1395 2275 1464 2295 viti.
1480 2267 1512 2294 de
1531 2264 1649 2294 aedificiis
1659 2265 1715 2303 pri-

160 2312 239 2331 vatis.

113 2346 144 2382 p]
165 2345 249 2372 Ideni.
272 2346 389 2372 Coronae
397 2344 520 2373 hocloco
531 2345 656 2373 dicuntur
666 2347 787 2384 promsta
797 2347 916 2385 quaedam
928 2370 935 2381 ,
952 2349 1002 2376 five
1012 2349 1130 2386 projesta
1139 2369 1145 2380 .
1169 2348 1194 2377 id
1203 2349 1247 2380 est,
1257 2348 1444 2387 prominentiae
1455 2350 1479 2375 Sc
1488 2347 1569 2376 veluti
1580 2347 1714 2387 supercilia

149 2386 289 2424 parietum.
301 2384 522 2425 suggrundula‘ve
532 2386 650 2414 arcendis
661 2387 795 2415 stillicidiis
804 2389 995 2428 inventae,quas
1006 2389 1303 2427 Bononiensesgrundas
1315 2389 1465 2420 nominant,
1478 2399 1526 2416 nos
1535 2389 1666 2417 larmerics
1674 2387 1715 2414 fa-

151 2426 246 2453 miliari
257 2426 475 2454 nostrosermone
488 2437 582 2454 vocare
594 2427 790 2455 consuevimus.
813 2430 898 2468 Qod
908 2432 987 2458 etiam
1001 2430 1143 2458 admonuit
1155 2430 1273 2458 Budaeus.
1293 2432 1359 2459 Eam
1376 2430 1554 2468 projefiuram
1567 2429 1644 2467 paulo
1655 2429 1712 2465 post

150 2466 262 2494 loricam
271 2467 411 2494 testaceam
421 2476 509 2495 vocat.
523 2470 682 2507 QCurtius
693 2468 738 2496 lili.
750 2479 787 2495 ix.
806 2469 1180 2508 interpretationemadjuvat:
1194 2472 1311 2511 Augusta
1321 2493 1327 2503 ,
1340 2470 1426 2509 inquit
1437 2491 1443 2502 ›
1463 2470 1530 2498 muri
1539 2479 1639 2497 corona
1647 2477 1712 2501 ΠΝ,

151 2517 206 2534 non
218 2516 314 2545 pinnae,
324 2507 389 2535 licut
400 2508 469 2538 alibi.
480 2506 613 2548 fast=gium
625 2510 681 2545 ejus
691 2510 871 2541 distinxerant,
882 2509 923 2538 sed
935 2520 1060 2550 perpetua
1071 2512 1152 2539 lorica
1163 2513 1302 2540 transitum
1313 2511 1432 2551 sepserat.

117 2549 148 2587 q]
172 2547 319 2575 Philander.
339 2549 444 2575 Cratitii
455 2559 566 2590 parietes
578 2549 764 2588 appellatisunt
776 2550 808 2578 ab
819 2552 979 2580 attestatum
998 2551 1254 2591 transversatunique
1272 2562 1416 2581 cannarum
1432 2552 1558 2579 structura
1571 2571 1578 2582 ‚
1596 2550 1622 2577 in
1633 2550 1712 2578 cratis

151 2589 272 2616 modum.
295 2588 343 2633 §ed
353 2589 426 2616 locus
439 2589 480 2617 hic
490 2590 626 2622 admonet,
640 2599 667 2618 ut
678 2590 755 2618 semel
767 2591 988 2629 complectimur,
997 2593 1245 2632 percenseamusque
1257 2595 1386 2632 parietum
1397 2602 1494 2631 genera
1505 2612 1511 2622 ,
1530 2591 1546 2618 si
1559 2591 1627 2630 prius
1637 2591 1715 2618 dixe·

150 2630 357 2667 rirnus.parietes
368 2629 466 2657 censeri
475 2631 616 2658 strusturas
627 2642 684 2670 quae
696 2632 812 2667 obduCle
823 2633 887 2660 stent
898 2633 929 2661 ad
938 2635 1064 2661 interiora
1075 2633 1178 2661 aedificii
1187 2644 1269 2662 vacua
1280 2633 1492 2664 obvallanda,aut
1501 2632 1676 2670 testum(quo
1687 2635 1712 2660 ἃ

151 2670 239 2709 pluvia
250 2671 381 2707 excipitur
393 2674 416 2698 &
428 2672 501 2698 aestus
513 2671 674 2706 excluditur)
686 2682 740 2710 ,πῆς
753 2672 818 2700 adeo
827 2683 952 2705 cameras,
964 2674 1213 2714 contignationesve
1222 2674 1489 2702 sustinent.Praetei-ea
1498 2671 1614 2712 singulos
1626 2673 1712 2710 parie-

149 2719 190 2739 tes
199 2708 251 2739 effe
259 2711 341 2738 veluti
352 2711 464 2750 lingulas
474 2713 645 2750 perpetuasin
658 2713 824 2741 latitudinem
836 2717 860 2742 ὅ(
871 2714 1012 2743 altitudine*
1024 2715 1214 2747 columnas,uti
1223 2717 1341 2753 porticus
1353 2714 1388 2741 est
1399 2713 1516 2751 pluribus
1525 2715 1550 2740 iii
1559 2713 1624 2740 locis
1637 2723 1713 2752 aper-

151 2760 194 2779 tus
203 2752 477 2789 parie53quam0brem
485 2753 515 2780 ad
527 2753 712 2781 columnarum
723 2754 855 2782 rationem
864 2752 915 2783 effe
924 2765 970 2783 eos
980 2756 1157 2788 tollendos,ut
1169 2756 1217 2783 lint
1227 2756 1332 2783 latiores
1344 2756 1369 2781 in
1379 2754 1434 2781 inio
1445 2757 1469 2781 8<
1482 2754 1673 2782 contractiores
1684 2755 1711 2780 in

153 2793 291 2824 verticem,
302 2793 327 2820 id
336 2793 380 2823 est„
389 2793 420 2821 ad
429 2793 615 2821 columnarum
628 2793 810 2833 symmetriam
819 2796 970 2834 temperati.
990 2798 1055 2824 Sunt
1066 2797 1149 2836 igitur
1156 2796 1266 2834 parietes
1278 2795 1420 2823 marmorei
1429 2794 1519 2833 aliqui,
1531 2794 1575 2822 alii
1583 2795 1712 2833 quadrato

153 2831 213 2859 fixo
224 2833 354 2861 constant:
366 2833 433 2862 fiunt
444 2837 468 2862 3:
480 2836 637 2862 caenientitii
648 2846 678 2862 ex
690 2834 860 2868 informibus,
874 2836 1068 2865 sedimbricutii
1082 2837 1165 2864 modo
1175 2836 1334 2864 haetentibus
1344 2835 1481 2874 lapidibus:
1495 2834 1551 2862 sunt
1561 2836 1664 2863 testacei
1679 2845 1710 2862 ex

159 2871 310 2913 latereigne
318 2875 464 2911 percocto:
483 2875 592 2902 lateritii
601 2874 686 2904 vero&
698 2876 784 2904 crudis
796 2876 929 2908 lateribus,
939 2878 965 2905 id
976 2878 1012 2905 est
1021 2898 1028 2908 ,
1043 2877 1096 2905 sole
1104 2886 1210 2904 tantum
1223 2877 1307 2905 costis
1316 2875 1392 2905 fiunt.
1415 2877 1522 2904 Cratitii
1531 2877 1625 2915 ligneis
1637 2877 1716 2903 crati-

155 2911 259 2944 buzam
269 2916 357 2942 cannis
369 2916 396 2942 in
408 2916 520 2944 modum
532 2917 609 2944 cratis
620 2916 730 2950 insertis,
746 2921 769 2945 &
783 2917 859 2955 flexe
868 2917 1104 2946 intercursantibus
1117 2919 1247 2946 constant.
1258 2918 1396 2945 Formacei
1407 2927 1471 2944 vero
1483 2917 1592 2953 parietes
1605 2915 1671 2944 fiunt
1683 2925 1715 2943 ex

156 2961 225 2981 terr-³
235 2973 242 2985 ι
259 2954 324 2983 disti
333 2957 440 2985 auclore
459 2957 525 2986 Plin.
536 2957 583 2986 lib.
594 2967 632 2996 35¹
643 2968 701 2997 cap.
714 2968 755 2993 14·
775 2958 902 2997 quoniam
913 2959 939 2987 in
950 2956 1036 2987 forma
1046 2958 1215 2988 circumdatis
1225 2957 1324 2988 duabus
1336 2957 1432 2987 tabulis
1442 2956 1616 2986 insarciuntur
1629 2957 1713 2983 verius

1632 3005 1712 3034 qli-‘1:11
