2023 3162
276 115 328 155 64
677 99 1529 139 DESiGN11=10AT10N15

272 179 323 213 ita
335 170 524 223 ingeniosa
536 169 681 208 rudium
691 170 842 205 illorum
851 165 1138 210 aedificatorum,
1153 165 1199 202 de
1211 164 1346 214 quibus
1358 166 1565 212 Vitruvius,
1578 176 1620 205 ut
1631 171 1769 219 putavit
1779 169 1863 211 Phi-

272 231 411 268 landet,
419 226 653 265 construendi
665 226 771 262 ratio:
779 222 942 272 figebant
952 232 1106 259 truncos
1119 221 1283 260 trabesvc
1293 222 1514 261 arrectaria,
1522 222 1656 272 quibus
1666 237 1730 275 per
1741 227 1860 267 furcas

273 284 517 323 transverssaria
526 284 624 333 ligna
636 278 935 330 imponebant‚&
947 277 1112 314 medium
1123 276 1277 327 spatium
1289 278 1445 315 arefacta
1459 277 1578 327 gleba,
1591 289 1632 316 ut
1641 280 1713 330 ipse
1724 285 1859 334 ait‚pro

274 354 388 379 muro
406 340 464 377 seu
477 341 589 377 latere
603 334 858 386 complebant.
873 334 896 370 f
903 345 999 371 urcae
1010 333 1069 371 seu
1079 334 1230 384 publica
1241 335 1429 371 latronum
1441 334 1604 384 patibula
1613 345 1718 373 more
1729 340 1860 379 Italico

272 398 405 441 emera,
416 406 581 434 veterum
592 394 744 429 illorum
756 391 1098 440 iugumentationes
1110 389 1284 428 referunt.
1317 389 1438 444 Qod
1456 399 1584 426 autem
1605 390 1654 427 ait
1671 392 1728 428 M.
1741 395 1854 437 Cato,

259 456 471 506 jugumenta
482 444 524 488 ό*
535 456 884 501 antepagmenta‚quae
894 458 973 498 optes
984 455 1086 482 erunt
1095 457 1140 480 ex
1151 444 1263 498 lapide
1272 444 1382 483 induo
1393 458 1403 481 .-
1416 445 1507 483 nulli
1516 445 1672 482 dubium
1683 445 1703 482 a
1712 455 1859 492 materia

272 508 462 547 transitum
482 503 603 543 fecisse
616 504 661 540 ad
673 502 829 553 lapides:
850 504 929 540 vult
946 503 1046 538 enim
1058 500 1200 551 lapidea
1219 502 1394 542 construi,
1416 513 1497 551 quae
1515 502 1555 538 in
1575 500 1803 551 simplicibus
1820 511 1858 546 ὅς

272 561 522 602 rusticioribus
533 560 696 598 aedificiis
710 560 829 608 lignea
837 558 916 595 fieri
928 557 1164 594 consuevere.
1180 557 1276 595 Non
1287 560 1399 608 igitur
1410 559 1514 594 aliter
1523 558 1660 608 accipit
1672 559 1860 608 jugumen-

273 630 355 656 tum
375 629 490 668 quam
510 616 599 654 facit
614 617 806 656 Vitruvius
818 640 826 654 ‚
849 625 888 652 ut
906 615 1081 664 opinatur
1091 612 1292 652 Philander.
1324 615 1419 652 Haec
1440 613 1513 651 ille.
1534 613 1632 653 Vide
1652 614 1772 664 ipsum
1782 617 1861 656 Phi-

272 675 455 713 landrum.
1029 725 1073 776 L

270 844 378 928 LA
391 858 416 884 c
428 858 455 884 o
466 857 492 884 N
504 857 515 884 1
528 856 554 883 c
564 857 591 883 V
600 857 639 881 M.
678 842 761 880 Lib.
773 853 801 884 ς.
815 854 894 894 cap.
912 855 970 880 10.
1002 844 1207 880 Laconicum
1218 868 1226 880 ,
1236 837 1601 894 ficdationesquefitnt
1608 841 1863 895 conjungendae.

342 902 498 939 Baldus:
522 902 607 938 Erat
618 900 869 938 Laconicum,
888 909 928 936 ut
940 901 988 936 ait
1001 899 1193 938 Barbarus,
1208 899 1313 936 locus
1322 898 1571 935 sudationibus
1583 898 1790 943 dedicatus,
1803 912 1865 937 cu-

272 958 331 1004 jus
343 958 467 995 forma
479 983 487 996 ‚
510 956 648 994 eodem
658 955 746 992 teste
758 981 765 994 ‚
789 957 825 991 ὅ(
848 955 1065 995 Philandro,
1087 965 1165 992 erat
1175 954 1281 991 instar
1297 955 1482 991 turriculae
1502 956 1539 990 in
1561 953 1864 1004 Hemispherium

268 1023 561 1051 concameratae:
582 1011 704 1048 dehac
717 1010 908 1058 Gymnasii
920 1010 1194 1048 thermarumve
1204 1020 1304 1060 parte
1315 1011 1457 1047 Seneca
1466 1012 1504 1046 in
1516 1009 1665 1059 Epistol.
1686 1009 1814 1049 Celsus
1825 1014 1865 1050 <Sc

268 1070 339 1105 alii.
372 1070 453 1107 Hac
467 1070 559 1105 dere
572 1079 726 1116 quoque
739 1067 971 1103 Mercurialis
983 1066 1045 1103 lib.
1065 1079 1077 1103 1
1091 1096 1096 1102 .
1110 1065 1155 1102 de
1168 1078 1205 1102 re
1218 1066 1359 1114 Gymn.
1372 1078 1404 1102 c.
1422 1077 1481 1102 10.
1495 1065 1659 1117 pluribus
1670 1067 1802 1104 verbis.
1815 1069 1865 1104 ait

269 1126 386 1161 enim:
411 1123 622 1160 Caltdarium
634 1148 642 1161 ‚
668 1120 759 1174 quod
776 1118 800 1157 ἰι
819 1126 921 1160 Vztru
927 1123 983 1158 vio
1004 1115 1048 1160 ό*
1072 1118 1162 1174 Celfh
1180 1123 1386 1158 Laconicum
1404 1131 1642 1174 nuncupatum
1661 1120 1743 1174 fult
1753 1152 1764 1167 ‚
1785 1123 1866 1159 cella

267 1189 342 1216 erat
354 1207 362 1220 ‚
384 1180 460 1217 null
466 1193 513 1215 zm
525 1191 651 1231 aquam
661 1175 747 1228 Wst’
756 1180 951 1223 continens,
960 1174 1608 1231 adprovocandumfixdorempottssime
1625 1176 1784 1227 instituta
1795 1205 1803 1219 ‚
1819 1172 1865 1217 (ῥ’

267 1232 305 1271 ob
315 1233 354 1271 id
362 1233 564 1272 &nonnullis
576 1232 683 1270 calida
691 1230 830 1284 fitdatio
841 1261 848 1275 ‚
862 1230 1003 1285 ficutt'd
1026 1236 1096 1271 Cic.
1109 1232 1153 1272 ὠ·
1166 1240 1267 1270 Corn.
1285 1231 1374 1285 Ccfi
1394 1229 1487 1285 Affi¹>
1501 1242 1707 1286 nuncupata.
1738 1235 1866 1273 Laco-

265 1293 398 1328 nicum
410 1303 533 1329 autem
545 1292 748 1334 dicebatur,
761 1291 865 1340 quod
877 1291 1054 1337 ejusmodi
1065 1290 1170 1328 siccis
1182 1290 1370 1328 sudatoriis
1381 1287 1676 1338 frequentissime
1687 1289 1733 1326 ad
1744 1291 1865 1328 crudi-

266 1357 359 1384 tates
371 1347 638 1397 excoquendas
657 1346 939 1384 Lacedaemonii
952 1357 1148 1385 uterentur.
1172 1346 1288 1385 Unde
1303 1345 1521 1383 Columella
1531 1343 1583 1382 sui
1594 1346 1662 1383 aevi
1674 1356 1800 1384 mores
1811 1346 1866 1384 su-

265 1404 397 1452 gillans
411 1428 419 1441 ‚
441 1417 522 1440 mox
532 1400 666 1447 deinde,
680 1404 729 1440 ait
740 1431 748 1446 ‚
761 1412 801 1438 ut
812 1404 884 1454 apti
893 1401 1072 1456 adganeas
1082 1404 1265 1440 veniamus
1276 1432 1285 1446 ‚
1297 1399 1532 1455 quotidianam
1544 1399 1750 1438 cruditatem
1761 1406 1866 1439 Laco-

263 1460 347 1494 nicis
358 1460 576 1511 excoquimus
588 1489 598 1504 ‚
621 1452 664 1496 ὅ]
676 1457 800 1494 exuc70
808 1457 930 1508 fitdore
933 1457 1032 1509 sitim
1043 1461 1239 1511 quaerimus.
1251 1460 1431 1497 Putatunt
1441 1457 1611 1506 quidam,
1627 1457 1725 1508 apud
1737 1459 1863 1497 Vitru-

264 1516 369 1552 vium
379 1515 600 1565 tepidarium
613 1517 649 1552 &
663 1507 901 1552 Laconicum
913 1515 1012 1552 idem
1026 1516 1109 1558 effe,
1125 1528 1224 1565 quos
1234 1515 1332 1553 haud
1343 1515 1472 1560 injuria
1484 1513 1652 1564 explodit
1662 1514 1865 1553 Mercuria-

263 1571 318 1608 lis.
348 1570 425 1607 Alii
436 1571 658 1609 arbitrantur
670 1570 908 1608 Laconicum
921 1570 989 1609 effe
1000 1571 1267 1622 hypocaustum
1282 1599 1288 1612 ,
1314 1571 1371 1608 sed
1386 1580 1517 1608 errant.
1551 1568 1740 1607 Differunt
1759 1571 1864 1608 enirn

261 1635 347 1663 tum
358 1626 442 1667 usu,
463 1638 542 1665 tum
556 1628 679 1664 forma
689 1626 773 1677 ipsa.
797 1627 975 1664 Barbarus
987 1629 1074 1665 ideo
1091 1630 1331 1666 Laconicum
1349 1627 1492 1664 dictum
1511 1624 1739 1664 existimavit,
1757 1626 1863 1676 quod

262 1681 313 1718 ibi
326 1683 620 1721 Lacedaemones
631 1695 900 1722 exercerentur.
914 1682 972 1721 sed
984 1695 1114 1724 contra
1125 1685 1370 1728 Mercuriali&
1382 1683 1445 1720 ubi
1455 1685 1526 1721 ait:
1540 1683 1616 1719 Scio
1628 1694 1772 1734 quoque,
1782 1696 1864 1719 non-

261 1738 385 1777 nullos,
398 1738 490 1791 quod
500 1740 705 1778 Laconicum
716 1739 917 1785 rotundum,
927 1753 962 1776 ac
973 1738 1089 1777 velut!
1096 1741 1268 1778 turricula
1279 1743 1316 1778 z'n
1327 1737 1569 1795 hermspaerium
1579 1747 1750 1775 camerata
1749 1736 1860 1790 foret.

259 1791 350 1829 idem
359 1792 704 1847 cusnsph.eristeri0‚)z
713 1793 967 1850 nobisstnperim
979 1796 1158 1849 explicato,
1166 1793 1295 1849 fecisse.
1316 1793 1437 1849 quibus
1442 1794 1548 1848 plane
1557 1791 1710 1845 assentiri
1719 1805 1860 1844 nequeo,

259 1850 423 1899 quoniam
433 1847 520 1887 mihi
529 1846 768 1888 irrationabzle
779 1851 936 1892 videtur,
949 1861 987 1888 ut
997 1853 1035 1888 in
1045 1850 1110 1890 loco
1119 1849 1463 1903 caltdofitdatiombm
1473 1849 1641 1900 aea't'ficato,
1654 1845 1859 1898 ludumptlae

257 1912 326 1955 (1ῐῇ
334 1903 416 1940 alm
426 1908 698 1951 exercitationes,
715 1920 800 1957 qums
812 1905 1074 1959 insphaeristerio

247 1956 334 2009 fieri
349 1956 557 2010 conficeviffe
572 1959 683 1996 tradit
695 1959 838 2001 Plinius,
851 1971 1051 1999 exercerent
1061 1976 1073 1998 :

247 2010 375 2065 suiffi’t
385 2027 532 2066 namque
551 2022 608 2060 (ut
617 2016 667 2050 eft
676 2016 713 2050 in
728 2013 929 2066 proverbio)
940 2019 1074 2052 camino

257 2067 367 2105 oleum
378 2068 510 2118 addere,
509 2069 549 2120 st
552 2070 812 2108 exercitationes
819 2067 929 2122 perse
938 2080 1075 2121 corpora

257 2123 379 2161 valide
391 2123 626 2175 calefacientes
642 2126 679 2162 in
689 2123 895 2176 caltdz'ssz'mz's
905 2125 980 2163 locis
992 2122 1077 2177 egifi

246 2178 340 2231 βυτ.
353 2182 412 2218 De
423 2180 492 2218 hac
502 2181 729 2219 thermarum
740 2191 841 2233 parte
851 2182 899 2219 fic
912 2182 1072 2219 Martial.

258 2236 362 2275 lib.6.
375 2237 419 2273 de
433 2238 575 2274 Balneis
588 2237 740 2275 Etrusci:

363 2294 462 2329 Ritus
474 2291 511 2345 β
510 2292 671 2345 placeant
679 2290 744 2330 tibi
753 2298 941 2332 Laconum,

370 2354 553 2384 Contentus
559 2359 651 2401 potes
659 2347 755 2386 arido
765 2360 946 2401 vapore),

369 2402 485 2440 Cruda
496 2405 649 2457 virgine,
659 2406 864 2457 Martiaque
874 2407 992 2459 mergi.

261 2460 391 2512 Qalis
403 2460 584 2497 Laconici
595 2460 718 2498 forma
728 2461 847 2501 fuerit,
862 2474 906 2498 ex
918 2462 995 2512 ipso
1005 2463 1074 2501 Vi-

259 2517 383 2554 truvio
395 2515 573 2554 habemus
582 2515 721 2561 lib.7.e.
730 2529 743 2553 1
752 2529 789 2553 ο.
799 2519 882 2555 vult
893 2519 992 2554 enim
1004 2517 1076 2554 for-

257 2573 430 2609 naculam
443 2572 488 2610 ad
498 2571 619 2609 refinae
629 2572 775 2610 fumum
786 2572 1078 2624 concipiendum

259 2627 459 2666 Laconico
470 2627 627 2665 similem
639 2628 718 2665 effe.
742 2627 914 2666 Haeeille.
933 2629 1079 2666 Philan-

260 2681 339 2718 der:
353 2684 592 2722 Laconicum
602 2683 811 2732 cujusmodi
822 2684 890 2721 effe
900 2687 1073 2733 potuerit,

259 2748 304 2773 ex
314 2739 473 2788 reliquiis
484 2740 710 2778 thermarum
720 2739 862 2778 Anton.
881 2740 1080 2778 Caracallae

257 2793 493 2841 potissimum
504 2798 768 2835 intelleximus.
793 2808 865 2846 atq3
878 2796 971 2834 hanc
983 2798 1080 2834 illius

258 2847 321 2884 dat
330 2850 482 2887 iconem
495 2877 503 2889 ‚
525 2852 599 2888 fine
622 2854 757 2903 clypeo
776 2863 904 2890 tamen
924 2874 934 2900 3
967 2853 1080 2891 habes

256 2904 365 2941 aliam
377 2905 472 2954 apud
485 2905 686 2944 Barbarum
697 2920 786 2946 cum
799 2910 947 2958 clypeo.
1203 2931 1204 2935 =

313 2960 345 2996 L
360 2974 382 2999 Α
395 2973 416 2999 c
429 2974 454 2997 o
471 2974 495 2997 T
509 2973 533 2996 0
547 2974 574 2998 M
587 2974 611 2998 v
627 2976 654 2999 s.
684 2963 768 3000 Lib.
781 2978 815 3007 9.
837 2976 867 3001 c.
886 2972 918 3001 S.
950 2968 1026 3000 Haec
1045 2970 1163 2999 autem
1176 2972 1262 3011 para

1727 2967 1849 2996 tomm.

1769 3014 1848 3050 Bal-
