2023 3162
252 114 273 144 6
599 100 796 142 Lrom's
835 100 1117 139 ism-rism-
1164 110 1222 137 DE
1260 97 1522 138 Arium-is

115 176 237 213 Pirum-⁵1·
250 171 408 222 pyramis
423 169 512 220 quid
523 168 575 208 sit.
597 170 761 217 Pyramis
772 166 820 203 est
832 165 950 216 figura
961 166 1130 215 corporis
1142 165 1316 216 oblongi,
1333 164 1379 201 ab
1391 167 1497 213 cujus
1508 163 1583 205 bass
1597 177 1733 206 omnes
1744 170 1848 208 linea:

112 228 190 265 fflfis.
253 225 510 270 resta-'furlum
522 224 779 276 pi·0tra&ae‚ad¹
790 223 940 260 unicam
953 219 1141 270 cuspidem
1153 223 1438 258 conterminent.
1452 221 1547 259 Bafis
1558 225 1852 272 pyramidis,visa

253 281 458 333 superficies
469 282 528 318 est.
558 281 689 317 Latera
699 278 910 329 pyramidis,
920 276 1008 313 radii
1019 276 1082 327 ipsi
1095 275 1196 314 visivi
1211 305 1220 320 ‚
1232 288 1330 325 quos
1344 286 1528 314 extremos
1543 282 1748 328 nuncupari
1759 282 1850 318 dixi-

253 350 349 376 mus.
381 337 510 387 Cuspis
522 337 717 386 pyramidis
728 335 803 371 illic
812 335 906 370 intra
915 332 1071 369 oculum
1084 331 1265 376 considet,
1279 332 1342 369 ubi
1355 333 1393 368 in
1405 345 1524 370 unum
1534 334 1658 382 anguli
1668 338 1849 383 quantita-

253 405 335 431 tum
345 394 588 431 conveuiunt.
621 390 809 428 Hactenus
821 388 865 425 de
877 387 1086 425 extrinsecis
1097 388 1205 424 radiis
1216 412 1224 426 ‚
1245 400 1289 424 ex
1302 387 1435 436 quibus
1447 391 1605 440 pyramis
1628 384 1847 440 conci‘pitur.

253 462 327 499 qua
337 450 445 486 omni
456 450 599 484 ratione
610 445 768 490 constat,
782 445 948 482 multum
957 442 1140 489 interesse,
1151 455 1231 493 quae
1243 444 1430 481 intervalla
1441 446 1534 481 inter
1555 443 1788 495 superficiem
1799 458 1849 485 at-

256 518 329 555 que
341 506 496 541 oculum
508 504 760 548 interjaceant.

118 572 195 599 Raxln'
319 561 492 608 Sequitur
511 569 550 596 ut
572 559 617 596 de
638 557 769 595 mediis
787 555 894 593 radiis
912 554 1114 593 dicendum
1133 553 1185 593 sit.
1214 554 1327 592 Radii
1352 555 1465 593 medii
1481 555 1563 593 sunt
1581 567 1622 593 ea
1646 555 1850 594 multitudo

116 612 199 640 ”Md-'³2
258 616 446 654 radiorum
458 644 468 659 ‚
493 627 574 663 qum
586 615 631 651 ab
642 614 748 650 radiis
759 612 932 650 extremis
952 610 1049 662 septa
1060 640 1070 656 ,
1094 612 1186 648 intra
1198 611 1424 661 pyramidem
1437 613 1662 649 continetur.
1687 611 1815 662 Atque
1826 613 1852 650 ii

259 672 412 721 quidem
423 671 511 707 radii
524 671 560 706 id
571 680 694 720 agunt,
709 668 812 718 quod
823 670 937 715 ajunt,
949 667 1199 704 Cameleorita
1212 666 1403 712 animal‚&
1415 666 1630 719 hujusmodi
1639 668 1732 705 feras
1744 679 1852 706 metu

258 729 478 765 conterritas
490 752 498 765 ‚
521 727 633 763 solere
645 726 937 776 propinquarum
950 735 1072 760 rerum
1085 723 1234 760 colores
1244 722 1418 774 suscipere
1430 748 1438 762 ‚
1461 734 1507 759 ne
1519 724 1538 760 a
1547 723 1788 761 venatoribus
1799 723 1853 761 fa-

257 785 325 821 cile
336 784 570 833 reperiantur.
590 782 679 818 Hoc
689 779 809 830 ipsum
826 779 937 817 medii
950 779 1038 816 radii
1051 788 1294 827 exequuntur.
1304 779 1409 816 Nam
1420 777 1440 814 a
1450 780 1624 816 contas‘tu
1636 777 1849 829 superficiei,

258 840 370 888 usque
383 838 427 876 ad
442 837 626 888 cuspidem
638 836 846 887 pyramidis,
860 845 945 872 toto
956 835 1073 872 traetu
1095 836 1144 871 ita
1157 835 1335 872 colorum
1348 835 1579 872 &luminum
1589 844 1730 884 reperta
1739 837 1854 872 varie-

257 906 328 932 tate
339 894 564 932 inficiuntur,
579 903 618 930 ut
629 903 855 941 quocunque
872 891 965 927 loco
976 901 1250 940 rumperentur,
1263 891 1401 927 eodem
1412 890 1503 927 loco
1512 889 1629 941 ipsum
1640 890 1852 928 inhaustum

256 951 382 988 lumen
403 960 511 998 atque
529 949 691 986 cundem
702 949 873 984 colorem
885 955 1160 995 expromerent.
1180 945 1242 982 Ae
1253 946 1298 982 de
1309 945 1363 982 his
1376 946 1505 983 mediis
1516 945 1622 983 radiis
1639 959 1678 984 re
1688 947 1854 996 primum

259 1005 331 1056 ipsa
343 1007 540 1055 cognitum
551 1004 599 1042 cst
611 1033 620 1048 ‚
641 1015 707 1040 eos
727 1003 851 1038 multo
863 1002 1057 1038 intervallo
1071 999 1228 1037 deficere
1239 1029 1249 1044 ,
1273 1002 1469 1049 aciemque
1478 1001 1713 1039 hebetiorem
1724 1013 1852 1052 agere:

263 1063 420 1099 demum
433 1061 468 1096 id
480 1073 543 1097 cur
561 1062 611 1096 ita
621 1058 661 1095 fit
673 1088 682 1102 ‚
702 1059 797 1095 ratio
814 1066 958 1107 reperta
976 1056 1036 1093 est.
1073 1057 1177 1094 Nam
1189 1068 1276 1093 eum
1288 1055 1400 1093 iidem
1414 1058 1607 1106 caeterique
1617 1069 1751 1094 omnes
1761 1057 1853 1094 radii

262 1116 363 1154 vifivi
374 1116 576 1153 luminibus
588 1114 625 1155 &
637 1113 828 1150 coloribus
840 1113 975 1150 imbuti
987 1141 998 1157 ‚
1018 1122 1128 1161 atque
1147 1123 1273 1161 graves
1283 1112 1409 1148 a'erem
1420 1113 1621 1163 pervadant
1633 1142 1644 1158 ,
1661 1112 1775 1162 sitque
1787 1114 1853 1150 aer

259 1172 332 1222 ipse
342 1172 522 1209 nonnulla
536 1169 769 1207 crassitudine
779 1167 943 1207 suffusus,
963 1167 1004 1205 fit
1023 1178 1064 1205 ut
1081 1170 1196 1205 multa
1207 1179 1288 1218 pars
1300 1169 1443 1206 oneris,
1468 1168 1558 1205 dum
1569 1169 1694 1206 aerem
1708 1181 1857 1219 percur-

259 1238 359 1272 runt,
371 1227 478 1264 fess'os
491 1227 610 1264 radios
622 1225 780 1269 dejiciat.
810 1224 960 1261 Idcirco
971 1223 1064 1260 reste
1076 1225 1188 1269 ajunt,
1198 1235 1278 1273 quo
1290 1225 1408 1269 major
1417 1223 1584 1261 distantia
1599 1223 1641 1261 fit
1653 1252 1663 1268 ,
1678 1236 1727 1261 eo
1738 1222 1856 1275 super-

261 1283 385 1320 ficiem
395 1281 719 1320 subobscuriorem
732 1283 766 1318 5:
780 1281 898 1329 magis
910 1277 1050 1317 fuscam
1061 1279 1185 1316 videri.
1219 1279 1345 1317 Restat
1358 1289 1398 1316 ut
1407 1279 1452 1316 de
1465 1280 1634 1316 centrico
1646 1279 1748 1317 radio
1759 1279 1857 1317 dica-

122 1349 222 1376 cemri-
263 1352 354 1376 mus.
388 1339 608 1376 Cenrrieum
621 1336 762 1374 radium
772 1336 926 1372 dicimus
939 1347 1040 1379 eum,
1054 1336 1121 1383 qui
1131 1335 1225 1373 solus
1238 1336 1284 1373 ita
1296 1337 1543 1384 quantitatem
1555 1334 1677 1373 feriat,
1703 1345 1744 1372 ut
1752 1347 1859 1385 pares

121 1400 166 1448 ‘52³‘
175 1399 219 1415 m·
262 1396 432 1443 utrinque
450 1394 592 1444 anguli,
617 1394 759 1442 angulis
779 1391 843 1428 fibi
862 1391 1139 1428 cohaerentibus
1156 1389 1411 1442 respondeant.
1441 1390 1627 1441 Equidem
1646 1391 1798 1440 &quod
1810 1391 1857 1429 ad

121 1441 185 1457 “ff
261 1450 362 1487 hunc
382 1452 585 1487 centricum
604 1449 746 1485 radium
768 1448 897 1484 attinet
908 1476 918 1491 ‚
944 1445 1172 1485 verissimum
1191 1447 1241 1484 est
1259 1447 1358 1484 hunc
1379 1446 1447 1484 effe
1468 1448 1647 1485 omnium
1667 1447 1857 1485 radiorum

262 1506 484 1544 acerrimum
514 1505 550 1542 Sc
578 1503 861 1542 vivacissimum.
901 1504 1036 1552 Neque
1057 1502 1272 1552 negandum
1291 1502 1341 1540 est
1355 1528 1362 1541 ‚
1392 1504 1641 1552 quantitatem
1660 1514 1858 1552 nunquam

267 1562 380 1600 videri
392 1563 573 1604 majorem
586 1587 594 1600 ‚
617 1572 732 1609 quam
744 1571 832 1596 cum
844 1560 1030 1596 centricus
1041 1559 1079 1595 in
1090 1571 1173 1596 eam
1184 1558 1488 1597 radiusinstiterit.
1520 1557 1670 1595 Possent
1689 1558 1793 1610 plura
1812 1558 1858 1596 de

266 1619 419 1655 centrici
429 1616 518 1654 radii
527 1619 563 1654 vi
574 1617 609 1652 δε
620 1615 751 1653 officio
765 1614 897 1652 referri.
911 1615 1083 1651 Tantum
1095 1615 1173 1652 hoc
1186 1627 1264 1652 non
1275 1616 1585 1665 praetermittatur,
1594 1613 1692 1652 hunc
1704 1616 1858 1651 unicum

264 1669 408 1712 radium
421 1702 431 1717 ,
451 1672 549 1722 quasi
562 1673 662 1710 unita
672 1671 833 1721 quadam
844 1669 1103 1720 congressione
1114 1700 1125 1716 ,
1147 1670 1167 1706 a
1189 1673 1329 1708 caeteris
1344 1671 1450 1708 radiis
1461 1670 1709 1721 constipatum
1722 1669 1855 1709 foveri,

264 1740 305 1767 ut
325 1731 457 1767 merito
476 1729 548 1766 dux
570 1728 759 1765 radiorum
778 1729 885 1779 plane
903 1739 946 1765 ae
966 1727 1183 1764 moderator
1202 1727 1275 1764 diei
1294 1727 1434 1764 debeat.
1479 1727 1642 1776 Reliqua
1660 1724 1752 1764 vero
1775 1738 1858 1775 quae

263 1784 309 1822 ad
332 1785 592 1822 ostentaudum
613 1785 804 1833 ingenium
822 1782 1077 1835 pertinuiss'ent
1095 1784 1213 1832 magis
1232 1793 1347 1832 quam
1367 1782 1413 1819 ad
1432 1794 1491 1821 ea,
1515 1782 1561 1819 de
1579 1781 1714 1831 quibus
1737 1781 1857 1818 dicere

267 1840 486 1878 instituimus
499 1870 508 1884 ‚
528 1850 800 1891 praetereantur.
830 1840 954 1876 Multa
971 1840 1083 1876 etiam
1103 1838 1149 1875 de
1166 1838 1272 1875 radiis
1282 1838 1454 1876 suislocis
1467 1837 1794 1875 accommodatius
1805 1835 1856 1872 di-

269 1905 410 1932 centur.
432 1896 521 1932 Hoc
534 1906 662 1933 autem
673 1897 765 1933 loco
778 1895 831 1934 fit,
846 1905 1028 1944 quantum
1040 1895 1408 1932 commentariorum
1421 1895 1582 1931 brevitas
1594 1892 1766 1942 postulat,
1777 1889 1857 1928 satis

265 1961 308 1987 ea
319 1949 484 1988 retulisse,
504 1962 547 1986 cx
560 1952 692 1999 quibus
705 1952 846 1987 dubitet
857 1962 991 1989 nemo,
1012 1949 1088 1987 hoe
1100 1952 1149 1987 ita
1161 1949 1246 1990 effe,
1264 1950 1372 1997 quod
1384 1949 1536 1998 quidem
1544 1947 1623 1985 satis
1635 1946 1859 1984 demonstra-

267 2015 347 2042 tum
359 2017 450 2059 puto
462 2034 471 2050 ‚
494 2007 689 2043 intervallo
707 2005 844 2041 seilicet
864 2006 1095 2052 centricique
1118 2004 1206 2040 radii
1216 2003 1402 2053 positione
1414 2004 1567 2040 muratis
1581 2031 1590 2047 ‚
1611 2003 1702 2039 ilico
1712 2001 1857 2053 superfi-

266 2062 363 2097 ciem
375 2063 562 2098 alteratam
571 2060 697 2098 videri.
729 2061 832 2096 Nam
845 2070 887 2096 ea
898 2059 1048 2108 quidem
1059 2068 1098 2095 ut
1115 2061 1260 2097 minor,
1280 2068 1342 2096 aut
1359 2060 1499 2104 major,
1527 2068 1591 2094 aut
1609 2058 1769 2107 denique
1787 2069 1857 2109 pro

125 2124 239 2168 Cegztrici
266 2118 448 2154 linearum
459 2119 495 2154 δε
510 2117 730 2165 angulorum
744 2117 837 2152 iuter
848 2113 881 2151 sc
893 2115 1158 2153 concinnitate,
1169 2116 1365 2152 immutata
1376 2113 1576 2163 apparebit.
1590 2114 1758 2151 Centrici
1768 2125 1859 2164 ergo

121 2164 215 2202 ΝΜ·
266 2172 421 2223 positio,
440 2172 693 2221 distantiaque,
714 2171 757 2208 ad
779 2170 1040 2207 certitudinem
1061 2170 1153 2206 visus
1166 2170 1367 2220 plurimum
1386 2167 1599 2206 conferunt.
1632 2169 1690 2206 Est
1701 2181 1857 2218 quoque

266 2230 417 2265 tertium
437 2227 571 2276 aliquid
584 2257 594 2272 ,
615 2240 659 2264 cx
680 2239 758 2275 quo
776 2224 984 2275 superficies
999 2223 1192 2262 difformes
1205 2226 1242 2262 δε
1253 2226 1356 2262 variae
1364 2224 1593 2262 intuentibus
1605 2223 1856 2262 exhibeantur.

267 2282 307 2321 Id
328 2283 476 2332 quidem
495 2284 545 2320 cst
564 2284 753 2321 luminum
772 2283 951 2331 receptio,
982 2281 1083 2318 Nam
1103 2280 1226 2318 videre
1245 2281 1331 2317 lieet
1342 2281 1378 2316 in
1389 2281 1408 2315 s
1402 2279 1559 2329 phaerica
1569 2290 1681 2329 atque
1692 2292 1857 2318 concava

268 2337 470 2388 superficie,
487 2338 511 2375 fi
524 2340 676 2376 unicum
688 2348 832 2375 tantum
843 2336 921 2374 assit
932 2337 1069 2380 lumen,
1082 2348 1156 2373 una
1170 2345 1271 2386 parte
1285 2333 1560 2375 subobscuram,
1578 2336 1648 2372 alia
1659 2336 1856 2374 clariorem

272 2393 341 2431 css‘e
352 2393 603 2444 superficiem:
624 2407 668 2432 ac
680 2394 816 2431 eodem
828 2393 1040 2432 intervallo,
1064 2394 1303 2439 centricaque
1315 2391 1502 2442 positione
1512 2391 1657 2443 pristina
1668 2402 1857 2435 manente,

270 2450 392 2486 modo
404 2462 445 2487 ca
455 2448 526 2501 ipsa
538 2448 744 2499 superficies
755 2448 897 2486 diverso
909 2460 1020 2497 quam
1032 2449 1132 2498 prius
1142 2448 1285 2484 lumine
1296 2446 1645 2493 subjaceat‚videbis
1656 2446 1770 2485 fuscas
1781 2448 1857 2484 illic

272 2505 340 2542 effe
350 2516 490 2555 partes,
509 2516 568 2541 eas
589 2515 669 2553 quae
690 2504 753 2541 sub
771 2504 913 2542 diverso
934 2514 1039 2541 antea
1051 2504 1192 2540 lumine
1202 2501 1274 2540 sirae
1286 2503 1492 2547 clarebant,
1513 2512 1625 2552 atque
1636 2501 1704 2539 effe
1714 2501 1854 2540 easdem

268 2562 403 2604 claras,
423 2573 505 2609 quae
524 2561 620 2610 prius
640 2559 870 2597 obumbratae
882 2570 996 2597 eraut.
1028 2561 1134 2596 Tum
1151 2560 1274 2595 ctiam,
1292 2556 1315 2594 si
1336 2558 1439 2608 plura
1451 2558 1850 2599 circumstentlumina,

271 2629 341 2665 pto
354 2618 539 2655 luminum
551 2627 712 2653 numero
724 2616 759 2651 ὅ(
772 2615 910 2651 viribus
920 2615 1024 2652 vai-iaz
1036 2615 1103 2651 suis
1115 2615 1210 2650 locis
1221 2615 1377 2650 macula:
1390 2613 1560 2650 candoris
1573 2614 1609 2650 <Sc
1621 2612 1852 2650 obscuritatis

268 2672 472 2708 micabunt.
507 2671 598 2708 Haec
611 2682 666 2709 res
678 2672 938 2720 experimento
950 2670 1026 2720 ipso
1038 2669 1319 2719 comprobatur.
1332 2669 1404 2706 Sed
1414 2670 1476 2705 hic
1487 2670 1594 2706 locus
1604 2669 1792 2706 admonet,
1807 2674 1850 2702 ut

130 2736 226 2764 Colores
238 2734 256 2762 22
270 2725 315 2762 de
328 2727 529 2764 luminibus
540 2729 578 2764 ὅ(
593 2728 784 2763 coloribus
796 2726 917 2775 aliqua
928 2725 1138 2763 reseramus
1170 2725 1331 2761 Colores
1344 2724 1364 2760 a
1377 2725 1577 2761 luminibus
1588 2723 1713 2760 variari
1728 2721 1850 2771 palam

128 2778 233 2844 limum*
269 2781 318 2817 est
331 2810 340 2825 ‚
354 2781 531 2830 siquidem
541 2784 665 2819 omnis
677 2783 787 2818 color
796 2793 876 2818 non
888 2781 988 2819 idem
1001 2779 1199 2829 conspeetu
1210 2779 1308 2816 estin
1318 2780 1449 2816 umbra
1462 2804 1470 2818 ‚
1495 2791 1538 2817 ac
1548 2778 1609 2815 sub
1620 2777 1725 2814 radiis
1736 2776 1850 2812 lumi-

129 2825 235 2885 ,225⁶
270 2848 358 2873 num
370 2835 519 2886 positus.
551 2838 654 2874 Nam
666 2838 794 2874 umbra
806 2836 948 2874 fuscum
961 2837 1133 2874 colorem
1146 2863 1155 2879 ,
1169 2836 1298 2871 lumen
1310 2847 1401 2872 vcro
1413 2835 1553 2871 clarum
1563 2832 1598 2869 ὃ(
1609 2841 1778 2881 apertum
1790 2842 1851 2868 ex-

267 2891 380 2929 hibet.
394 2892 538 2928 Dicunt
551 2891 781 2941 Philosophi:
803 2891 905 2942 pofl'e
915 2893 1030 2930 videri
1041 2891 1105 2929 nil,
1118 2889 1220 2939 quod
1232 2889 1348 2939 ipsum
1359 2901 1435 2926 non
1446 2888 1486 2926 sit
1496 2888 1635 2924 lumine
1645 2887 1850 2935 coloreque

268 2946 452 2986 vestitum.
477 2947 793 2985 Maximaidcirco
814 2949 908 2985 inter
919 2948 1068 2986 colores
1089 2947 1126 2983 δ(
1147 2946 1287 2984 lumina
1300 2946 1477 2994 cognatio
1488 2942 1536 2980 cst
1548 2940 1593 2979 ad
1612 2940 1730 2981 visum
1742 2952 1851 2990 agen-

1739 2996 1842 3038 dum,
