2023 3162
420 104 1050 143 nzARciirrizcrvRA
1106 101 1362 144 L13.V11,
1628 120 1697 153 135

105 178 207 231 supra
228 185 420 214 cameram
436 173 837 225 habeantspirainenta.
868 172 976 210 Tum
999 181 1124 210 autem
1143 174 1249 211 calce
1267 186 1311 212 ex
1331 185 1425 224 aqua
1446 172 1587 225 liquida
1604 178 1702 217 deab

104 237 259 274 bentur‚
282 232 337 269 uti
348 230 640 268 trullissationem
650 228 848 266 testaceam
860 239 939 265 non
950 227 1132 279 respuant.
1169 231 1345 280 Namque
1359 241 1511 283 propter
1532 234 1699 280 jejunita-

104 302 182 330 tem
194 316 202 330 ‚
226 300 308 338 quae
320 287 370 324 est
387 287 408 322 a
423 286 635 324 fornacibus
647 285 802 321 excocta
814 310 822 323 .
848 285 1145 323 trulliffationern
1162 297 1241 324 non
1260 288 1409 337 poss'unt
1427 290 1590 340 recipere
1602 318 1611 333 ‚
1631 300 1698 328 nec

103 346 292 385 sustinere,
318 341 383 380 nisi
401 343 480 380 calx
497 342 658 388 subjecta
676 340 845 390 utrasque
866 351 921 377 res
939 343 1035 379 inter
1055 340 1088 377 se
1108 343 1363 392 conglutinet,
1387 346 1424 382 ὅ(
1443 354 1558 394 cogat
1578 348 1699 383 coire.

106 400 384 440 Trulliffatioue
400 398 547 435 industa
568 410 638 449 pro
657 406 812 434 atenato
829 395 918 433 testa
939 397 1132 446 dirigatur,
1154 399 1192 435 ὃ(
1204 409 1333 437 caetera
1351 401 1479 438 omnia
1499 401 1581 448 (uti
1598 402 1701 452 supra

103 459 234 509 scripta
243 456 324 493 sunt
342 457 379 492 in
399 454 644 491 tectoriorum
666 452 898 499 rationibus)
916 452 1166 502 perficiantur.
1200 455 1265 506 Ipsi
1286 466 1414 494 autem
1432 457 1624 508 politionis
1635 470 1702 495 eo-

107 526 189 553 rum
206 522 360 550 ornatus
373 510 538 561 proprias
551 510 685 546 debent
696 508 830 545 habere
841 509 988 546 decoris
999 511 1161 546 rationes
1175 538 1186 554 ‚
1195 512 1248 548 uti
1260 512 1297 547 &
1309 524 1352 549 ex
1363 513 1458 550 locis
1469 523 1568 563 aptas
1582 543 1591 557 ,
1609 515 1646 552 ὃ(
1657 524 1701 551 ex

107 579 284 621 generum
296 565 563 605 discriminibus
577 577 653 602 non
666 566 802 602 alienas
820 563 978 602 habeant
990 563 1196 614 dignitates.
1228 568 1418 606 Tricliniis
1436 568 1605 615 hybernis
1623 582 1701 607 non

109 627 159 665 est
170 625 267 663 utilis
278 623 356 660 haec
366 621 616 672 compositio.
638 633 709 658 nce
731 618 797 672 [f]
818 619 1139 671 megalographia,
1160 633 1232 659 nec
1251 635 1483 662 camerarum
1502 628 1702 664 coronario

109 693 225 732 opere
241 679 376 717 subtilis
389 687 555 714 ornatus:
578 678 683 727 quod
696 686 739 714 ea
750 678 787 713 ὃς
799 677 844 713 ab
855 678 948 726 ignis
960 676 1068 714 fumo
1080 706 1090 721 ‚
1112 679 1151 715 ὅ(
1171 678 1216 715 ab
1227 680 1414 718 luminum
1425 682 1559 718 crebris
1578 682 1704 732 fuligi-

110 741 219 776 nibus
231 742 530 783 corrumpuntut.
562 735 601 770 ln
614 734 669 770 his
680 743 772 771 veto
784 731 887 782 supra
898 733 1030 782 podia,
1047 732 1154 769 abaci
1165 745 1209 770 ex
1222 744 1435 773 atramento
1447 736 1705 781 suntsubieen-

110 796 169 838 di,
188 792 225 830 δε
243 789 407 842 poliendi
419 815 428 832 ‚
453 791 579 826 cuneis
603 791 682 842 [g]
698 788 836 825 silaceis
851 817 861 832 ‚
878 789 937 825 seu
949 789 1138 825 miniaceis
1150 789 1382 841 interpositis.
1402 792 1504 829 Cum
1515 781 1706 843 explicata:

109 851 248 888 fuerint
266 856 418 884 camerac
437 854 557 895 purae,
578 845 616 882 &
636 845 785 894 politae,
804 846 917 881 etiam
937 846 1238 894 pavimentorum
1259 858 1339 883 non
1351 849 1418 884 erit
1437 848 1629 898 displicens
1652 848 1706 897 (si

110 907 194 954 quis
214 902 507 941 animadvertere
527 902 711 948 voluerit)
742 900 962 937 Graecorum
990 900 1331 950 hybernaculotum
1349 902 1450 948 usus,
1469 905 1533 953 qui
1553 906 1707 942 minime

110 957 343 1012 sumptuosus
360 956 431 1002 est,
453 955 511 994 sed
526 958 624 994 utilis
637 967 842 1008 apparatus.
878 956 1032 994 Foditur
1051 959 1150 993 enim
1162 959 1257 995 intra
1268 959 1533 996 libramentum
1557 961 1707 998 triclinii

111 1017 267 1055 altitudo
279 1014 422 1051 circiter
434 1014 571 1064 pedum
590 1011 744 1053 binum,
768 1012 806 1048 &
827 1011 908 1049 solo
931 1009 1004 1065 [h]
1025 1011 1194 1051 fistucato
1216 1015 1402 1052 inducitur
1421 1026 1484 1053 aut
1493 1015 1622 1053 rudus,
1646 1027 1707 1053 aut

112 1072 311 1111 testaceum
322 1069 604 1119 pavimentum,
623 1071 672 1107 ita
694 1065 756 1121 [ι’]
778 1067 1007 1117 fastigatum,
1035 1070 1121 1107 utin
1136 1070 1523 1108 canalihabeatnares.
1559 1060 1708 1109 Deinde

113 1128 191 1175 [k]
205 1124 406 1176 congestis,
432 1124 578 1175 &spisse
591 1125 741 1163 calcatis
753 1124 980 1162 carbonibus
990 1125 1175 1162 inducitur
1192 1138 1235 1162 ex
1247 1125 1440 1171 sabulone,
1465 1128 1501 1164 δε
1522 1127 1642 1167 calce,
1671 1127 1709 1164 &

113 1183 234 1221 favilla
246 1185 360 1219 mixta
370 1184 536 1218 materies
550 1210 560 1227 ‚
572 1180 808 1219 crassitudine
818 1179 1028 1231 semipedali
1040 1182 1083 1218 ad
1093 1182 1260 1230 regulam
1272 1182 1307 1219 ἃ
1320 1183 1481 1220 libellam
1494 1197 1502 1220 :
1516 1182 1552 1219 δέ
1561 1183 1708 1220 summo

114 1240 340 1277 libramento
363 1234 432 1282 [l]
452 1247 540 1274 cote
550 1238 770 1288 despumato
782 1237 944 1274 redditur
962 1237 983 1273 s
978 1239 1100 1289 pecies
1113 1239 1204 1286 nigri
1216 1240 1432 1288 pavimenti.
1456 1240 1512 1275 Ita
1525 1240 1707 1276 conviviis

116 1306 270 1339 eorum,
290 1295 327 1330 ὃ(
345 1291 451 1341 quod
470 1295 545 1338 [m]
566 1294 712 1344 poculis
731 1292 995 1343 &sputismatis
1006 1290 1204 1331 effunditur
1219 1324 1228 1337 ,
1249 1293 1355 1331 simul
1377 1306 1489 1344 atque
1507 1294 1624 1339 cadit,
1642 1293 1709 1331 fic-

117 1350 246 1389 cescit:
267 1352 410 1398 quique
421 1349 606 1386 versantur
616 1351 667 1387 ibi
680 1348 926 1387 ministrantes
938 1378 948 1392 ,
964 1349 1000 1387 &
1016 1349 1156 1387 [inudis
1167 1350 1324 1402 pedibus
1344 1349 1502 1396 fuerint,
1521 1362 1600 1388 non
1618 1351 1708 1387 reci„

117 1410 223 1458 piunt
231 1406 344 1455 frigus
355 1403 400 1441 ab
411 1405 594 1453 ejusmodi
605 1418 738 1456 genere
750 1406 962 1456 pavimenti.

759 1517 794 1555 C
823 1530 847 1554 A
879 1531 911 1554 P.
971 1516 1020 1556 V.

497 1608 586 1659 De
605 1609 793 1659 rasione
803 1605 1034 1681 pingendi
1051 1607 1104 1659 in
1126 1605 1209 1658 adi
1245 1608 1343 1660 ciis.

121 1730 345 1813 CAEteris
357 1734 596 1772 conclavibus
608 1764 618 1779 ‚
638 1735 676 1771 id
687 1734 736 1772 est
746 1735 866 1772 vernis
878 1760 886 1773 ‚
909 1732 1183 1771 autumnalibus
1197 1758 1205 1770 ‚
1228 1733 1353 1770 aestivis
1366 1734 1479 1771 etiam
1491 1732 1589 1771 atriis
1601 1733 1637 1770 ὃ(
1648 1743 1712 1782 pe-

206 1791 365 1838 ristyliiS,
380 1790 586 1828 constitutae
605 1790 688 1827 sunt
706 1790 751 1828 ab
763 1790 924 1839 antiquis
942 1800 985 1825 ex
998 1791 1107 1826 certis
1123 1788 1230 1826 rebus
1248 1799 1355 1826 certae
1374 1790 1536 1826 rationes
1554 1787 1715 1837 pictura-

121 1855 216 1881 rum.
246 1846 424 1895 Namque
439 1849 502 1893 [a]
514 1847 657 1896 pistura
665 1847 791 1896 imago
803 1845 844 1882 fit
864 1846 939 1893 ejus
958 1846 1064 1893 quod
1075 1844 1123 1881 est
1136 1874 1146 1889 ‚
1163 1844 1223 1882 seu
1232 1844 1353 1896 potest
1364 1843 1432 1882 effe
1442 1872 1453 1889 ,
1473 1845 1526 1880 uti
1534 1842 1717 1898 hominis,

1637 1898 1718 1936 aedi-

115 1988 155 2026 f]
182 1990 328 2018 Philander.
349 1991 600 2032 Megalographiam
613 1993 774 2028 interpretor
785 1992 914 2028 pic'turam
925 1993 1015 2031 magni
1023 1990 1123 2018 sumtus
1143 1995 1168 2018 ὃς
1190 2000 1347 2030 magnarum
1359 1989 1529 2027 personarum
1543 2012 1550 2024 ‚
1571 2000 1615 2018 aut
1627 2000 1716 2018 rerum

160 2028 377 2059 deformatricem
387 2041 464 2071 atque
476 2033 668 2073 figununcern,
681 2032 849 2062 utideorum,
860 2041 1019 2071 pugnarum,
1031 2029 1221 2063 fabularum,ut
1235 2033 1359 2070 proximo
1369 2042 1417 2070 cap
1438 2031 1566 2071 sequenti.
1583 2032 1623 2058 Eo
1634 2031 1716 2058 modo

163 2071 231 2139 {ixit
250 2072 346 2101 Plinius
365 2072 411 2101 lib.
430 2082 510 2102 xxxv.
529 2083 587 2112 cap.
607 2083 633 2100 x.
659 2071 918 2112 rhyparographon,
940 2072 1103 2101 sordidarum
1121 2081 1200 2111 atque
1218 2071 1360 2100 humilium
1378 2082 1466 2101 rerum
1485 2073 1625 2111 pietorem.
1649 2071 1715 2098 Vide

192 2121 298 2140 exicon.

121 2154 154 2191 g]
192 2152 276 2180 idem.
297 2155 360 2181 Non
372 2154 465 2185 quovis
476 2154 518 2182 sile
528 2154 559 2181 ad
570 2152 665 2181 abacos
677 2153 831 2184 utebantur,
840 2152 881 2181 sed
893 2162 998 2182 tantum
1011 2153 1175 2182 marmoroso
1185 2175 1191 2184 .
1201 2155 1326 2192 quoniam
1336 2162 1453 2180 marmor
1464 2153 1489 2179 in
1501 2161 1533 2179 eo
1543 2151 1634 2179 resistit
1642 2160 1717 2179 ama-

165 2193 370 2223 ritudinicalcis,
381 2188 409 2222 iit
420 2195 499 2222 tradit
512 2195 576 2222 Plin.
589 2194 700 2232 cap.ult.
712 2194 758 2221 lib.
773 2204 812 2228 33.
824 2195 891 2222 Vide
902 2204 962 2232 quae
970 2193 1057 2222 scribo
1069 2196 1095 2221 in
1106 2195 1193 2233 capita
1203 2196 1257 2222 duo
1266 2194 1398 2232 sequentia
1408 2193 1439 2220 de
1451 2192 1503 2219 tile.
1526 2195 1596 2221 Nam
1608 2193 1653 2231 qui
1665 2191 1719 2219 fili-

167 2234 221 2261 ceis
233 2234 247 2261 a
260 2233 328 2261 illice
339 2235 416 2274 legit.
430 2236 493 2273 quid
503 2232 566 2262 effet
577 2235 622 2265 Sil.
634 2245 688 2262 non
701 2235 843 2262 intellexit.

124 2274 156 2310 h]
185 2274 268 2301 Idem.
291 2275 318 2302 ld
329 2276 374 2307 est,
384 2274 441 2302 solo
452 2277 542 2313 pavito
554 2274 642 2302 fistuca
652 2295 659 2304 .
669 2282 714 2302 aut
726 2276 857 2306 vectibus,
869 2274 1032 2312 paviculave‚
1043 2283 1071 2302 ut
1083 2273 1128 2301 lib.
1140 2284 1189 2302 111.
1201 2283 1258 2312 cap.
1273 2283 1295 2308 3.
1310 2272 1712 2310 autsblidandafistucationibm.

169 2319 193 2343 δι’
205 2313 278 2353 supra
291 2325 348 2353 cap.
359 2315 590 2349 [finum-ombus
598 2324 656 2341 cum
673 2323 771 2351 magna
789 2324 850 2342 cura
868 2315 998 2349 solidetur.

125 2357 147 2391 ι’]
178 2355 261 2423 Ιάῗιη.
285 2357 375 2424 {scribe
384 2355 548 2393 faffigarum.
572 2357 642 2383 Nam
650 2352 755 2395 fastigio
765 2366 817 2383 vox
834 2357 928 2382 Latina
939 2356 1048 2384 nonest.
1070 2358 1161 2395 Itaque
1172 2354 1325 2394 ubicunque
1344 2354 1492 2388 inveneris,
1513 2354 1632 2383 existima
1646 2363 1720 2382 men-

169 2396 205 2423 do
217 2406 262 2424 um
271 2406 283 2424 e
309 2397 462 2425 ecodicem.

127 2439 156 2473 k]
188 2439 270 2465 idem.
293 2439 356 2465 Hoc
367 2438 449 2465 etiam
458 2436 574 2465 scribunt
587 2438 654 2465 Plin.
666 2438 711 2465 lib.
723 2447 814 2465 xxxvi.
827 2446 885 2474 cap.
898 2445 938 2471 25.
951 2440 974 2465 8<
986 2436 1115 2465 Palladius
1128 2436 1170 2464 lib.
1189 2446 1209 2464 1.
1221 2446 1277 2474 cap.
1290 2445 1329 2463 ix.

125 2479 148 2514 l]
188 2477 272 2506 ldem.
295 2479 323 2506 ld
334 2479 379 2509 est.
390 2479 527 2518 laevigato.
537 2477 661 2507 absterso.
679 2479 745 2506 Plin.
758 2486 910 2506 memorato
919 2487 976 2517 cap.
989 2478 1057 2506 dicit
1072 2478 1222 2517 despumare
1235 2499 1242 2511 ,
1252 2480 1276 2505 ὅ(
1286 2476 1364 2516 paulo
1375 2477 1432 2516 post
1452 2483 1504 2504 cote
1513 2475 1646 2514 depolitum
1657 2497 1664 2508 ‚
1678 2475 1719 2503 in-

171 2526 317 2556 terpretans
328 2519 391 2547 illud
402 2519 577 2557 despumare..

127 2561 168 2595 m]
191 2560 274 2587 Idem.
297 2561 326 2587 ld
337 2561 370 2587 est
383 2559 461 2597 sputis
473 2564 497 2587 ὃ(
508 2559 731 2589 excreationibus,
741 2568 798 2596 qux
810 2557 824 2586 a
835 2559 935 2587 Graecis
948 2556 1092 2594 πἼυόῂαθιπι
1102 2562 1126 2588 &
1139 2556 1289 2594 πιτύε-μριτα
1300 2559 1435 2587 dicuntur.
1456 2557 1588 2585 luvenalis
1599 2559 1721 2596 Satyrai.

168 2601 311 2639 posteriore
323 2610 371 2638 pro
379 2601 432 2628 levi
442 2610 515 2639 aquae
527 2611 572 2628 ore
583 2610 721 2638 conceptx
729 2600 864 2638 aspergine
877 2599 933 2627 usus
945 2601 989 2628 est.
1011 2602 1079 2628 Nam
1090 2601 1125 2628 ita
1136 2609 1164 2628 ut
1175 2600 1278 2639 legatur
1288 2621 1294 2631 ,
1315 2600 1400 2637 placet
1412 2599 1498 2637 magis
1511 2619 1516 2628 .
1537 2607 1616 2635 quam
1628 2607 1656 2625 ut
1666 2598 1722 2625 aliis

171 2651 203 2669 ex
215 2642 343 2669 Muciano
352 2640 444 2672 visum,
455 2645 479 2669 δέ
489 2641 642 2679 paedermtc.
667 2644 720 2678 {ng'
737 2641 958 2669 Laredaemmium.
969 2641 1067 2679 inquit.
1078 2642 1213 2678 pitysmate
1222 2640 1333 2667 lubricat
1343 2639 1436 2666 arbem.
1452 2648 1481 2666 ut
1492 2648 1545 2665 non
1557 2648 1604 2676 pro
1612 2639 1721 2670 annulo,

168 2682 212 2710 sed
223 2683 359 2710 Laconico
370 2703 376 2713 ,
387 2682 480 2709 orbem
492 2684 724 2710 Lacedaemonium
735 2682 926 2720 intelligimus.
951 2682 1070 2718 Qdam
1079 2676 1243 2720 piiylismate.
1255 2691 1303 2718 pro
1313 2689 1411 2720 genere
1423 2680 1631 2706 exercitationis.
1652 2679 1723 2718 quod

170 2724 236 2750 lano
246 2725 381 2751 Cornario
391 2733 444 2750 non
453 2721 596 2760 displicuit.
618 2723 658 2750 Est
667 2732 738 2749 enim
750 2723 886 2759 πιτυλίζιςν
897 2721 956 2749 Gal.
967 2723 1012 2750 lib.
1025 2731 1059 2750 11.
1072 2723 1104 2750 de
1117 2723 1187 2749 bona
1198 2721 1312 2749 valetud.
1324 2721 1387 2747 teste
1398 2740 1404 2751 ‚
1417 2729 1479 2747 cum
1490 2721 1546 2758 quis
1558 2719 1665 2748 summis
1677 2730 1724 2758 pe-

170 2763 246 2791 dibus
255 2765 423 2803 ingrediens.
443 2763 526 2791 tensas
537 2765 562 2790 in
575 2763 683 2791 sublime
697 2772 788 2790 minut
799 2783 805 2793 ‚
817 2763 883 2791 hanc
893 2762 1044 2790 :introrsum
1053 2784 1059 2794 .
1081 2762 1152 2790 illam
1161 2760 1307 2789 retrorsum
1318 2760 1454 2788 celerrime
1465 2768 1566 2788 movet.
1596 2761 1649 2788 Alii
1665 2768 1724 2798 pop-

169 2805 282 2840 pysmate
301 2815 348 2843 pro
361 2805 453 2832 blinda
466 2805 652 2833 atne-<tatione
665 2807 689 2831 &¹
700 2803 765 2830 sono
777 2804 879 2842 legunt.
899 2804 947 2831 Sed
960 2804 1073 2831 liberum
1083 2804 1137 2831 esto
1149 2813 1193 2841 per
1203 2812 1246 2829 ine
1257 2802 1350 2830 leston·
1363 2800 1501 2835 judicium,
1520 2801 1612 2828 Claud.
1623 2801 1727 2829 Salma-

169 2841 240 2880 fius:
259 2845 421 2883 Ργῑιίῖηιω.
445 2844 559 2884 Pytisma
579 2846 649 2873 idem
668 2844 740 2882 quod
758 2841 914 2882 pytiffatio;
935 2853 996 2872 nam
1008 2842 1108 2880 πλὲζειν
1120 2848 1143 2871 Se
1158 2840 1313 2881 2L47ra‘l'fsgcan
1333 2842 1368 2869 cst
1386 2841 1534 2879 liquorem,
1552 2842 1579 2868 in
1592 2851 1637 2869 ore
1655 2841 1726 2869 sum-

177 2891 235 2912 tum
247 2905 254 2916 ,
273 2884 456 2925 viexpressiiin
475 2886 571 2922 ejicere
583 2908 589 2918 ,
611 2895 639 2914 ut
650 2884 734 2913 solent
754 2885 798 2924 qui
817 2886 908 2913 vinum
919 2885 1031 2923 probant
1048 2888 1073 2913 &
1090 2884 1239 2923 degustant.
1259 2884 1291 2911 de
1308 2892 1364 2922 quo
1375 2883 1433 2910 vide
1452 2883 1611 2912 Terentium
1622 2883 1648 2910 in
1668 2882 1729 2910 He-

179 2933 321 2954 aurontim.

137 2964 169 2998 n]
199 2963 344 2995 Philander.
362 2968 628 3007 Vulgojaflarisolet
649 2966 900 2994 Horatianumillud
913 2977 945 2993 ex
964 2966 1042 3004 Epist.
1055 2966 1085 2994 ad
1101 2965 1222 2995 Pisones,
1243 2963 1380 2991 Pistoribsu
1397 2971 1475 3002 atque
1495 2965 1576 2992 Po'e'tik
1597 2962 1728 3003 Qidlibet

180 3004 290 3044 vaudendi
301 3010 398 3046 semper
410 3003 467 3047 fuit
477 3008 668 3049 aquapotestas.
691 3011 728 3036 At
749 3017 803 3037 nou
814 3008 865 3037 line
878 3007 926 3036 risu
937 3006 1046 3048 spectari
1058 3003 1129 3047 posse
1142 3007 1222 3035 initio
1233 3005 1302 3034 illius
1319 3005 1401 3035 libelli
1409 3005 1585 3045 aitpiCrorcm
1598 3026 1604 3039 ‚
1626 3005 1670 3042 qui
1681 3002 1729 3029 hu-

1649 3050 1729 3071 mano
