2023 3162
309 93 380 118 122
460 77 514 116 M.
550 77 821 116 Virnuvrr
852 73 1149 111 Potrxoms
1179 82 1238 109 DE
1268 71 1591 111 Ancui‘rrcr.
1631 74 1836 115 L1n.v].

301 147 549 191 struantur‚uti
561 143 690 194 singuli
700 143 830 180 dentes
840 140 886 181 ab
896 151 1007 177 muro
1018 147 1165 177 tantum
1176 137 1518 188 discedant‚quanta
1528 141 1685 180 altitudo
1695 143 1814 182 futura
1827 146 1895 184 erit

299 202 586 242 substruffionis.
618 196 873 236 Craffitudinis
885 205 1013 233 autem
1035 193 1197 232 habeant
1214 193 1381 232 dentium
1392 194 1571 232 struC‘turce
1592 199 1646 235 uti
1661 201 1769 236 muri.
1795 203 1809 238 Ι
1815 212 1892 240 tem

300 262 338 297 in
353 258 404 306 [kl
418 259 589 296 extremis
599 254 753 303 angulis,
768 264 858 290 cum
868 250 1046 289 recessum
1057 249 1164 287 fuerit
1181 249 1226 287 ab
1236 252 1412 288 interiore
1425 251 1584 299 angulo,
1606 251 1722 302 spatio
1733 256 1893 295 altitudi.

301 317 356 353 nis
365 302 636 352 substructionis
646 312 684 345 in
695 318 893 356 utramque
902 316 1046 357 partem
1055 304 1320 355 fignetur‚&ab
1329 307 1385 344 his
1394 305 1500 355 signis
1510 307 1709 355 diagonios
1720 309 1892 351 structura

303 372 536 413 collocetur,
559 367 595 403 ὃ(
609 365 654 401 ab
673 375 715 401 ea
726 363 864 402 media,
888 364 999 401 altera
1019 362 1226 409 conjuneta
1245 374 1333 400 cum
1346 363 1490 412 angulo
1503 364 1611 400 muri.
1642 365 1695 400 Ita
1716 365 1841 406 dentes
1854 370 1892 408 ὃς

301 427 486 476 diagoniae
501 423 679 462 struC'rurae
692 431 771 456 non
784 421 971 469 patientur
981 428 1062 455 tota
1080 418 1118 457 vi
1129 429 1294 468 premere
1314 430 1463 455 murum
1476 448 1486 463 ‚
1504 417 1563 455 scd
1575 416 1796 469 diffipabunt
1806 427 1893 463 reti-

302 482 431 520 nendo
442 483 625 530 impetum
638 475 902 525 congestionis.
935 473 1275 525 Qemadmodum
1288 485 1401 525 opera
1413 473 1486 511 fine
1497 475 1592 511 vitiis
1604 485 1779 524 oporteat
1799 491 1891 518 con-

304 538 401 575 stitui
412 566 421 580 ‚
444 535 480 571 ἃ
494 536 547 572 uti
561 542 732 570 caveatur
745 558 753 572 ‚
767 532 1029 582 incipientibus
1042 528 1216 580 exposui:
1238 540 1399 578 namque
1411 530 1456 567 de
1466 531 1613 579 regulis,
1627 540 1688 567 aut
1700 533 1811 582 tignis
1830 546 1893 575 aut

303 591 473 631 asseribus
491 587 734 627 immutandis
748 616 757 632 ‚
775 599 855 625 non
875 587 1005 625 eadem
1027 585 1077 622 est
1097 597 1199 624 cura,
1214 585 1538 635 quemadmodum
1556 586 1601 622 de
1624 586 1678 623 his
1691 616 1700 631 ‚
1712 588 1819 636 quod
1836 602 1890 629 ea,

303 648 473 697 quamvis
493 645 561 683 sint
579 642 709 683 vitiosa
721 670 729 683 ,
754 642 911 681 faciliter
930 652 1129 680 mutantur.
1162 642 1215 678 Ita
1232 654 1312 691 quae
1324 653 1394 679 nec
1412 639 1525 679 solida
1542 642 1694 691 quidem
1717 654 1895 695 putantur

301 702 371 741 effe
384 728 392 742 ‚
415 702 552 751 quibus
563 699 766 737 rationibus
779 697 859 737 iiaee
878 708 1081 750 potuerunt
1092 696 1159 735 effe
1169 696 1295 736 firma,
1319 700 1357 734 ὃ(
1369 697 1695 747 quemadmodum
1707 699 1895 738 instituan-

301 757 538 808 tur,exp0sui.
554 756 700 809 Qibus
711 765 838 793 autem
851 757 1044 805 copiarum
1057 753 1252 804 generibus
1262 763 1439 804 oporteat
1458 755 1523 793 uti,
1537 765 1617 791 non
1631 754 1680 791 est
1691 754 1894 795 Architee'ti

301 814 463 866 potestas
478 827 484 850 :
502 811 556 858 [l]
569 814 657 849 ideo
668 811 863 860 quodnon
875 812 912 848 in
925 811 1207 848 omnibuslocis
1226 810 1359 847 omnia
1373 821 1505 860 genera
1524 810 1720 859 copiarum
1740 812 1894 850 nascun-

303 881 364 908 tur
376 897 384 911 ,
406 870 504 908 utiin
515 869 694 919 proximo
712 868 907 905 volumine
920 867 967 904 est
979 864 1201 917 expositum.
1233 866 1456 903 Praetereain
1477 865 1622 902 domini
1634 865 1683 902 est
1694 867 1890 918 potestate,

304 936 433 964 utrum
444 926 604 962 lateritio
617 953 626 966 ,
645 935 689 959 an
703 924 934 960 caeinentitio
947 948 954 961 ‚
978 921 1120 960 an-saxo
1139 921 1320 970 quadrato
1331 922 1422 959 velit
1444 920 1630 958 aedificare.
1661 923 1675 958 1
1681 932 1789 972 taque
1809 936 1896 961 om-

303 984 407 1019 nium
417 992 577 1032 operum
588 979 827 1031 probationes
838 978 1021 1028 tripartito
1032 976 1318 1015 considerantur,
1333 977 1369 1014 id
1379 977 1441 1022 est,
1451 976 1571 1014 fabrili
1581 976 1775 1016 subtilitate
1788 1005 1796 1019 ‚
1816 992 1896 1018 ma-

305 1036 521 1088 gnificentia
532 1061 541 1075 ‚
562 1035 599 1072 &
610 1033 861 1086 dispositione.
895 1034 998 1071 Cum
1010 1032 1287 1083 magnificenter
1297 1046 1391 1084 opus
1400 1032 1602 1085 perfeetum
1614 1032 1805 1083 aspicietur
1816 1065 1827 1081 ,
1847 1035 1894 1072 ab

305 1094 416 1130 omni
434 1091 613 1142 potestate
625 1089 797 1141 impensae
816 1089 1081 1127 laudabuntur:
1102 1101 1191 1127 cum
1204 1088 1395 1129 subtiliter.
1420 1091 1498 1135 [m]
1509 1087 1754 1127 officinatoris
1764 1091 1897 1141 proba-

305 1149 403 1186 bitur
413 1147 558 1184 exaffio
572 1160 579 1182 ε
602 1157 691 1182 cum
702 1157 792 1183 vero
802 1145 1001 1189 venustate,
1013 1144 1325 1196 proportionibus
1339 1174 1350 1191 ‚
1372 1145 1409 1182 &
1421 1145 1639 1194 symmetriis
1650 1144 1820 1184 habuerit
1830 1160 1895 1185 au-

303 1205 508 1247 toritatem,
522 1211 612 1239 tunc
623 1200 733 1239 fuerit
743 1203 861 1251 gloria
874 1200 1092 1238 Architeffi.
1125 1201 1215 1238 Haee
1225 1211 1351 1239 autem
1360 1201 1456 1239 reue
1469 1200 1750 1241 constituuntur,
1765 1215 1854 1240 curn
1865 1205 1896 1240 is

306 1263 344 1297 ὃ(
357 1261 376 1296 a
388 1258 496 1296 fabris
509 1284 517 1298 ‚
538 1260 576 1295 ὃ(
589 1257 770 1295 abidiotis
779 1258 937 1308 parlatur
955 1258 1123 1307 accipere
1131 1256 1165 1293 se
1179 1256 1340 1295 consilia.
1370 1258 1546 1306 Namque
1558 1268 1693 1294 omnes
1705 1257 1896 1304 homines,

304 1327 385 1353 non
396 1313 515 1352 solum
528 1313 733 1350 Architecti
746 1342 755 1357 ,
764 1313 868 1363 quod
879 1313 929 1350 est
940 1313 1087 1351 bonum
1101 1311 1247 1364 possunt
1257 1312 1434 1363 probare:
1456 1311 1514 1349 sed
1526 1313 1621 1349 inter
1631 1312 1766 1350 idiotas
1779 1316 1816 1352 ὃ(
1827 1326 1895 1352 eos

303 1370 379 1408 hoc
390 1370 440 1407 est
450 1368 644 1406 discrimen
659 1395 665 1406 .
688 1369 793 1419 quod
804 1369 922 1406 idiota
933 1398 943 1414 ‚
962 1367 1027 1405 nisi
1040 1367 1181 1406 faetum
1201 1369 1332 1406 viderit
1342 1398 1352 1413 ‚
1369 1380 1448 1406 non
1457 1367 1577 1419 potest
1598 1366 1686 1405 scire
1699 1369 1789 1417 quid
1798 1369 1898 1408 futu-

304 1438 386 1464 rum
395 1425 454 1464 fit:
469 1425 705 1463 Architectus
717 1435 843 1463 autem
855 1454 866 1470 ,
886 1424 994 1462 fimul
1006 1426 1134 1462 animo
1146 1424 1377 1462 constituerit
1389 1453 1399 1469 ‚
1418 1434 1621 1473 antequam
1638 1425 1819 1475 inceperit
1833 1455 1843 1471 ‚
1857 1425 1896 1463 δε

304 1482 490 1520 venustate
502 1511 512 1527 ‚
531 1484 568 1520 ὃ(
579 1480 642 1519 usu
655 1511 665 1526 ‚
675 1483 713 1519 ὅ(
723 1482 862 1519 decore
873 1509 884 1526 ‚
904 1481 1013 1530 quale
1023 1479 1064 1518 sit
1074 1479 1242 1518 futurum
1254 1505 1262 1519 ‚
1284 1480 1395 1518 habet
1404 1479 1612 1518 definitum.
1645 1482 1750 1534 Qas
1761 1493 1816 1519 res
1826 1483 1898 1532 pri-

302 1540 396 1576 vatis
408 1538 570 1576 aedificiis
582 1537 686 1574 utiles
698 1539 837 1587 putavi,
849 1538 886 1574 ὅ(
898 1535 1225 1586 quemadmodum
1235 1535 1278 1573 fit
1288 1535 1503 1574 faciendum
1516 1565 1526 1580 ‚
1545 1546 1661 1585 quam
1672 1537 1896 1587 apertissime

303 1596 432 1644 potui,
452 1592 649 1646 perscripsi.
679 1594 741 1631 De
759 1592 1053 1644 expolitionibus
1071 1602 1197 1630 autem
1219 1603 1357 1630 eorum
1370 1621 1380 1637 ‚
1398 1602 1441 1631 ut
1459 1590 1528 1630 sint
1539 1591 1749 1642 elegantes,
1770 1592 1896 1632 &fine

305 1651 401 1688 vitiis
411 1651 458 1688 ad
465 1648 682 1689 vetustatem
693 1674 701 1688 ‚
721 1651 760 1687 in
777 1649 945 1700 sequenti
954 1649 1151 1688 volumine
1161 1659 1362 1699 exponam.

1733 1739 1791 1776 M.
1815 1738 1894 1777 V1-

306 1873 335 1908 k]
362 1871 509 1902 Philander.
533 1876 637 1904 Locum
649 1876 719 1905 hunc
729 1876 905 1904 indicavimus
915 1874 976 1903 libri
986 1875 1066 1913 primi
1077 1877 1163 1914 capite
1173 1876 1278 1915 quinto.

303 1914 327 1948 l]
362 1914 446 1942 Idem.
467 1916 623 1954 Legendum
631 1917 764 1957 negative,
776 1917 848 1954 quod
859 1925 911 1943 non
920 1916 947 1942 in
958 1916 1083 1944 omnibus
1093 1916 1169 1946 locis,
1179 1920 1229 1943 ἅτ.
1251 1918 1323 1944 Nam
1339 1914 1384 1943 lib.
1394 1924 1416 1943 1.
1426 1923 1483 1953 cap.
1495 1924 1531 1943 11.
1542 1914 1609 1942 dixit
1624 1925 1679 1942 non
1690 1913 1815 1943 omnibus
1823 1913 1892 1944 locis

344 1964 450 1982 arenam
459 1952 590 1985 fofficiam
601 1957 678 1990 nasci,
690 1961 741 1986 ὅτε.
764 1958 797 1984 Et
809 1958 836 1983 in
847 1955 899 1983 fine
908 1955 1048 1993 superioris
1059 1956 1120 1983 libri
1131 1956 1163 1983 de
1174 1956 1281 1994 pulvere
1292 1956 1439 1983 Puteolano
1449 1955 1499 1983 hoc
1512 1955 1583 1983 idem
1594 1955 1711 1983 monuit.

305 1995 346 2030 m]
367 1994 451 2024 Idem.
470 1995 636 2026 officinator
644 1997 696 2037 ipse
706 1996 778 2026 saber
789 1997 833 2027 est,
844 1997 888 2034 qui
897 1997 1006 2024 extruit.
1018 1996 1166 2025 Architeffl
1175 2006 1239 2025 vero
1248 1997 1284 2024 est
1293 1995 1415 2024 arbitrati
1424 2000 1449 2025 ὃς
1459 1993 1615 2026 deformare,
1627 1996 1652 2024 id
1663 1997 1698 2025 est
1706 1996 1851 2037 defignare.
