2023 3162
291 139 366 168 110
673 124 1519 165 Dnsionirictirionn

283 196 375 232 dum
387 191 562 246 ώρολορλκ,
595 193 712 240 Hujus
725 192 925 229 Sciotheris
935 202 1007 228 nec
1021 190 1177 227 Baifium
1189 201 1256 226 nec
1268 189 1459 228 Giraldum
1470 193 1565 229 inter
1574 191 1808 241 navigiorum
1819 203 1878 242 ge-

284 263 372 288 nera
392 249 596 289 meminisse
611 278 621 294 ‚
642 259 746 286 certo
766 248 910 284 scimus.
943 247 1129 283 Caeterum
1148 256 1273 283 utrum
1293 245 1497 283 Sciatheras
1515 246 1644 294 stylum
1663 258 1806 284 tantum
1817 250 1878 284 de-

285 317 396 344 notet
411 336 420 351 ,
443 308 503 345 vel
524 305 814 342 instrumentum
834 313 958 339 totum
972 330 981 345 ,
998 313 1135 351 nempe
1155 299 1270 337 solare
1291 301 1539 349 horologium
1553 330 1562 345 ‚
1575 301 1734 338 dubitari
1746 304 1878 352 pollet.

285 362 480 399 Vitruvius
492 374 562 411 pro
585 370 780 408 gnomone
794 384 800 397 ,
824 357 1039 394 Plutarchus
1060 368 1130 406 pro
1141 356 1389 393 instrumento
1412 356 1580 404 quodam
1593 356 1877 403 mathematico,

289 418 429 454 Plinius
439 429 509 467 pro
522 416 641 453 Solari
658 412 812 463 usurpat.
843 413 973 449 Latarn
984 413 1093 460 igitur
1105 412 1215 448 habet
1226 410 1545 460 significationem.

342 474 366 509 S
381 485 422 509 cr
432 484 455 505 o
470 485 493 507 c,
509 486 529 508 R
543 485 565 507 Α
582 483 598 507 P
612 480 656 507 H1
667 482 700 505 A.
733 469 817 505 Lib.
829 481 841 503 1
853 497 859 503 .
872 480 943 505 c.2.
954 464 1217 519 Ichnographia‚
1229 463 1486 519 orthographia,
1496 463 1722 519 Sciographia.
1733 467 1876 506 Baldus:

288 528 392 582 Qid
402 523 969 576 litSciographia‚ipseVitruvius
981 520 1410 572 explicat‚subdens‚ttem
1422 518 1640 574 Sciographia
1651 522 1822 571 elifiontu
1835 522 1879 567 (ῤ’

289 581 439 618 laterum
450 578 695 632 abscedentium
705 576 928 622 adumbratio,
941 576 987 613 ad
995 579 1182 630 circinique
1192 587 1347 614 centrum
1357 590 1508 613 omnium
1520 576 1690 614 lmmum
1701 578 1877 630 responsus.

291 637 520 674 Hermolaus
532 637 569 672 in
589 634 867 684 glossematibus
887 635 1060 671 Plinianis
1069 634 1114 670 ad
1133 644 1212 683 cap.
1223 646 1255 670 x.
1268 632 1330 670 lib.
1347 647 1361 677 3
1375 643 1405 675 5.
1427 634 1477 669 ita
1493 633 1613 669 scribit
1628 648 1634 670 :
1656 630 1880 686 Sciographia

287 704 334 727 ex
355 693 513 730 Vitruvii
521 688 576 727 lib.
592 705 624 727 1.
646 703 841 743 quanquam
861 686 1109 742 Scenographt'a
1117 684 1263 740 fortaffl
1283 690 1411 726 reditus
1420 686 1509 740 apud
1516 701 1592 724 cum
1592 686 1759 740 firibitur
1771 715 1779 728 ‚
1800 702 1878 741 quo-

289 748 385 783 niam
388 748 529 799 pilium
536 746 588 796 sit
599 759 666 782 non
673 744 788 796 filum
806 758 888 782 areae
901 774 911 790 ‚
931 756 969 781 ut
980 741 1226 797 Ichnographia
1237 773 1246 788 ‚
1263 757 1321 781 nec
1337 743 1460 790 frontis
1480 753 1618 780 tantum
1638 754 1676 780 ut
1697 742 1879 797 orthogra-

285 799 368 856 phia
379 832 389 846 ‚
406 801 467 848 fed
475 804 558 840 teth·
565 801 723 852 universt
732 831 741 847 ‚
759 799 848 854 quod
852 798 992 852 scenam
1005 830 1015 846 ‚
1034 797 1093 837 hoc
1103 803 1152 836 eft
1164 830 1174 844 ‚
1193 797 1452 836 tabernaculum
1465 813 1588 836 vocare
1597 812 1668 835 mos
1689 805 1880 836 Graecorum

286 860 349 894 eft.
378 858 565 896 Hastenus
579 857 816 897 Hermolaus
840 860 975 910 Qem
985 867 1112 894 tamen
1123 857 1240 893 tacito
1249 857 1406 893 nomine
1417 856 1548 893 refellit
1556 856 1701 905 gentilis
1712 854 1791 892 suus
1804 856 1881 892 Da-

290 915 385 959 niel,
406 915 634 964 itainquiens
648 929 655 951 2
666 910 754 965 stant
765 915 826 965 qui
834 911 947 965 legant
959 909 1242 964 Scenographiam
1256 940 1265 955 ‚
1282 910 1321 947 id
1330 913 1392 955 eft,
1404 911 1651 962 univerfitchi
1659 907 1879 961 deformatio-

290 982 383 1006 nem.
387 967 455 1021 fid
459 969 497 1021 fi
511 973 586 1022 quis
597 972 689 1006 reite
697 967 880 1017 consideret
891 963 934 1004 ὠ
945 964 1174 1016 definitionem
1184 967 1428 1004 Vitruvianam
1439 960 1482 1004 ὦ
1494 979 1567 1002 rem
1578 963 1698 1018 zpsszm,
1711 974 1800 1002 certe
1811 979 1880 1002 non

290 1021 585 1077 scenographiam
597 1055 605 1069 ‚
613 1018 938 1076 fi’dSciographiam
959 1020 1022 1074 legi
1039 1018 1155 1058 debere
1168 1046 1176 1059 ‚
1189 1030 1228 1057 ut
1240 1022 1342 1057 etiam
1351 1019 1493 1073 legitur,
1513 1019 1655 1058 videbit.
1686 1023 1768 1071 Ego
1790 1020 1879 1058 huic

289 1083 407 1130 magis
418 1080 597 1117 assentior.
621 1080 808 1116 Caeterum
817 1077 1057 1127 Sciographia
1067 1077 1242 1114 Graecum
1258 1077 1426 1121 verbum,
1438 1079 1586 1127 proprie
1599 1077 1737 1114 umbrae
1749 1076 1880 1114 descri-

286 1137 463 1186 ptionem
475 1134 660 1184 fignificat,
674 1134 777 1183 quod
797 1134 922 1171 Latini
942 1135 1052 1170 unica
1061 1144 1157 1170 voce
1176 1132 1498 1169 adumbrationem
1509 1133 1649 1170 dicunt.
1678 1132 1878 1182 Distingui-

290 1200 353 1228 tur
363 1201 489 1227 autem
500 1189 734 1227 adumbratio
745 1189 791 1227 ab
805 1188 877 1239 ipsa
886 1189 1098 1227 lineatione,
1114 1201 1188 1238 qua
1200 1188 1468 1239 ichnographia
1480 1190 1516 1225 ὃ(
1530 1188 1806 1238 Orthographia
1815 1189 1878 1225 ab·

290 1245 445 1283 solvitur
458 1275 467 1290 ‚
488 1246 594 1295 quod
605 1246 754 1283 umbras
764 1245 874 1282 addat
894 1247 931 1282 ὅ(
953 1245 1163 1281 oculisnon
1183 1244 1451 1281 tantummodo
1473 1245 1585 1281 lineas
1600 1273 1610 1288 ‚
1629 1244 1734 1280 sed&
1753 1256 1877 1281 rerum

289 1301 313 1337 s
304 1304 428 1350 pecies
442 1302 700 1351 explicatiores
710 1300 883 1346 subjiciat.
914 1301 1057 1339 Verum
1068 1311 1148 1336 non
1165 1301 1341 1337 inutiliter
1357 1299 1432 1337 hoc
1448 1301 1539 1337 loco
1559 1299 1738 1338 dubitavit
1749 1299 1879 1336 Barba-

290 1368 363 1396 rus,
379 1368 505 1394 utrum
518 1357 564 1394 de
574 1357 791 1394 adumbrata
803 1368 924 1393 rerum
935 1357 1094 1404 imagine
1108 1381 1115 1394 ‚
1136 1368 1215 1404 quae
1227 1367 1291 1405 per
1302 1357 1455 1404 opticen
1474 1354 1526 1393 fit,
1541 1356 1600 1392 vel
1609 1354 1654 1391 de
1675 1355 1874 1394 cremone,

291 1423 404 1460 quam
418 1412 528 1449 nostri
531 1411 695 1464 profilum
707 1413 836 1449 dicunt
849 1441 859 1456 ‚
878 1413 1095 1448 intellexerit
1115 1411 1316 1448 Vitruvius.
1332 1412 1377 1448 Et
1400 1410 1480 1448 sane
1492 1410 1648 1447 auc'toris
1660 1410 1771 1447 verba
1781 1412 1878 1460 prio-

290 1479 371 1504 rem
383 1466 521 1504 sensum
532 1480 604 1517 prae
616 1467 647 1504 se
659 1467 793 1512 ferunt,
806 1468 942 1505 utilitas
955 1479 1046 1505 vero
1057 1467 1153 1504 aliud
1163 1469 1328 1516 requirit.
1358 1466 1470 1504 Certe
1483 1466 1588 1504 valde
1600 1465 1776 1512 judiciose
1788 1478 1878 1503 con-

292 1523 410 1560 cludit
429 1524 582 1560 Daniel:
605 1528 770 1559 Caeterum
778 1522 817 1573 st
822 1521 881 1559 hoc
893 1521 958 1558 loco
968 1526 1058 1558 vocis
1069 1519 1182 1573 hujus,
1199 1519 1431 1574 Sciographia‚
1446 1522 1616 1558 notionem
1627 1520 1673 1557 ad
1687 1523 1815 1574 opticen
1823 1534 1880 1557 re-

283 1575 388 1629 fi’rre
406 1576 494 1615 velis
506 1607 516 1623 ‚
535 1576 588 1614 nil
594 1591 717 1615 moror.
738 1577 824 1615 illud
830 1587 946 1614 tamen
955 1576 1150 1615 addendum
1159 1575 1335 1630 neceffarto
1349 1575 1498 1615 arbitror
1509 1606 1520 1623 ,
1538 1586 1579 1612 ut
1588 1586 1746 1629 quartam
1757 1574 1880 1630 disposi-

288 1634 391 1670 tionis
402 1632 514 1670 ideam
524 1631 679 1683 adjicias,
697 1643 863 1686 tanquam
873 1646 946 1671 rem
955 1638 1061 1686 magis
1070 1633 1189 1670 utilem
1200 1629 1244 1672 ό
1254 1629 1478 1686 necffzriam‚
1492 1631 1647 1686 quamsit
1656 1633 1768 1684 optice.
1800 1633 1880 1670 Co-

290 1699 397 1728 natur
406 1691 516 1726 etiam
529 1691 754 1739 argumentis
765 1689 863 1727 idem
873 1690 1021 1726 suadere
1033 1718 1040 1725 .
1064 1690 1200 1738 quibus
1210 1691 1325 1728 allatis
1346 1688 1540 1726 concludit
1558 1709 1568 1736 3
1586 1686 1746 1740 quomodo
1757 1684 1823 1724 haec
1833 1685 1882 1724 ad

289 1747 420 1796 opticen
425 1746 600 1797 pertinere
609 1744 710 1784 dices,
724 1746 761 1781 in
773 1759 836 1797 quo
847 1742 937 1782 nihil
944 1744 1091 1797 elegans,
1104 1742 1163 1781 hoc
1174 1747 1224 1781 eft
1235 1771 1242 1783 ,
1254 1744 1455 1794 distinolum
1467 1775 1476 1789 ‚
1495 1741 1587 1780 nihil
1593 1752 1669 1796 apte
1677 1743 1879 1787 collocatum,

290 1796 533 1852 nibilamplius
542 1814 647 1853 quam
659 1798 753 1852 visus
753 1799 893 1851 fadacia
904 1798 1165 1852 &incomperta
1183 1798 1358 1837 delectatio
1368 1803 1416 1837 eft
1430 1801 1448 1834 ?
1461 1801 1614 1849 Egregie
1625 1799 1807 1849 profecto.
1837 1799 1877 1834 Si

293 1856 394 1892 enim
405 1856 686 1906 Ichnographiae
697 1859 734 1894 ὃ(
746 1856 1035 1906 Orthographiae
1047 1857 1192 1893 tertiam
1203 1856 1296 1893 hanc
1308 1867 1450 1908 partem
1463 1885 1473 1900 ,
1492 1858 1538 1891 de
1547 1867 1618 1903 qua
1627 1855 1790 1901 loquitur
1799 1854 1875 1890 Da-

290 1909 388 1953 niel,
406 1910 516 1946 addas
530 1939 539 1954 ‚
563 1913 665 1948 nulla
677 1913 744 1947 erit
754 1924 834 1961 pars
844 1911 984 1949 aedificii
994 1923 1107 1960 quam
1119 1923 1200 1949 non
1210 1911 1400 1948 dimetiate
1414 1924 1421 1947 ε
1439 1912 1489 1947 ita
1499 1920 1539 1946 ut
1550 1908 1750 1945 architecto
1763 1937 1772 1953 ‚
1786 1921 1876 1958 qua-

291 1975 402 2001 tenus
413 1965 457 2000 ad
467 1965 714 2002 dimensiones
725 1968 882 2015 pertinet
895 1995 904 2009 ‚
923 1967 1028 2002 nullo
1041 1976 1247 2016 prototypo
1260 1965 1300 2002 fit
1309 1978 1403 2015 opus
1415 1992 1423 2000 .
1447 1974 1664 2012 quanquam
1675 1975 1755 2000 non
1765 1975 1876 2013 nega-

291 2021 379 2063 rim,
389 2019 562 2068 ligneam,
576 2030 637 2056 aut
646 2033 690 2057 ex
704 2022 770 2056 alia
783 2022 933 2057 materia
944 2020 1058 2057 futuri
1068 2020 1212 2056 aedificii
1223 2019 1385 2057 formam
1399 2045 1406 2059 ,
1420 2019 1523 2068 quod
1534 2020 1643 2056 etiam
1656 2021 1799 2056 notavit
1810 2021 1876 2056 Al-

291 2075 431 2119 bertus,
443 2077 641 2112 maximam
651 2074 857 2112 architectis
869 2074 906 2111 &
916 2074 1024 2112 fabris
1036 2072 1162 2111 afferre
1174 2086 1252 2111 non
1266 2075 1583 2112 commoditatem
1595 2074 1727 2118 modo,
1740 2074 1798 2110 sed
1810 2076 1877 2112 uti-

286 2131 440 2167 litatem.
470 2131 561 2166 Hinc
571 2131 677 2174 enim,
692 2141 732 2168 ut
743 2132 792 2167 ait
802 2130 992 2167 Philander
1000 2127 1145 2180 ‚futura
1154 2126 1458 2181 deprehenduntur
1469 2139 1595 2167 errata,
1610 2123 1653 2167 ὠ
1663 2130 1803 2166 minimo
1812 2131 1875 2166 im-

279 2183 417 2238 pendio,
431 2185 587 2237 nulloque
596 2184 812 2225 incommodo,
819 2183 1023 2237 priusquam
1023 2184 1132 2234 fiant,
1142 2184 1363 2236 castigantur.
1387 2185 1477 2222 Haec
1488 2184 1620 2221 Baldus
1633 2213 1640 2221 .
1659 2185 1700 2221 ln
1711 2186 1875 2223 editione

292 2238 449 2293 jocundi
461 2253 545 2278 ann.
561 2253 574 2277 1
589 2254 632 2284 52
642 2242 815 2291 3.legitur
833 2239 1127 2291 Scenographia:
1149 2250 1259 2288 atque
1269 2241 1314 2277 ad
1325 2241 1484 2277 eundem
1503 2241 1663 2278 modum
1673 2242 1712 2277 in
1731 2242 1874 2292 Argen-

291 2296 468 2332 toratcnfi
477 2298 564 2332 anni
579 2308 689 2344 1543.
703 2296 823 2333 codex
836 2308 990 2345 quoque
1001 2294 1178 2332 Arundcl.
1190 2297 1278 2345 legit
1289 2296 1572 2346 Scenographia.

347 2352 371 2387 S
385 2364 405 2387 c
417 2365 440 2387 o
455 2366 475 2388 R
488 2365 506 2388 P
521 2365 532 2388 1
547 2363 572 2387 o
585 2365 609 2387 N
622 2366 640 2388 E
654 2365 681 2387 s.
711 2351 796 2389 Lib.
814 2365 843 2388 1.
857 2363 936 2403 cap.
955 2365 985 2395 5.
1017 2348 1263 2402 Scorpionibm,
1278 2349 1483 2404 reliquifqne
1497 2352 1641 2388 telorum
1654 2349 1873 2402 missionibus,

293 2399 370 2444 &a
401 2406 552 2443 Baldus:
574 2408 634 2445 De
652 2407 791 2445 horum
810 2418 923 2456 atque
942 2407 1213 2457 catapultarum
1232 2407 1433 2444 rationibus
1451 2410 1526 2457 agit
1546 2408 1737 2445 Vitruvius
1755 2408 1816 2444 lib.
1838 2421 1871 2445 x.

291 2473 373 2511 cap.
389 2474 402 2498 1
417 2474 447 2505 5.
477 2463 658 2510 Vegetius
669 2463 867 2500 confundit
878 2464 1103 2513 Scorpiones
1115 2474 1201 2498 cum
1211 2465 1370 2511 onagris,
1383 2474 1596 2512 quanquam
1608 2475 1729 2501 revera
1741 2465 1870 2512 onagri

291 2517 314 2554 ὲ
324 2516 592 2568 scorpionibus
602 2515 778 2554 differant.
810 2519 878 2554 His
892 2522 928 2557 δε
943 2518 1134 2568 catapultis
1144 2517 1278 2566 sagittae
1292 2519 1550 2557 mittebantur,
1573 2519 1715 2556 ballistis
1726 2531 1813 2556 vcro
1823 2519 1870 2554 la-

289 2572 413 2622 pides,
433 2572 531 2609 unde
544 2570 712 2615 NJoCo'Aoi
732 2574 865 2610 Graeco
876 2576 1030 2611 nomine
1051 2572 1279 2610 dicebantur.
1310 2574 1550 2611 Marcellinus
1562 2574 1748 2611 diminuto
1758 2585 1869 2610 voca-

290 2628 382 2665 bulo
394 2629 483 2665 dixit
493 2626 682 2680 Scorpidia‚
693 2628 730 2665 id
741 2627 803 2672 est,
815 2630 978 2666 minores
989 2630 1218 2679 Scorpiones
1228 2629 1286 2665 seu
1297 2630 1600 2679 Scorpiunculos.
1613 2629 1786 2677 Polybius
1795 2639 1866 2676 pro

291 2694 425 2730 genere
435 2695 631 2733 parvarum
644 2683 864 2721 ballistarum
876 2684 1068 2734 usurpavit.
1079 2696 1156 2732 quo
1167 2682 1502 2734 sensuaccipiuntur
1519 2684 1690 2721 Machab.
1702 2685 1724 2719 l.
1743 2695 1773 2718 1.
1785 2694 1816 2717 c.
1829 2688 1864 2718 6.

290 2739 423 2788 Scorpio
433 2737 666 2784 dicitur‚teste
678 2737 948 2791 Vegeti0‚qu0d
956 2738 1107 2775 aculeum
1117 2735 1215 2774 habet
1225 2739 1451 2777 erec71im.1'cd
1463 2740 1538 2777 hoc
1548 2740 1591 2775 de
1603 2740 1669 2775 alia
1679 2735 1864 2782 machina,

292 2800 333 2827 ut
343 2792 572 2830 dicebamus.
602 2795 647 2832 de
658 2795 783 2833 usitata
792 2807 881 2832 vero
891 2794 990 2832 idem
1000 2794 1054 2831 his
1071 2794 1189 2831 verbis
1202 2807 1208 2830 :
1231 2796 1425 2846 scorpiones
1436 2793 1589 2832 dicebant
1598 2806 1683 2843 quas
1691 2804 1782 2826 num
1792 2805 1865 2827 ma-

291 2843 538 2895 nltball'stas-stc
548 2852 663 2886 vocati
674 2876 681 2889 ,
704 2849 795 2902 quod
795 2854 921 2902 parvi?
929 2847 1177 2901 subtilibusque
1185 2848 1321 2900 spiculis
1332 2859 1474 2886 mortem
1482 2846 1663 2897 inferrent.
1681 2849 1716 2883 ὅ(
1731 2845 1805 2883 hoc
1817 2848 1864 2885 de

290 2901 519 2938 minoribus.
540 2906 674 2942 etenim
687 2917 825 2943 veteres
843 2908 1003 2951 majores
1015 2905 1248 2952 minoresque
1257 2904 1417 2941 habuisse
1428 2903 1661 2950 scorpiones,
1677 2912 1801 2951 aperte
1812 2914 1863 2940 te-

289 2955 400 2994 statur
408 2956 534 2996 Livius
543 2957 604 2994 lib.
613 2966 673 2996 26.
689 2961 807 2998 Ratio
819 2962 983 2999 nominis
993 2960 1055 3004 cst,
1066 2959 1123 2996 seu
1135 2959 1239 3008 quod
1251 2961 1371 3009 parvis
1380 2957 1608 3009 spiculis,ceu
1619 2957 1860 3008 Semnones,

1784 3013 1860 3051 inu
