2023 3162
480 83 1099 122 nfiAnenirreTvRA
1157 81 1393 122 L13.1X.
1657 98 1726 132 193

141 154 331 204 pricorno.
347 150 462 201 Supra
475 153 511 188 in
531 152 720 190 altitudine
733 178 741 190 ,
764 151 903 200 Aquila
914 152 951 189 ὅτ
963 151 1186 201 Delphinus.
1209 150 1426 189 Secundum
1438 162 1504 190 eos
1523 152 1572 190 est
1582 152 1731 204 Sagitta.

141 208 204 247 Ab
223 218 266 243 ea
283 217 410 244 autem
421 207 598 245 Volucris
612 237 621 249 ‚
641 209 700 253 [o]
714 209 814 253 cujus
826 218 946 257 penna
964 206 1089 244 dextra
1099 205 1243 258 Cephei
1263 218 1417 245 manum
1437 211 1633 259 attingit&
1655 211 1731 247 sce-

141 274 267 314 ptrum
281 290 292 306 ‚
314 262 404 300 lazva
423 261 525 313 supra
537 261 776 312 Calliopcam
788 263 973 300 innititur:
991 261 1057 300 sub
1070 262 1164 301 Avis
1186 262 1302 300 cauda
1324 265 1395 314 [p]
1409 264 1519 314 pedes
1536 266 1631 314 Equi
1650 264 1730 303 sunt

139 318 314 363 subteffl,
344 317 395 369 [q]
413 318 500 356 inde
517 318 715 367 Sagittarii,
739 318 980 369 Scorpionis,
1002 317 1142 356 Librae:
1163 319 1306 369 insuper
1327 321 1388 366 [r]
1404 320 1559 371 Serpens
1578 319 1731 358 summo

138 373 258 412 rostro
272 375 473 411 Coronam
488 375 604 422 tangit
616 387 622 409 ε
634 374 678 410 :id
690 385 777 410 eum
790 373 958 411 medium
970 373 1196 424 Ophiuchus
1208 375 1245 410 in
1257 375 1423 413 manibus
1443 372 1515 427 [s]
1536 386 1637 414 tenet
1649 378 1731 414 Ser-

139 441 291 481 pentem
306 457 315 472 ,
334 429 427 467 laevo
438 428 533 479 pede
544 430 689 466 calcans
701 428 866 466 frontem
879 430 1098 479 Scorpionis
1110 457 1120 474 ,
1143 430 1304 467 mediam
1316 441 1456 481 partem
1469 432 1660 483 Ophiuchi
1671 445 1733 469 ca-

139 486 238 537 pitis.
268 485 361 522 Non
381 485 495 534 longe
514 484 672 536 politum
685 483 734 520 est
746 495 856 535 caput
867 487 966 530 ejus,
985 484 1194 534 quidicitur
1205 486 1312 522 nixus
1333 488 1370 524 in
1389 487 1553 536 genibus.
1585 489 1730 526 Eorum

140 551 267 578 autem
280 539 464 577 faciliores
473 539 552 577 sunt
564 542 620 586 [t]
635 540 798 591 capitum
816 542 972 579 vertices
984 540 1028 577 ad
1040 541 1348 590 cognoscendum
1360 568 1367 582 ‚
1394 544 1499 593 quod
1511 556 1590 581 non
1600 543 1734 582 obscu-

140 597 188 633 ris
206 596 314 634 stellis
333 595 413 632 sunt
434 594 676 633 conformati.
707 596 776 633 Pes
792 597 1033 646 ingeniculati
1054 598 1127 642 [u]
1139 596 1184 632 ad
1201 597 1238 633 id
1255 596 1410 636 fulcitur
1429 600 1559 650 capitis
1582 610 1733 651 tempus

141 651 327 703 Serpentis
341 652 429 700 ,qui
447 650 496 688 est
512 652 607 688 inter
618 651 756 689 Areios
778 651 865 700 (qui
886 652 1178 701 Septemtriones
1199 651 1396 703 dicuntur)
1415 656 1643 705 implicatus:
1664 658 1733 702 [x]

140 719 252 758 parve
270 718 334 757 pet
350 718 417 743 eos
439 706 595 744 ficentur
606 706 816 757 Delphinus
831 722 838 744 :
859 718 992 744 contra
1003 707 1178 744 Volucris
1190 707 1347 746 rostrum
1360 710 1410 746 est
1420 710 1538 760 polita
1550 713 1657 760 Lyra.
1677 713 1735 749 In-

142 774 197 800 tcr
208 763 386 800 humeros
399 761 572 800 Custodis
584 763 619 800 δε
633 763 842 800 Geniculati
855 763 1014 800 Corona
1025 761 1075 799 est
1087 773 1227 800 ornata.
1258 765 1301 801 In
1320 766 1622 815 septemtrionali
1641 778 1734 805 vero

141 820 299 863 circulo,
311 818 389 855 duae
400 816 523 868 pofitae
535 814 616 855 sunt
627 818 746 861 Arcti,
769 817 997 868 scapularum
1006 816 1121 855 dorsis
1134 819 1229 856 inter
1239 817 1272 856 se
1283 819 1511 870 compositae.
1524 823 1738 871 pectoribus

142 873 270 912 aversae
284 902 294 918 ,
315 870 336 910 ὲ
357 874 489 922 quibus
508 875 634 911 minor
655 874 725 924 [y]
750 872 931 923 κιωόζὲςρρι
944 903 954 919 ,
975 875 1098 919 major
1115 871 1211 918 ἑλικῆ
1230 873 1251 911 ἐι
1273 875 1411 913 Graecis
1430 878 1652 926 appellatur,
1673 890 1736 915 ea-

143 941 300 980 rumque
313 931 432 980 capita
449 930 543 966 inter
560 930 594 966 se
605 929 839 980 despicientia
850 929 931 968 sunt
942 930 1156 968 constituta:
1187 931 1311 969 caudae
1329 932 1511 982 capitibus
1524 945 1652 970 earum
1672 933 1736 970 ad-

143 985 247 1025 versae
265 994 471 1034 contraque
490 984 668 1036 dispositae
688 985 899 1036 figurantur.
932 988 996 1034 [z]
1014 985 1280 1037 Utrorumque
1299 989 1399 1025 enim
1416 987 1623 1038 superando
1644 990 1736 1026 emi-

1098 1042 1127 1079 B
1141 1043 1164 1080 b
1626 1054 1732 1086 nent,

184 1140 220 1168 est
231 1139 404 1177 Capricorno.
426 1140 563 1166 Caeterum
572 1146 698 1165 extrcmae
708 1146 760 1164 tres
770 1136 820 1164 311ae
829 1136 959 1165 dictiones
969 1157 976 1169 ,
995 1136 1070 1175 snpra
1082 1136 1109 1162 in
1118 1134 1286 1162 altitudinem
1299 1155 1306 1167 ,
1326 1133 1469 1163 referendae
1481 1131 1538 1161 sunt
1551 1133 1582 1161 ad
1592 1132 1736 1171 sequentia,

183 1189 212 1209 ut
223 1180 326 1220 legatur
338 1200 345 1210 .
354 1184 435 1216 Supra
444 1181 471 1206 in
479 1179 644 1206 altitudinem
654 1177 755 1216 Aqmla
767 1177 800 1211 (7-
812 1177 963 1215 Delphinus.
987 1180 1030 1204 An
1042 1185 1105 1205 vero
1117 1177 1254 1203 Vitruvius
1266 1174 1353 1203 casum
1364 1175 1516 1215 genitivum
1524 1184 1573 1212 pro
1582 1174 1675 1202 dativo
1686 1183 1739 1212 po-

183 1220 270 1254 suerit,
281 1220 332 1248 hoc
341 1220 386 1251 est,
397 1229 429 1246 an
440 1219 595 1258 Capricorni
605 1228 654 1257 pro
664 1218 830 1256 Capricorno
840 1216 979 1256 scripserit,
990 1227 1043 1245 non
1052 1216 1137 1244 audeo
1147 1213 1289 1244 affirmare.

142 1262 169 1296 o]
210 1263 293 1290 Idem.
315 1261 340 1288 Si
351 1259 482 1298 sceptrum
492 1260 543 1288 live
554 1259 682 1288 caduceus
693 1259 719 1286 in
730 1259 847 1286 austrinis
858 1259 903 1290 est,
913 1267 942 1286 ut
952 1269 984 1286 ex
994 1256 1151 1296 Hipparcho
1161 1256 1242 1284 tradit
1254 1256 1374 1288 Procius,
1385 1256 1459 1283 locus
1470 1253 1513 1287 hic
1523 1253 1678 1294 depravatus
1690 1254 1736 1287 est,

189 1298 328 1330 &fortaffe
341 1311 389 1340 pto
396 1300 527 1340 sceptrum
538 1300 680 1341 legendum
692 1301 856 1338 Serpentem,
867 1308 896 1327 nt
908 1308 968 1327 eum
979 1299 1113 1338 intelligas
1125 1317 1132 1330 ‚
1148 1298 1195 1336 qui
1205 1297 1240 1325 est
1250 1298 1320 1324 inter
1331 1297 1438 1325 ArEtos.

141 1342 170 1379 p]
204 1343 289 1371 Idem.
311 1344 414 1370 Dexter
422 1341 529 1379 quidem
541 1343 607 1380 Equi
618 1351 662 1379 pes
673 1340 704 1368 ad
717 1340 780 1368 Avis
792 1340 901 1368 caudam
910 1341 1007 1380 vergit.
1028 1341 1092 1367 Avis
1104 1347 1194 1366 aurern
1205 1341 1230 1366 δι
1243 1338 1346 1366 Gallina
1355 1336 1371 1366 a
1383 1335 1516 1365 nonnullis
1527 1344 1646 1364 vocatur.

141 1383 172 1422 q]
207 1383 290 1411 Idem.
314 1383 443 1410 Existimo
452 1381 626 1413 scribendum,
640 1382 703 1409 lnde
716 1381 899 1421 Sagittarium,
910 1382 1094 1420 Scorpionem,
1106 1378 1214 1407 Libram
1224 1377 1336 1418 insuper.
1350 1387 1395 1408 ant
1406 1378 1474 1407 deest
1486 1376 1568 1405 dictio
1580 1377 1662 1418 figna,
1672 1376 1737 1405 alia-

185 1433 216 1452 ve
225 1422 362 1459 ejusmodi.
373 1431 417 1451 aut
428 1421 558 1450 subaudiit
570 1444 576 1456 ,
595 1422 666 1461 quod
676 1431 753 1450 antea
766 1422 960 1450 admonuimus.

142 1464 169 1497 r]
206 1464 289 1491 Idem.
313 1462 451 1502 Ophiuchi
469 1465 580 1502 Serpens
591 1464 675 1491 rostro
687 1462 792 1492 summo
803 1464 891 1503 tangit
911 1461 1039 1491 Ariadnes
1050 1470 1187 1490 coronam.
1207 1460 1266 1489 Alia
1275 1469 1340 1490 vero
1351 1460 1386 1489 est
1396 1459 1508 1488 austrina
1520 1479 1527 1492 ,
1548 1467 1628 1498 quam
1640 1456 1739 1488 Bacchi

184 1500 260 1532 fuiffe
269 1504 376 1543 plurimi
387 1500 511 1532 afferunt.
663 1509 668 1515 ·

139 1542 168 1582 s]
198 1544 282 1573 Idem.
306 1546 398 1586 Lego,
427 1546 508 1573 Laevo
519 1544 583 1584 pede
593 1544 692 1582 calcans
703 1542 821 1572 frontem
833 1546 899 1573 Scor
920 1544 987 1572 ionis
999 1565 1006 1577 ,
1026 1544 1140 1572 mediam
1152 1550 1255 1582 partem
1270 1541 1523 1581 Opthchicapitis.
1545 1542 1581 1569 Vt
1594 1540 1623 1569 fit
1643 1539 1737 1572 sensus,

181 1584 343 1625 Ophiuchus
359 1585 429 1613 laevo
437 1585 545 1624 quidem
564 1586 629 1625 pede
639 1586 722 1614 calcat
732 1586 884 1624 Scorpionis
893 1554 1010 1613 goarem
1019 1606 1026 1616 .
1042 1594 1067 1612 at
1078 1585 1098 1612 is
1110 1586 1232 1622 Serpens,
1252 1592 1332 1621 quem
1342 1591 1416 1611 tenet
1434 1581 1593 1620 Ophiuchus
1604 1601 1611 1612 ,
1631 1581 1741 1619 capit&

183 1627 270 1667 cingit
281 1626 395 1654 mediam
406 1634 507 1665 partem
518 1626 595 1665 ipsius
614 1625 761 1665 Ophiuchi.
785 1626 906 1665 deam
917 1626 1089 1665 conjungunt
1106 1624 1258 1663 sequentem
1269 1622 1410 1651 clausulam
1422 1644 1429 1654 ‚
1447 1621 1499 1649 hoc
1511 1621 1594 1649 modo
1604 1620 1738 1660 legentes,

181 1668 224 1695 Ad
235 1675 337 1705 partem
348 1667 485 1705 Ophiuchi
495 1667 588 1706 capitis
599 1678 653 1695 non
663 1667 745 1706 longe
756 1667 872 1704 politum
884 1667 918 1695 est
929 1675 1018 1704 eaput,
1029 1670 1080 1694 &c.
1105 1665 1214 1693 Dicitur
1224 1672 1314 1692 autem
1325 1661 1486 1701 Ophiuchus
1497 1661 1530 1689 ab
1541 1664 1634 1693 Arato,
1645 1664 1669 1689 &-
1680 1661 1738 1696 ejus

182 1708 327 1746 interprete
338 1708 520 1746 Theone.atq;
532 1708 713 1746 Proclo,quali
724 1706 862 1743 ὀφιόεχὲυ,
873 1707 944 1745 quod
955 1709 1111 1745 Serpentem
1122 1714 1220 1733 teneat.
1231 1705 1295 1733 Non
1306 1712 1394 1731 tamen
1403 1698 1554 1735 defuerunt,
1564 1703 1609 1741 qui
1621 1701 1740 1740 Ophinl-

183 1757 246 1776 cnm
257 1769 263 1780 ,
280 1748 350 1787 quali
361 1747 588 1786 Serpentitrahum
598 1748 749 1776 scriberent.
763 1746 803 1775 sed
815 1749 904 1786 potior
916 1746 982 1775 mihi
993 1748 1065 1785 prior
1075 1745 1203 1774 sententia
1214 1743 1265 1773 visa
1273 1744 1318 1772 est.

142 1791 168 1825 t]
205 1788 288 1816 Idem.
312 1789 559 1827 Maleinterpuncsta
569 1789 604 1816 est
615 1787 736 1816 clausula.
755 1787 806 1815 hoc
817 1789 898 1819 enim.
911 1788 936 1814 in
948 1787 1072 1828 genibus.
1086 1786 1230 1826 legendum
1241 1795 1303 1814 cum
1314 1783 1365 1813 fine
1376 1783 1522 1823 superioriS,
1535 1781 1575 1811 sed
1585 1792 1634 1821 pro
1641 1778 1740 1810 Nessus

183 1827 351 1857 scribendum
362 1828 439 1861 nisus,
450 1838 494 1857 aut
504 1831 591 1861 nixus,
604 1830 629 1856 in
645 1829 716 1856 hunc
729 1828 855 1856 modum:
877 1828 940 1863 Ejus
950 1829 993 1866 qui
1002 1828 1099 1856 dicitur
1108 1829 1182 1855 nixus
1194 1827 1219 1854 in
1227 1825 1351 1862 genibus.
1371 1825 1466 1853 deinde
1477 1823 1598 1862 sequatur
1612 1835 1619 1855 ;
1635 1823 1738 1850 Eorum

185 1878 275 1897 autem
284 1866 425 1899 faciliores.
438 1872 490 1897 &c.
512 1871 599 1897 Graeci
609 1869 635 1897 ἐν
647 1865 725 1908 y'vom
736 1869 877 1907 appellant,
889 1870 976 1896 Latini
985 1867 1179 1908 ingenicnlum,
1191 1876 1219 1895 ut
1227 1859 1317 1895 ‘scribit
1330 1865 1411 1893 lulius
1422 1865 1548 1892 Firmicus
1560 1863 1606 1892 lib.
1617 1873 1656 1890 vr.
1669 1864 1741 1892 Ovi-

185 1909 242 1937 dius
253 1909 299 1937 lib.
313 1919 380 1936 virt.
403 1909 689 1948 Metamorph.nixum
697 1919 779 1949 genu.
801 1910 926 1937 Manilius
943 1908 989 1936 lib.
1002 1919 1026 1937 v.
1050 1909 1140 1936 nixam
1149 1917 1221 1948 genu
1230 1906 1343 1945 speciem
1352 1906 1428 1933 dixit.
1449 1906 1517 1933 Eum
1528 1904 1648 1944 Higinus
1658 1903 1739 1932 tradit

184 1946 258 1978 fuisse
269 1950 415 1978 Herculem
427 1971 434 1982 ,
453 1950 497 1986 qui
507 1960 578 1990 genu
588 1950 683 1978 dextro
696 1951 770 1977 nixus
781 1970 788 1981 ,
809 1949 909 1977 linistro
920 1949 984 1987 pede
993 1948 1085 1986 capitis
1106 1948 1235 1976 Draconis
1246 1947 1367 1975 dextram
1380 1954 1481 1984 partem
1493 1945 1643 1983 opprimere
1655 1953 1741 1972 cona-

185 1999 237 2018 tur.
257 1989 341 2018 Causa
351 1991 447 2018 erroris
457 1988 508 2019 fuit
520 2011 527 2023 ‚
547 1991 619 2028 quod
630 1990 737 2018 librario
747 1987 834 2017 fabula
845 1991 934 2017 notior
943 1985 1008 2017 effer
1020 1985 1094 2016 Neffi
1106 1988 1252 2018 Centauri.
1264 1988 1308 2025 qui
1319 1986 1451 2015 Deianirae
1462 1985 1586 2013 Herculis
1597 1987 1673 2013 uxori
1686 2006 1692 2017 ,
1704 1983 1739 2012 ab

185 2029 242 2067 ipso
252 2030 348 2069 sagitta
358 2031 508 2059 vulneratus
519 2051 527 2063 ,
544 2040 573 2059 ut
585 2039 700 2059 mortem
709 2029 779 2058 suam
791 2030 934 2058 vindicaret
945 2051 950 2062 ,
973 2028 1095 2068 persuasit
1106 2038 1135 2058 ut
1147 2030 1246 2056 vestem
1257 2027 1302 2056 suo
1311 2027 1439 2068 sanguine
1450 2026 1525 2054 litam
1535 2047 1542 2058 ,
1563 2036 1617 2064 quo
1628 2025 1740 2053 illumin

189 2070 226 2098 sui
234 2080 325 2098 amore
334 2071 468 2101 retineret,
479 2072 607 2100 mitteret.
630 2073 693 2110 Qa
705 2070 811 2099 indutus
821 2071 888 2099 adeo
896 2071 1027 2099 eruciatus
1039 2069 1085 2102 est,
1095 2079 1123 2098 ut
1133 2068 1211 2108 seipse
1222 2070 1248 2096 in
1258 2067 1521 2107 pyramconjecerit.
1533 2064 1619 2094 Semel
1627 2074 1740 2095 moneo,

190 2121 223 2139 ex
233 2111 355 2149 Higino.
374 2115 398 2139 ὅ(
409 2108 485 2139 Baffo
497 2132 504 2142 ,
522 2113 603 2151 quiin
614 2112 745 2140 Caesaretn
765 2112 958 2141 Germanicum
975 2111 1178 2140 Commentaria
1188 2109 1289 2148 scripfit
1301 2129 1307 2142 ,
1327 2108 1440 2147 petenda
1450 2103 1500 2135 effe
1512 2127 1519 2139 ,
1540 2116 1598 2145 quae
1617 2106 1648 2134 ad
1660 2104 1741 2133 histo-

191 2152 257 2179 riam
268 2160 312 2179 aut
321 2148 437 2179 fabulam
447 2152 567 2190 syderum
578 2153 738 2190 pertineant.

150 2193 181 2228 u]
211 2191 296 2219 Idem.
319 2192 406 2219 Locus
418 2190 461 2219 hic
472 2202 525 2220 non
536 2201 612 2220 vacat
622 2192 726 2220 menda.
749 2193 817 2220 Eum
828 2192 862 2219 fic
872 2187 945 2229 posse
956 2191 1054 2219 restitui
1066 2191 1197 2219 existimo:
1210 2189 1267 2228 Qi
1279 2189 1314 2216 est
1324 2189 1395 2216 inter
1406 2189 1493 2216 arctos
1505 2186 1565 2224 (qui
1575 2187 1740 2225 Septentrio-

191 2241 237 2260 nes
248 2232 388 2265 dicuntur)
400 2231 560 2270 implicatus.
578 2234 648 2260 Nam
659 2232 856 2272 ingeniculatus
867 2232 978 2270 fingitur
989 2232 1068 2259 inniti
1076 2231 1155 2269 capiti
1165 2229 1296 2258 Draconis
1307 2250 1314 2262 ,
1335 2229 1381 2268 qui
1391 2229 1461 2257 inter
1471 2228 1558 2255 arCtos
1570 2247 1577 2260 ,
1596 2228 1622 2256 id
1631 2228 1667 2256 est
1674 2227 1742 2256 ursas

192 2272 323 2309 majorem
334 2276 359 2300 ὅ(
370 2272 503 2301 minorem
513 2272 672 2311 implicatur.
696 2272 796 2310 Vergil.
806 2275 909 2311 Georg.
922 2272 969 2299 lib.
979 2281 999 2299 ι.

541 2315 677 2340 Maximm
687 2312 729 2340 hic
746 2311 816 2348 flexu
827 2311 925 2349 finuosb
934 2312 1046 2340 elabitur
1055 2311 1145 2348 anguis
1154 2330 1161 2339 ‚

541 2355 644 2380 Circum
653 2360 745 2390 perque
756 2353 819 2379 duas
829 2355 855 2379 in
866 2362 960 2379 morem
972 2351 1091 2390 fluminis
1103 2351 1193 2378 ardus.

190 2396 287 2434 Neque
297 2402 387 2421 tamen
398 2393 600 2422 existimandum
612 2393 649 2420 ita
658 2390 708 2420 effe
719 2393 746 2420 in
758 2392 841 2424 coelo,
850 2392 1076 2430 quemadmodum
1086 2391 1169 2430 vulgo
1177 2392 1333 2431 pinguntur,
1344 2389 1386 2418 sed
1399 2389 1526 2425 majorem
1536 2387 1587 2419 effe
1598 2391 1671 2427 juxta
1679 2400 1742 2421 cau-

189 2435 250 2464 dam
260 2435 392 2463 Draconis
403 2456 410 2466 ,
430 2435 565 2462 minorem
577 2443 641 2462 vero
652 2435 676 2460 in
689 2432 753 2471 spira
762 2455 768 2464 .
791 2433 867 2460 licuti
885 2434 959 2461 Arati
969 2434 1085 2461 carmine
1095 2453 1101 2465 ,
1123 2435 1147 2460 3<
1159 2432 1295 2460 Ptolemaei
1314 2439 1420 2471 magnae
1431 2432 1635 2461 construstionis
1651 2443 1740 2471 opere,

193 2475 267 2515 quod
278 2484 376 2503 vocant
386 2474 656 2515 almagestum,atque
665 2474 732 2502 adeo
743 2484 769 2501 re
779 2472 829 2512 ipsa
838 2473 912 2502 docti
923 2474 1018 2502 sumus.

150 2518 182 2552 x]
213 2516 296 2544 Idem.
316 2517 342 2543 Si
353 2516 491 2544 Vitruvius
500 2515 565 2544 duos
579 2516 667 2552 Equos
678 2515 781 2552 putavit
792 2510 843 2542 effe
856 2535 863 2546 ,
878 2514 929 2542 hoc
940 2515 974 2543 est
987 2515 1004 2542 fi
1015 2512 1143 2553 Pegasum
1152 2534 1158 2545 ,
1170 2516 1195 2541 ὅ(
1206 2514 1273 2552 Equi
1283 2512 1426 2541 sectionem
1434 2512 1557 2553 agnovit,
1566 2521 1633 2550 quos
1643 2514 1666 2539 8.-
1676 2512 1745 2539 Pto-

191 2557 298 2585 lemaeus
309 2560 334 2584 &
347 2554 469 2584 Alfonfias
480 2552 531 2584 effe
540 2549 830 2588 crediderunt,f0rtaffe
840 2554 891 2583 hoc
902 2555 965 2583 loco
973 2555 1130 2596 legendum,
1140 2554 1208 2593 Equi
1219 2556 1292 2593 parvi
1302 2563 1348 2594 per
1358 2554 1425 2582 os.Si
1435 2563 1518 2582 unum
1528 2561 1633 2581 tantum
1644 2552 1742 2588 statuit,

195 2597 287 2636 Pegasi
298 2607 344 2636 per
352 2607 381 2624 os
391 2596 568 2625 scribendum.

153 2639 183 2676 y]
215 2639 300 2666 Idem.
322 2641 364 2667 De
374 2637 404 2666 iis
417 2638 591 2667 Germanicus
603 2635 688 2664 Caesar
698 2636 724 2664 in
737 2639 839 2664 Arato:

546 2680 596 2706 Hic
605 2679 673 2705 Iovis
683 2677 784 2705 altrices
799 2677 884 2706 Helice
899 2679 1077 2717 Cynofiaraque
1089 2677 1202 2715 fulgent.

547 2722 607 2746 Dat
618 2719 702 2745 Gratis
712 2718 797 2745 Helice
805 2718 888 2753 curfiu
901 2719 1040 2757 majoribus
1052 2719 1123 2755 astris
1131 2739 1139 2749 ,

552 2759 684 2786 Phoem‘cas
701 2759 832 2793 Cynofiara
846 2761 920 2795 regit.

179 2803 271 2834 Versus
282 2805 357 2834 Arati
369 2804 427 2834 sunt
437 2825 445 2837 ‚
549 2804 583 2832 Oi
593 2801 642 2832 τίω)
660 2803 685 2839 ᾗ)
694 2804 835 2842 κτωέζερμν
854 2801 984 2835 ἶπῖιληστι»
994 2805 1118 2840 ,φιλέω-ιν,

546 2842 602 2873 Th)
612 2845 641 2879 dl:
652 2842 748 2881 ἔπ’ξῖω,
767 2843 868 2873 ἓλικᾶἆ.
885 2845 996 2884 ἓλικῇν
1005 2842 1118 2883 {utiquc
1129 2843 1219 2878 αἰχμὰ

551 2887 593 2914 Ei·
603 2886 650 2912 εἰλὶ
666 2884 816 2924 πκμριῖρσνῦ
829 2905 835 2916 ,
855 2885 955 2926 ἷιοὶὲξῆ
970 2890 1026 2916 risu
1039 2887 1133 2918 εἰννέιν.

547 2927 622 2964 Τῇἐῖ
634 2922 686 2962 d‘gy.
695 2925 802 2956 Φιίνικες
815 2923 916 2954 πῖπωοι
928 2928 1023 2963 περόωσι
1033 2925 1174 2959 θάλειαι-ια.

158 2972 198 3008 ι]
220 2970 305 3002 Idem.
325 2974 389 3003 Non
398 2971 456 3003 satis
477 2970 544 3009 mihi
553 2970 597 3002 hic
615 2971 690 3001 locus
701 2970 871 3013 intelligitur.
891 2972 1072 3012 Scriptionem
1084 2971 1196 3012 quidem
1217 2970 1346 3001 mendum
1356 2970 1494 3004 continere
1515 2982 1570 3003 non
1579 2970 1676 3003 dubito
1687 2993 1694 3005 ,
1711 2971 1753 3000 scd

1633 3012 1754 3044 nondum
