2023 3162
596 84 1304 126 DEPICTVRALiR.1.
1667 100 1708 127 η

133 152 330 191 transverse
356 152 564 192 success'urae
582 155 776 191 intervallo
795 152 860 192 sub
873 154 1019 204 aspectu
1038 154 1281 191 coarctantur.
1314 151 1388 189 Hic
1397 151 1509 190 effenr
1528 155 1712 199 nonnulli,

134 211 198 258 qui
208 221 320 247 unam
341 210 387 247 ab
399 209 509 247 divisa
530 222 632 259 atque
650 210 841 246 distantem
851 211 985 247 lineam
1004 211 1095 246 intra
1104 209 1399 258 quadrangulum
1419 209 1615 247 ducerent,
1640 209 1712 260 spa-

133 267 310 313 ciumque
322 265 423 314 quod
435 266 529 302 inter
540 264 704 314 utrasque
714 267 825 302 lineas
836 264 935 304 adsit,
951 267 988 301 in
998 275 1069 301 tres
1079 274 1199 314 partes
1208 265 1419 302 dividerent.
1450 265 1553 300 Tum
1563 264 1649 301 huic
1659 265 1711 301 se-

135 320 266 357 cunda:
286 333 388 371 aeque
401 321 539 357 distanti
552 322 655 358 linea:
667 346 675 360 ‚
695 321 902 358 allamitem
915 332 1018 369 aeque
1037 320 1229 358 distantem
1244 350 1253 365 ‚
1274 320 1344 357 hac
1355 322 1435 369 lege
1454 319 1651 364 adderent,
1669 330 1710 357 ut

132 376 296 425 spacium
311 405 320 420 ,
340 376 444 425 quod
456 378 548 413 inter
558 377 716 427 primaen
728 375 878 413 divisam
892 404 902 420 ‚
924 376 1172 414 &secundam
1183 388 1284 425 aeque
1295 375 1489 413 distantem
1499 376 1638 411 lincam
1648 376 1709 415 est,

132 433 170 467 in
182 441 253 468 tres
266 443 384 481 partes
396 430 547 468 divisum
562 457 569 470 ‚
594 443 667 467 una
680 442 781 482 parte
789 430 839 468 sui
849 431 1003 468 excedat
1019 431 1179 480 spacium
1196 433 1231 468 id
1243 431 1347 480 quod
1356 430 1397 467 fit
1407 432 1500 467 inter
1517 430 1715 468 secundam

134 489 172 524 ὃς
188 490 332 523 tertiam
345 489 492 530 lineam,
504 498 547 523 ac
564 486 737 536 deinceps
755 487 911 535 reliquas
924 488 1035 523 lineas
1045 487 1230 530 adderent,
1243 498 1284 524 ut
1293 485 1433 535 semper
1450 486 1600 535 sequens
1618 487 1713 523 inter

131 544 243 579 lineas
254 541 337 579 effer
350 541 513 592 spacium
524 541 560 578 id
572 543 788 579 antecedens
800 541 1155 591 subsesquialterum,
1170 553 1210 578 ut
1223 541 1339 579 verbo
1351 541 1713 579 Matliematicorum

132 599 276 646 loquar.
310 599 437 646 ltaque
449 596 496 633 sic
516 598 568 633 illi
587 597 739 645 quidem
750 596 912 633 facerent
925 626 934 641 ‚
956 600 1019 646 qui
1041 596 1103 634 etsi
1121 598 1309 647 optimam
1328 598 1514 645 quandam
1535 597 1712 646 pingendi

131 655 233 690 viam
244 653 343 702 sequi
353 652 534 689 affirment
547 681 556 696 ‚
579 653 727 689 eosdem
738 661 861 688 tamen
875 664 1005 700 parum
1027 664 1144 689 errare
1155 651 1307 689 censeo:
1327 652 1430 701 quod
1451 664 1538 689 cum
1552 651 1633 689 casu
1643 654 1712 702 pri-

131 720 235 745 mam
248 721 353 758 aeque
363 708 555 745 dist-antem
566 709 701 745 lineam
718 706 918 757 posuerint,
939 707 1082 743 tametsi
1103 718 1239 744 caeterae
1251 719 1352 756 aeque
1362 708 1530 744 distantes
1540 709 1645 745 linea:
1657 719 1711 745 ra-

132 767 239 800 tione
250 765 285 800 δε
299 764 419 801 modo
431 763 691 811 subsequantur
704 791 713 805 ,
730 773 810 798 non
821 773 947 798 tamen
969 761 1106 798 liabent
1116 774 1193 810 quo
1205 762 1246 798 sit
1259 773 1378 799 certus
1395 763 1548 813 cuspidis
1558 763 1602 799 ad
1615 763 1710 800 bene

132 819 367 868 spectandum
376 819 496 855 locus.
528 818 581 854 Ex
593 829 672 866 quo
683 828 759 853 non
772 816 913 859 modici
924 818 960 853 in
971 817 1110 866 pieiura
1122 828 1261 854 errores
1274 817 1381 854 facile
1391 818 1603 854 succedunt.
1633 819 1709 855 Ad-

132 874 242 911 deliis
253 875 359 925 quod
376 873 528 910 istorum
540 875 633 910 ratio
652 872 861 910 admodum
871 871 999 909 vitiosa
1012 871 1097 909 esset
1109 900 1120 916 ‚
1140 873 1205 910 ubi
1216 874 1398 909 centricus
1417 873 1570 921 punctus
1582 884 1643 910 aut
1653 873 1712 910 sii-

132 942 195 981 pra
209 942 269 969 aut
288 929 378 966 infra
396 930 481 979 pieri
498 928 658 966 hominis
679 928 951 976 longitudinem
967 927 1135 966 adstaret:
1159 940 1247 966 eum
1264 930 1389 970 etiam,
1403 940 1457 965 res
1469 929 1583 977 pietas
1597 930 1710 966 nullas

130 987 226 1024 veris
238 985 344 1022 rebus
355 985 587 1030 conformes,
599 984 663 1021 nisi
675 995 772 1022 certa
783 987 927 1021 ratione
937 984 1068 1022 distent
1078 1014 1087 1029 ‚
1105 984 1220 1021 videri
1232 985 1329 1035 poffe
1340 1010 1348 1023 ,
1374 996 1488 1020 nemo
1501 983 1631 1020 doistus
1645 996 1709 1021 ne-

130 1041 244 1091 gabit.
275 1041 394 1079 Cuius
405 1042 455 1077 rei
466 1042 646 1078 rationem
659 1041 921 1093 explicabimus
936 1070 944 1085 ‚
956 1041 980 1078 si
993 1041 1143 1090 quando
1153 1040 1262 1076 dehis
1273 1039 1646 1077 demonstrationibus
1658 1041 1710 1089 pi-

131 1098 240 1134 ecurae
250 1096 536 1141 conscribemus,
547 1109 635 1145 quas
648 1097 668 1133 a
680 1097 788 1134 nobis
798 1097 910 1134 fac‘tas
921 1099 1045 1142 amici,
1057 1097 1148 1133 dum
1160 1096 1425 1134 admirarentur
1439 1124 1448 1140 ,
1466 1095 1644 1132 miracula
1653 1097 1709 1144 pi-

130 1153 237 1190 C’turae
249 1162 516 1204 nuncuparunt.
547 1153 648 1189 Nam
661 1153 706 1190 ad
724 1165 806 1190 eam
818 1152 929 1202 ipsam
941 1164 1082 1203 partem
1095 1178 1103 1190 ‚
1127 1151 1296 1201 liaecquae
1317 1152 1390 1188 dixi
1403 1153 1529 1188 omnia
1550 1151 1710 1186 maxime

128 1209 330 1259 pertinent:
343 1220 432 1256 ergo
445 1208 489 1244 ad
502 1220 580 1245 rem
593 1209 802 1246 redeamus.
815 1208 908 1245 Haec
921 1221 1008 1246 cum
1021 1211 1068 1245 ira
1080 1207 1160 1252 sint,
1176 1207 1246 1258 ipse
1255 1207 1398 1246 idcirco
1409 1209 1596 1256 optimum
1609 1205 1709 1242 hunc

129 1265 297 1301 adinveni
310 1264 479 1300 modum.
511 1265 549 1300 In
560 1266 696 1301 caeteris
717 1264 892 1302 onfflibus
903 1265 1060 1301 eandem
1074 1265 1175 1301 illam
1193 1264 1230 1301 ὃς
1251 1260 1591 1312 εεῃῖῐίεἰρυηξὶίὃί
1604 1262 1709 1298 lineae

129 1320 280 1365 jacentis
292 1318 525 1363 divisionem,
536 1322 572 1356 ὅ(
586 1321 605 1356 a
616 1320 759 1370 puiie‘ro
771 1321 945 1356 linearum
957 1320 1151 1356 duCtiones
1165 1318 1208 1357 ad
1218 1318 1371 1368 singulas
1384 1319 1533 1364 iacentis
1543 1317 1645 1354 liueae
1656 1317 1712 1353 di-

129 1374 288 1412 visiones
301 1374 515 1425 prosequor.
547 1376 666 1414 Sedin
688 1375 889 1412 transversis
900 1376 1166 1424 quantitatibus
1177 1404 1186 1419 ‚
1207 1376 1229 1412 li
1236 1386 1308 1411 unc
1320 1374 1479 1410 modum
1494 1372 1607 1409 servo.
1639 1371 1712 1409 Ha-

130 1429 204 1466 beo
217 1431 380 1468 areolam
394 1460 402 1474 ‚
421 1433 457 1467 in
469 1441 542 1478 qua
553 1429 720 1468 describo
738 1433 870 1468 lineam
881 1443 994 1468 unam
1004 1432 1138 1467 restam
1150 1458 1159 1475 ‚
1179 1429 1272 1468 hanc
1294 1428 1418 1467 divido
1432 1440 1494 1480 per
1505 1439 1562 1465 cas
1576 1437 1712 1478 partes,

129 1488 166 1523 in
179 1497 268 1534 quas
288 1488 408 1528 iacens
425 1487 521 1523 linea
538 1483 780 1536 quadranguli
799 1487 909 1523 divisa
929 1485 988 1522 est.
1020 1486 1167 1523 Deinde
1186 1497 1291 1535 pono
1311 1484 1444 1522 sursum
1467 1485 1513 1521 ab
1532 1483 1599 1520 hac
1615 1483 1713 1520 linea

128 1542 308 1592 pun&um
320 1543 475 1578 unicum
485 1551 561 1578 tam
571 1543 653 1581 alte,
667 1554 781 1590 quam
792 1542 840 1578 est
852 1543 890 1578 in
901 1541 1155 1591 quadrangulo
1169 1542 1353 1577 centricus
1365 1539 1522 1589 punitus
1534 1538 1553 1574 a
1567 1540 1711 1585 jacente

128 1597 235 1634 divisa
246 1599 489 1647 quadi-anguli
498 1597 595 1635 linea
605 1598 748 1642 distans,
761 1598 805 1634 ab
816 1598 967 1647 hocque
978 1598 1130 1648 punito,
1141 1597 1185 1633 ad
1195 1595 1351 1646 singulas
1363 1595 1469 1641 hujus
1482 1593 1589 1643 ipsius
1602 1594 1707 1630 lineae

129 1652 326 1690 divisiones
339 1683 349 1698 ‚
368 1653 522 1702 singulas
540 1654 651 1690 lineas
671 1653 782 1690 duco.
817 1654 921 1690 Tum
932 1664 1108 1702 quantam
1119 1653 1231 1690 velim
1243 1651 1446 1688 distantiam
1457 1649 1627 1686 effeinter
1637 1648 1712 1700 spe-

128 1709 259 1745 &antis
271 1709 443 1753 oculum,
454 1711 490 1747 ὃ(
503 1709 695 1758 picturam,
706 1710 835 1753 statuo,
847 1720 956 1758 arque
968 1709 1043 1745 illic
1052 1708 1187 1745 statuto
1199 1706 1444 1744 intercifionis
1456 1707 1548 1742 loco
1558 1716 1712 1755 perpen-

129 1764 294 1807 diculari,
305 1774 344 1800 ut
355 1765 457 1805 aiunt
468 1764 728 1801 Mathematici
741 1791 747 1803 ‚
760 1766 854 1801 linea
873 1764 1148 1801 intercisionem
1158 1764 1332 1800 omnium
1344 1763 1526 1799 linearum
1538 1789 1547 1805 ‚
1568 1771 1657 1808 quas
1668 1772 1710 1797 ea

128 1820 308 1856 invenerit
320 1849 329 1862 ,
348 1819 483 1857 efficio.
514 1821 825 1870 Pcrpendiculatis
845 1819 995 1868 quidem
1018 1820 1113 1856 linea
1131 1831 1171 1854 ea
1192 1818 1241 1854 est
1250 1843 1259 1856 ,
1282 1830 1361 1866 quae
1379 1819 1490 1853 aliam
1509 1816 1648 1853 restam
1668 1816 1710 1852 li·
1720 1812 1830 1878 ffflffd

130 1886 240 1912 neam
251 1875 434 1913 dividens,
459 1876 614 1924 angulos
626 1877 796 1923 utrinque
816 1878 914 1912 circa
925 1876 957 1911 se
978 1875 1099 1912 [εᾶοε
1119 1874 1261 1911 habeat.
1294 1874 1410 1922 Igitur
1421 1871 1499 1908 liaec
1518 1869 1613 1908 milii
1633 1859 1845 1920 per-‘cfflsseffssss‘

130 1930 378 1980 pendicularis
388 1932 484 1968 linea
496 1931 564 1967 suis
574 1930 839 1980 percisionibus
852 1931 1033 1967 terminos
1052 1929 1150 1966 dabit
1161 1930 1288 1965 omnis
1307 1927 1482 1964 distantia:
1493 1958 1503 1974 ,
1524 1939 1606 1974 quze
1617 1928 1711 1963 inter

131 1985 344 2023 transversas
354 1998 457 2034 aeque
469 1985 634 2022 distantes
644 1987 848 2035 pavimenti
861 1986 970 2022 lineas
982 1984 1050 2020 effe
1061 1983 1235 2020 debeant:
1260 1996 1337 2032 quo
1349 1983 1457 2032 paeto
1469 1993 1600 2018 omnes
1611 1983 1710 2030 pavi-

132 2042 249 2077 menti
260 2043 452 2088 parallelos
463 2040 661 2091 descriptos
672 2041 807 2084 liabeo,
821 2041 884 2089 qui
893 2039 1043 2089 quidem
1054 2050 1168 2088 quam
1178 2038 1272 2075 reeie
1291 2037 1457 2087 descripti
1470 2036 1552 2080 sint,
1566 2036 1708 2075 indicio

132 2097 214 2139 etit,
224 2094 248 2131 si
259 2106 331 2131 una
341 2096 548 2144 eademque
558 2097 656 2132 reeta
666 2098 884 2133 continuata
894 2097 1002 2138 linea,
1014 2096 1050 2130 in
1061 2095 1164 2144 pisto
1174 2096 1389 2143 pavimento
1401 2091 1711 2137 coadjunetomm

132 2151 469 2199 quadrangulorum
489 2151 668 2186 diameter
687 2150 740 2187 fit.
769 2151 827 2186 Est
846 2150 996 2198 quidem
1007 2148 1104 2196 apud
1124 2147 1417 2184 Mathematicos
1434 2147 1613 2182 diameter
1623 2158 1709 2194 qua-
1722 2152 1830 2178 Diam-e-

134 2208 300 2254 dranguli
310 2205 405 2242 reita
416 2205 585 2253 quaedam
597 2206 691 2241 linea
705 2234 714 2249 ,
728 2204 772 2241 ab
785 2205 921 2252 angulo
934 2203 979 2238 ad
990 2202 1054 2238 sibi
1065 2201 1281 2253 oppositum
1293 2203 1467 2250 angulum
1480 2201 1586 2238 dueta
1598 2230 1607 2245 ‚
1626 2214 1708 2249 quae
1719 2198 1768 2218 m·

133 2262 271 2299 induas
291 2271 407 2312 partes
420 2260 714 2309 quadrangulum
734 2259 891 2302 dividat,
913 2260 964 2294 ita
981 2268 1021 2294 ut
1032 2269 1074 2294 ex
1095 2258 1372 2306 quadrangulo,
1391 2257 1485 2294 duos
1501 2257 1710 2306 triangulos

135 2316 281 2354 efficiat.
932 2309 935 2311 ⁵

191 2373 258 2408 His
270 2383 359 2421 ergo
372 2370 563 2420 diligenter
575 2370 746 2408 absolutis
759 2396 767 2411 ,
782 2382 894 2407 unam
906 2370 997 2407 item
1006 2367 1210 2418 superduco
1221 2366 1450 2406 transversam
1464 2397 1472 2411 ‚
1497 2379 1598 2416 aeque
1611 2367 1630 2403 ὲ
1643 2379 1710 2405 cae-

133 2429 219 2466 teris
231 2427 464 2463 inferioribus
475 2426 665 2463 distantem
678 2429 828 2469 lineam,
839 2438 920 2474 quse
931 2426 1009 2462 duo
1021 2424 1146 2461 stantia
1158 2453 1167 2467 ‚
1189 2425 1314 2472 magni
1325 2423 1485 2472 quadrati
1499 2449 1508 2464 ‚
1532 2425 1646 2460 latera
1659 2423 1710 2459 se-

135 2494 209 2527 cet,
225 2495 362 2533 perque
372 2483 550 2532 puiiftum
563 2483 766 2519 centricum
778 2492 954 2533 permeet.
987 2480 1079 2516 Hoec
1091 2480 1183 2516 milii
1194 2479 1343 2528 quidem
1354 2481 1446 2516 linea
1457 2478 1506 2514 cst
1517 2481 1710 2522 terminus,

135 2550 247 2588 atque
258 2539 375 2577 limes,
389 2550 501 2586 quem
514 2538 613 2574 nulia
624 2549 702 2574 non
716 2538 793 2588 plus
803 2537 873 2573 alta
887 2565 896 2581 ,
910 2534 1074 2585 quamsit
1086 2534 1230 2573 visentis
1242 2536 1392 2574 oculus,
1414 2535 1594 2581 quantitas
1607 2545 1712 2570 exce-

136 2595 210 2632 dat.
240 2594 366 2642 anue
379 2622 387 2637 ‚
407 2592 509 2642 quod
522 2593 701 2642 punitum
714 2593 918 2628 centricum
931 2590 1106 2641 pervadat
1118 2621 1127 2634 ,
1147 2591 1291 2627 idcirco
1304 2590 1461 2626 ceutrica
1472 2589 1626 2627 dicatur.
1657 2589 1710 2625 Ex

135 2662 214 2698 quo
224 2649 264 2686 fit
275 2679 284 2694 ‚
297 2660 336 2686 ut
347 2650 412 2698 qui
422 2649 508 2698 piCti
520 2648 691 2685 homines
703 2650 738 2684 in
749 2649 911 2685 ulteriori
922 2646 1094 2696 parallelo
1104 2645 1265 2682 steterint
1277 2675 1286 2689 ,
1299 2645 1408 2681 iidem
1422 2645 1535 2693 longe
1547 2646 1709 2681 minores

135 2705 214 2745 fint,
228 2718 339 2755 quam
350 2706 415 2754 qui
424 2705 460 2740 in
471 2705 713 2740 anterioribus
724 2702 861 2740 adstant
872 2716 880 2738 z
892 2714 961 2739 nec
971 2711 1097 2738 tamen
1109 2700 1174 2736 ess'e
1188 2701 1325 2737 caeteris
1337 2701 1512 2740 minores,
1526 2698 1582 2735 sed
1592 2699 1710 2737 semo-

135 2763 250 2798 tiores
260 2770 451 2811 apparent,
474 2771 584 2807 quam
598 2771 673 2795 rem
683 2759 834 2806 quidem
856 2757 876 2793 a
896 2767 1024 2794 natura
1035 2755 1105 2804 ipsa
1117 2759 1163 2792 ita
1175 2754 1316 2792 ostendi
1337 2756 1456 2804 pal-am
1466 2755 1525 2792 est.
1556 2755 1659 2792 Nam
1671 2757 1709 2792 in

137 2817 284 2866 templis
295 2815 629 2866 perambulantium
641 2814 836 2851 hominum
848 2814 966 2861 capita
977 2840 986 2854 ‚
1005 2812 1171 2848 videmus
1184 2811 1258 2847 fere
1269 2811 1306 2846 in
1317 2811 1435 2847 altum
1448 2811 1596 2858 aequalia
1606 2821 1709 2848 nuta-

137 2883 177 2907 re
189 2900 200 2915 ,
217 2871 326 2921 pedes
337 2883 428 2909 vero
441 2882 585 2907 eorum,
601 2871 663 2918 qui
673 2870 820 2919 longius
831 2867 944 2904 absint
955 2895 964 2910 ‚
974 2866 1068 2903 forte
1080 2867 1123 2902 ad
1135 2878 1232 2915 genu
1243 2866 1468 2908 anteriorum
1479 2866 1710 2915 respondere.

139 2925 231 2964 Haec
241 2929 364 2966 omnis
374 2925 557 2965 dividendi
567 2926 772 2976 pavimenti
792 2925 887 2962 ratio
904 2924 1065 3014 maximle
1076 2921 1120 2958 ad
1139 2934 1220 2960 eam
1232 2920 1378 2972 piiturae
1389 2931 1528 2972 partem
1539 2923 1709 2972 pertinet,

1091 2989 1113 3013 2
1186 2986 1188 2989 ·
1601 2985 1713 3026 quam
