2023 3162
230 68 312 100 „204
602 41 1467 88 M.V1TRuvl1POLL10N1s

228 115 379 158 moribus
392 128 455 171 per
472 112 758 153 machinationem
769 109 816 148 ad
818 107 1042 163 spectationes
1055 105 1177 158 populo
1188 113 1444 159 comparantur.
1478 111 1520 142 In
1531 101 1586 143 his
1597 117 1682 144 vero
1693 118 1772 159 opus
1784 109 1834 145 eft

227 173 413 229 prudentia
429 171 607 226 diligenti,
633 163 822 220 &ingenii
838 159 1022 214 doc‘t'iffimi
1032 163 1199 214 cogitatu,
1220 158 1312 214 quod
1325 158 1420 199 nihil
1435 173 1551 198 eorum
1562 162 1745 215 perficitur
1753 163 1835 215 stne

230 227 482 269 machinatione
493 225 777 278 ‚studiorumque
787 221 891 264 vario
908 232 944 256 ac
952 216 1078 271 filerti
1097 218 1233 270 vigore.
1263 217 1402 269 Igitur,
1420 218 1582 270 quoniam
1597 217 1665 257 hac
1681 220 1733 256 ita
1742 219 1835 271 sient

231 285 363 324 tradita
375 284 418 330 (ᾖν
428 283 621 334 constituta,
634 293 700 318 non
710 277 858 317 videtur
874 271 938 328 effe
953 273 1104 312 alienum
1114 303 1125 319 ‚
1147 274 1203 310 uti
1211 270 1518 326 caut‘efiimmaque
1534 271 1726 326 diligentia,
1736 285 1833 312 antem

231 356 337 397 quam
355 337 582 394 instituantur
592 347 692 390 opera
704 362 712 376 ‚
733 347 851 372 eorum
871 328 1099 385 expediantur
1117 332 1280 367 rationes.
1310 335 1400 382 Ergo
1420 330 1582 382 quoniam
1594 359 1603 374 ,
1625 343 1735 382 neque
1749 330 1829 375 lex,

233 411 344 451 neque
354 409 488 434 mortim
506 392 676 443 institutio
693 389 733 429 id
741 392 854 445 potefi‘
871 399 1003 442 cogere,
1015 379 1059 425 &¹
1069 386 1253 439 quotannis
1266 380 1477 438 &pratores
1490 382 1533 428 ὠ
1543 382 1652 422 aediles
1670 385 1834 424 ludorum

233 453 333 505 cansa
350 448 615 489 machinationes
630 457 824 501 praeparare
841 441 962 482 debent
981 456 993 479 .·
1023 440 1143 491 vistim
1164 438 1252 478 mihi
1269 443 1340 487 eft,
1360 447 1551 494 Imperator
1563 470 1573 486 ,
1590 454 1659 477 non
1679 437 1741 491 effe
1757 441 1839 479 alie:

231 522 317 546 num
329 535 336 548 ,
362 508 525 560 qnoniam
534 503 576 541 de
585 503 735 558 aedificiis
755 504 795 540 in
808 497 980 556 prioribus
992 495 1226 535 voluminibus
1238 494 1399 549 expositil,
1417 499 1456 533 in
1472 494 1532 533 hoc
1543 523 1550 536 ‚
1564 497 1626 548 qui
1635 497 1835 545 finitionem

223 563 399 617 stammam
417 562 562 615 corporis
576 557 677 597 habet
694 558 910 610 constitutam
920 585 931 602 ‚
945 568 1016 609 quae
1028 552 1106 605 fint
1115 553 1290 607 principia
1301 550 1543 591 machinarum
1559 550 1720 590 ordinata
1732 577 1740 591 ,
1749 562 1834 605 pra-

234 620 334 671 ceptis
353 617 561 672 explicare)
578 645 585 653 .

905 759 944 818 ‘C
976 792 1004 819 A
1033 791 1064 818 P.
1124 779 1152 815 Ι.

364 877 449 928 De
464 871 704 927 machina.
720 869 927 944 qnidslt.
951 867 1015 926 Εἴ
1031 874 1124 935 ejus
1140 864 1202 918 ab
1217 885 1394 941 organo
1408 864 1460 918 di
1500 868 1706 930 erentia,

807 950 949 1014 origine
968 958 1023 998 (φ
1047 944 1270 1011 neceffitate.

420 1099 465 1114 s
592 1069 796 1108 AcmNA
816 1067 865 1105 est
885 1066 1085 1106 cOntinens
1096 1079 1142 1104 ex
1160 1066 1315 1103 materia
1335 1065 1554 1113 conjunffio
1566 1092 1574 1106 ‚
1597 1068 1778 1105 maximas
1790 1067 1838 1105 ad

453 1121 475 1142 ‘⁵
523 1134 525 1136 ’
553 1141 566 1164 7
593 1137 752 1163 onerum
765 1134 894 1162 motus
916 1125 1058 1162 habens
1067 1124 1231 1161 virtutes.
1263 1123 1314 1160 Ea
1326 1132 1499 1160 movetur
1517 1133 1561 1158 ex
1573 1132 1651 1159 arte
1672 1124 1838 1161 circulo-

550 1218 554 1221 ,
593 1194 676 1220 rum
687 1180 1038 1220 rotundationibus,
1061 1190 1174 1228 quam
1192 1178 1315 1216 Graeei
1329 1174 1493 1221 κυκλικῆν
1504 1176 1624 1229 xlm&
1635 1179 1836 1230 appellant.

534 1239 570 1286 ζῇ
597 1238 656 1276 Est
667 1248 795 1275 autem
813 1248 929 1275 unum
947 1246 1068 1286 genus
1077 1233 1304 1273 scansorium
1317 1259 1324 1273 ‚
1339 1235 1445 1284 quod
1462 1235 1592 1274 Graece
1610 1231 1835 1289 οἰκςοζοιῖικᾶν

596 1295 748 1332 dicitur:
768 1293 927 1331 alterum
938 1291 1094 1342 spiritale
1107 1318 1115 1331 ,
1136 1289 1240 1340 quod
1251 1291 1348 1340 apud
1361 1302 1428 1329 eos
1448 1288 1664 1341 κνώμωῖικέν
1677 1293 1841 1343 appella-

548 1359 556 1372 Γ
594 1362 665 1390 tur,
677 1350 829 1387 tertium
841 1347 1111 1393 trastorium‚id
1121 1357 1247 1385 autem
1257 1347 1378 1384 Graeci
1388 1345 1555 1390 fidvaoow
1562 1359 1713 1387 vocant.
1726 1349 1838 1387 Scan-

521 1400 523 1402 *
563 1405 567 1410 “
592 1407 734 1445 forium
746 1415 876 1444 autem
888 1404 957 1444 est,
980 1416 1072 1442 curn
1083 1403 1263 1442 machinae
1282 1405 1332 1441 ita
1342 1403 1481 1442 fuerint
1500 1405 1722 1451 collocatae‚
1741 1415 1781 1443 ut
1792 1405 1839 1444 ad

237 1462 473 1502 altitudinem
483 1464 592 1514 tignis
604 1462 743 1500 statutis
757 1491 768 1507 ,
787 1461 823 1498 δε
835 1459 1093 1500 transversariis
1107 1460 1306 1510 colligatis,
1320 1459 1393 1506 sine
1404 1462 1575 1512 periculo
1591 1460 1782 1500 scandatur
1791 1461 1838 1500 ad

238 1529 436 1568 apparatus
446 1519 724 1571 spectationem.
744 1518 915 1569 Spiritale
924 1517 992 1557 est,
1015 1528 1104 1554 cum
1115 1517 1136 1552 s
1131 1517 1267 1568 pintus,
1281 1516 1576 1567 expressionibus
1589 1516 1765 1570 impulsus
1778 1547 1788 1563 ,
1800 1519 1839 1556 &

236 1574 369 1624 plagae,
379 1574 783 1625 vocesqueorganicon
795 1577 1060 1625 exprimuntur.
1091 1572 1333 1611 Trastorium
1342 1583 1449 1619 vero,
1461 1586 1579 1612 cumo
1598 1586 1686 1612 nera
1696 1573 1839 1611 machi-

237 1630 294 1667 nis
305 1631 588 1680 pertrahuntur‚
612 1631 731 1669 autad
749 1629 983 1668 altitudinem
1002 1629 1138 1667 sublata
1157 1629 1405 1667 collocantur.
1436 1630 1624 1668 scansoria
1644 1631 1743 1668 ratio
1755 1642 1836 1668 non

240 1696 337 1725 arte,
362 1685 421 1725 sed
431 1687 584 1725 audacia
595 1689 787 1735 gloriatur.
818 1686 870 1723 Ea
881 1685 1180 1724 catenationibus
1193 1715 1203 1730 ‚
1225 1686 1262 1722 ὅ(
1273 1683 1529 1724 transversariis
1542 1716 1551 1731 ‚
1573 1689 1611 1724 ὃς
1636 1688 1698 1733 [a]
1720 1687 1837 1736 plexis

239 1741 562 1789 colligationibus,
584 1743 621 1780 &
646 1740 698 1795 [b]
713 1742 925 1780 crismatum
942 1741 1088 1779 fulturis
1109 1743 1333 1779 continetur.
1367 1743 1464 1794 Qae
1477 1753 1602 1780 autem
1613 1742 1752 1792 spiritus
1765 1752 1834 1790 po-

237 1795 366 1833 testate
376 1796 516 1836 affumit
525 1799 702 1849 ingressus
713 1798 913 1849 elegantes,
927 1799 1010 1835 artis
1021 1796 1279 1835 subtilitatibus
1292 1797 1534 1846 consequitur
1543 1796 1705 1835 effeetus.
1741 1797 1835 1833 Tra-

238 1851 356 1888 &oria
366 1864 494 1891 autem
505 1857 684 1899 majores,
707 1856 745 1891 δε
760 1853 1040 1903 magnificentia
1051 1854 1180 1903 plenas
1199 1852 1312 1890 habet
1328 1854 1373 1890 ad
1385 1854 1583 1890 utilitatem
1604 1852 1833 1903 opportuni-

237 1916 345 1951 tateS‚
362 1910 398 1954 ὃς
409 1910 445 1945 in
456 1910 601 1958 agendo
614 1921 702 1946 cum
713 1910 911 1958 prudentia
922 1907 1083 1945 summas
1093 1909 1260 1945 virtutes.
1271 1910 1326 1944 Ex
1337 1907 1392 1944 his
1403 1907 1485 1944 sunt
1496 1909 1575 1948 alia,
1588 1920 1669 1958 quae
1681 1907 1836 1945 mecha-

239 1964 349 1999 nica‘i's
361 1988 369 2001 ‚
383 1964 452 2006 alia
465 1976 545 2014 quae
556 1965 979 2012 organicaisqmoventur.
1011 1964 1115 1999 Inter
1125 1962 1315 1999 machinas
1336 1962 1374 1999 δε
1394 1975 1534 2013 organa
1552 1963 1590 2000 id
1609 1964 1753 2001 videtur
1766 1962 1834 2000 ess'e

239 2018 434 2058 discrimen
446 2049 456 2064 ‚
476 2020 582 2069 quod
594 2018 776 2057 machinae
796 2018 960 2069 pluribus
972 2016 1146 2067 operibus
1160 2046 1171 2062 ,
1193 2026 1256 2054 aut
1266 2019 1301 2054 vi
1311 2019 1455 2065 majore
1475 2030 1666 2069 coguntur
1677 2017 1835 2057 effeetus

239 2073 394 2113 habere,
409 2077 464 2112 uti
475 2075 619 2115 balistae‚
634 2074 955 2123 torculariumque
964 2074 1076 2123 prela.
1108 2075 1167 2119 [c]
1189 2074 1338 2122 Organa
1349 2084 1473 2111 autem
1486 2077 1593 2112 unius
1605 2087 1734 2126 opere,
1750 2088 1836 2125 pru-

239 2131 343 2167 denti
354 2131 451 2168 taC'tu
463 2130 658 2182 perficiunt
669 2160 679 2175 ,
699 2129 804 2180 quod
814 2127 1050 2179 propositum
1061 2127 1110 2165 est
1121 2158 1131 2173 ‚
1154 2129 1207 2166 uti
1218 2129 1452 2179 Scorpionis,
1462 2129 1520 2168 seu
1533 2131 1833 2179 anisocyclorum

238 2186 474 2224 versationes.
505 2187 604 2237 Ergo
616 2189 653 2224 ὃς
662 2197 817 2235 organa,
829 2187 866 2222 &
881 2184 1138 2222 machinarum
1151 2186 1257 2228 ratio,
1273 2185 1318 2222 ad
1330 2184 1432 2224 usum
1443 2186 1523 2224 sunt
1532 2187 1727 2224 necessaria
1740 2214 1747 2228 ,
1760 2186 1835 2225 fine

238 2242 371 2289 quibus
382 2243 482 2279 nulla
492 2254 547 2280 res
560 2241 677 2294 potest
689 2241 758 2280 effe
770 2253 851 2278 non
862 2240 1050 2290 impedita.
1080 2240 1217 2276 Omnis
1229 2250 1355 2278 autem
1375 2241 1604 2281 machinatio
1616 2244 1665 2281 est
1676 2242 1696 2279 a
1706 2255 1833 2281 rerum

237 2307 368 2334 natura
377 2309 581 2347 procreata,
593 2310 636 2335 ac
649 2298 667 2335 Ξι
679 2297 915 2349 praeceptrice
926 2298 964 2334 ὅ(
975 2296 1145 2345 magistra
1156 2296 1286 2332 mundi
1296 2296 1499 2335 versatione
1509 2298 1683 2337 instituta.
1713 2299 1833 2337 Nam-

237 2365 312 2402 que
323 2353 660 2393 animadvertamus
671 2356 838 2407 primum
850 2379 858 2393 ‚
881 2352 919 2389 &
929 2350 1147 2403 aspiciamus
1160 2354 1419 2391 continentem
1431 2355 1527 2392 Solis
1539 2384 1550 2401 ‚
1569 2356 1685 2392 Lunae
1697 2384 1708 2401 ‚
1723 2356 1832 2405 quin-

1757 2423 1832 2461 que

232 2500 262 2533 a]
293 2497 441 2526 Philander.
452 2498 649 2537 Colligationes
662 2499 748 2537 plexas
758 2500 823 2528 dicit
832 2500 974 2539 implicitas
985 2505 1011 2530 ὅτ,
1021 2509 1154 2529 connexas
1163 2498 1281 2532 funibus,
1298 2501 1380 2530 modo
1391 2500 1498 2535 sursum,
1511 2502 1594 2531 modo
1604 2502 1737 2536 deorsum,
1748 2501 1831 2530 modo

277 2539 303 2565 iu
314 2538 488 2567 transversum
499 2539 636 2571 traductis,
647 2540 721 2567 vario
733 2541 886 2579 complexu.

235 2577 264 2612 b]
298 2579 384 2607 Idem.
407 2579 567 2608 Erismarum
575 2577 686 2608 fulturas
703 2578 780 2608 Facile
797 2582 932 2621 intelliget
942 2603 949 2614 ‚
967 2582 1010 2610 cui
1023 2592 1076 2609 non
1088 2582 1118 2610 fit
1131 2582 1304 2622 incognitum
1312 2581 1438 2611 scalarum
1449 2594 1533 2624 genus
1543 2584 1567 2612 id
1579 2606 1584 2617 ‚
1596 2594 1651 2623 quo
1659 2584 1738 2613 nostri
1749 2592 1832 2612 utun-

275 2627 317 2646 tur
329 2619 448 2660 legendi³
459 2621 492 2648 ab
503 2620 597 2648 arbore
605 2618 746 2654 frutribus,
758 2622 879 2660 putandis
889 2623 971 2650 etiam
981 2624 1079 2662 jugatis
1090 2626 1114 2651 δε
1125 2624 1313 2662 compluviatis
1324 2624 1433 2657 vitibus,
1442 2635 1524 2663 quum
1534 2635 1588 2652 non
1600 2625 1636 2652 est
1644 2645 1651 2655 ,
1670 2626 1713 2653 cui
1723 2624 1830 2652 alterius

274 2669 378 2697 generis
388 2660 460 2688 scalae
471 2661 646 2699 applicentur,
657 2660 817 2690 hzeteantve.
834 2665 875 2691 De
886 2664 914 2690 iis
926 2663 990 2690 mihi
999 2663 1084 2691 sermo
1095 2665 1139 2695 est,
1151 2673 1208 2701 qua:
1220 2663 1271 2691 huc
1282 2673 1360 2702 atque
1374 2665 1434 2693 illuc
1446 2663 1581 2693 transferri
1593 2661 1719 2703 possunt:
1742 2665 1830 2704 gesta-

275 2701 356 2727 torias
366 2721 372 2732 ,
386 2700 401 2727 fi
413 2702 526 2731 videtur,
537 2702 706 2740 appellemus.
729 2703 770 2730 Fit
781 2703 908 2731 autemid
919 2702 1044 2731 scalarum
1053 2714 1137 2743 genus
1149 2703 1201 2732 hoc
1213 2705 1299 2742 pasto.
1311 2706 1424 2746 Tigill.1‚
1437 2706 1488 2734 five
1498 2704 1575 2734 fustes
1585 2707 1717 2733 arrectarii
1728 2706 1782 2733 duo
1792 2714 1831 2733 te-

273 2740 372 2767 retibus
384 2742 519 2778 quotlibet
531 2742 630 2770 baculis
641 2743 810 2779 trajiciuntur
822 2765 829 2776 ,
846 2754 912 2782 quos
927 2741 1034 2772 fortasse
1045 2755 1115 2772 nunc
1126 2755 1179 2772 non
1191 2745 1280 2783 inepte
1292 2756 1420 2774 vocemus
1429 2747 1576 2776 scandulas,
1593 2746 1665 2783 quod
1677 2746 1735 2784 ipsis
1746 2746 1779 2773 ab
1788 2747 1829 2773 in-

272 2777 413 2808 ferioribus
422 2783 452 2808 ad
464 2781 595 2820 superiora
604 2783 756 2811 ascendatur
768 2798 773 2816 ;
790 2785 918 2813 Ciceroni
929 2786 1001 2813 enim
1013 2786 1109 2825 gradus
1118 2785 1254 2814 dicuntur.
1278 2787 1387 2814 Tertius
1396 2785 1476 2817 fustis,
1488 2788 1542 2825 qui,
1556 2787 1616 2824 quia
1625 2785 1704 2814 fibula
1715 2788 1831 2822 conjun-

274 2820 332 2847 erus
344 2821 379 2847 est
390 2841 395 2851 .
413 2821 521 2850 liberam
532 2822 610 2850 habet
623 2823 799 2853 versationem
809 2846 815 2856 ,
836 2834 864 2854 ut
874 2825 1009 2864 explicari.
1023 2836 1085 2855 curn
1095 2825 1172 2859 libet,
1184 2830 1208 2854 δε
1220 2827 1373 2866 complicari
1384 2824 1463 2866 poffir
1473 2848 1479 2859 ,
1499 2828 1655 2855 divaricatus
1667 2829 1768 2866 praestat
1778 2829 1829 2855 eri-

276 2858 364 2887 smatis
375 2861 470 2893 vicem,
481 2862 506 2889 id
515 2864 559 2893 est,
572 2863 718 2892 obnitentis
728 2863 816 2893 fulcri.

231 2900 256 2933 c]
293 2900 375 2945 idern.
401 2902 476 2929 Dixit
488 2903 620 2931 machinas
631 2905 747 2942 pluribus
759 2906 883 2944 operibus
895 2907 990 2936 habere
1000 2905 1125 2936 effectus:
1142 2918 1221 2946 quate
1233 2929 1240 2941 ‚
1252 2907 1378 2936 hocloco
1390 2927 1397 2938 ‚
1417 2907 1502 2937 scribo
1509 2916 1577 2947 opere
1584 2909 1662 2937 tertia
1671 2908 1831 2937 inflexione.

275 2942 334 2979 Qi
342 2951 429 2980 operoe
439 2941 593 2981 scripserunt
603 2944 636 2972 ab
647 2955 735 2984 opera,
745 2944 803 2975 sunt
815 2945 878 2982 falfi,
889 2949 961 2987 quod
971 2949 1059 2987 postea
1070 2948 1230 2987 sequeretur,
1241 2949 1362 2988 prudenti
1371 2950 1451 2979 tastu.

1704 2991 1735 3024 d]
1746 2989 1832 3019 Idem.
