2023 3162
298 125 343 154 28
683 113 772 152 DE
829 112 1506 150 810N1F1CAT10N12

288 182 439 224 rotundae
450 190 553 236 parte
572 181 776 219 exteriore)
798 209 808 224 ,
826 175 1071 231 fitbstudiculae
1090 207 1100 223 ‚
1126 178 1165 214 in
1187 183 1349 215 extremis
1357 176 1541 231 scaporum
1570 178 1634 217 vel
1649 182 1772 220 axium
1791 186 1877 238 captia

288 238 378 278 u'bm
396 235 621 292 implumbatae
640 234 831 275 adaiae-ve,
848 247 913 287 per
931 247 1018 286 quas
1035 235 1075 270 in
1093 235 1234 271 armillis
1255 240 1306 280 (eo
1317 235 1455 270 nomine
1473 237 1652 288 accipimus
1663 236 1801 288 ftrreos
1818 256 1876 278 1173,

289 295 388 334 nulos
400 288 445 334 ὠ·
453 294 569 330 velati
577 288 753 328 umbelicos
766 291 805 326 in
816 289 1013 327 arrcelariv's
1025 298 1085 326 aut
1093 287 1475 342 tranfhersttriz'5Jſsapi
1483 299 1545 326 aut
1554 304 1647 332 axes,
1656 296 1761 330 etiam
1771 299 1874 336 torm,

290 350 492 404 vcrfimtur.
524 347 639 398 Apud
653 347 850 384 Heronem
863 347 1021 396 legimus
1043 337 1214 386 κνώδακες
1224 371 1232 384 ,
1253 339 1416 392 χιόὸοικες
1427 358 1517 384 vero
1530 347 1671 385 nullibi.
1704 351 1794 388 Haec
1805 354 1875 389 ille,

295 409 356 446 Cl.
371 404 562 445 Salmasius
572 404 616 440 de
628 402 730 439 mod.
745 401 835 439 usur.
851 414 886 452 p.
905 414 991 440 102.
1001 401 1053 438 At
1064 400 1210 446 cnodax,
1222 414 1296 452 qua
1306 414 1406 440 voce
1418 404 1533 439 ctiam
1545 396 1660 439 utitur
1674 404 1877 452 Vitruvius,

291 463 408 501 fibula
420 461 468 498 est
480 460 594 496 ferrea
607 474 615 498 5
637 459 737 495 velut
747 456 960 495 subscudica
971 487 981 501 ‚
1004 459 1043 493 in
1056 458 1234 508 capitibus
1246 460 1369 495 axium
1381 458 1440 496 vel
1452 457 1692 508 scapulorum
1707 460 1822 500 adfixa
1839 463 1877 500 &

292 517 614 568 adplumbata‚per
625 525 743 562 quam
756 515 794 550 in
804 514 954 550 armillis
964 511 1062 563 scapi
1072 514 1130 551 vel
1143 525 1226 550 axes
1240 513 1438 551 versantur.

348 574 382 610 C
394 586 418 608 o
433 582 461 608 A
475 584 487 606 s
499 582 515 607 s
529 585 550 608 A
565 585 590 606 T
608 584 617 607 1
632 582 673 607 ο.
686 569 770 606 Lib.
781 582 804 607 V
815 582 827 605 1
842 583 855 606 1
865 598 872 606 .
886 582 918 607 c.
935 582 966 606 1.
987 575 1073 605 Cum
1083 567 1346 621 aJJs'ttnmfherit
1356 567 1477 622 fiper,
1487 567 1596 606 altera
1607 565 1877 620 cosffztiostrua-

292 637 363 665 mr.
394 627 546 664 Baldus:
568 625 627 662 Est
638 625 830 670 massario,
843 637 959 674 quam
970 627 1007 662 δ(
1018 628 1287 663 coaxationem
1299 625 1404 669 dicit,
1415 624 1542 662 affium
1557 626 1792 675 compastio:
1816 631 1878 678 qui

291 682 446 733 quidem
458 682 543 720 asses
554 680 624 719 sive
637 692 721 719 axes
732 711 741 726 ,
754 681 887 718 tabulae
900 681 921 718 s
915 692 979 718 unt
991 709 1001 725 ‚
1026 681 1161 729 quibus
1172 682 1371 719 coenacula
1383 681 1429 718 ad
1445 683 1658 731 pavimenta
1679 681 1880 722 sustinenda

290 741 497 777 sternuntur
510 751 517 774 :
550 748 657 774 vetus
669 749 814 775 nomen
826 737 925 774 haud
938 738 1075 774 interiit
1084 738 1184 787 apud
1196 736 1342 774 nostros
1352 739 1476 774 Italos.
1509 736 1618 773 Affes
1629 737 1729 774 enim
1743 739 1880 777 tabulas

290 795 382 847 ipsas
393 806 484 844 quas
502 786 635 833 σανίδας
646 794 768 830 Graeci
779 792 909 830 dicunt
920 792 1118 844 appellant.
1152 793 1264 831 Vnde
1276 793 1374 844 apud
1384 793 1627 832 vernaculum
1639 793 1818 831 Poctam:

631 854 732 885 Come
747 845 897 899 d'affl’st
904 858 979 883 trae
994 844 1108 884 chiodo
1119 861 1178 884 con
1196 845 1324 885 chiodo.

291 906 353 947 Est
373 907 482 956 igitur
494 904 668 942 coass'atio
692 904 962 941 contabulatio.
986 904 1088 941 Hinc
1109 916 1158 941 eo
1179 902 1279 941 sensu
1298 904 1460 941 dicimus
1469 902 1676 941 inmvolare.
1706 903 1884 943 Germani

292 975 383 1001 vero
394 956 590 1010 OEaftltul
605 973 648 997 ac
661 960 686 996 si
699 961 840 1003 dicant,
850 959 1067 997 intabulare‚
1083 960 1259 996 tabulate.

349 1018 384 1055 C
396 1029 422 1054 o
436 1032 455 1054 L
470 1031 489 1053 L
504 1031 514 1054 1
528 1029 590 1067 Qv
604 1029 615 1052 1
630 1025 675 1054 ΑΞ.
695 1014 808 1052 Lib.v
831 1026 863 1050 c.
873 1025 904 1054 3.
916 1013 1154 1066 Interperfiva
1165 1007 1208 1052 (ῥ’
1223 1012 1395 1065 εαΙίίᾳιιὶΜ
1403 1012 1443 1050 ab
1450 1013 1585 1067 angulis
1588 1014 1763 1065 parietum
1774 1013 1886 1051 adan-

286 1071 387 1126 gulos
397 1074 862 1125 tignorumintercurrentes.
874 1069 1022 1107 Baldus:
1038 1069 1170 1107 Literae
1181 1083 1215 1120 q,
1230 1082 1259 1107 c.
1271 1068 1414 1115 affines,
1426 1071 1524 1108 unde
1538 1071 1597 1107 alii
1608 1082 1678 1119 pro
1698 1072 1884 1120 colliquiis

294 1129 460 1165 collicias
479 1126 645 1176 scripsere
658 1155 666 1162 .
706 1127 865 1163 Nomen
884 1125 905 1162 a
929 1125 1175 1175 colliquando
1189 1156 1195 1163 .
1233 1127 1286 1164 Ita
1307 1127 1409 1163 enim
1432 1127 1605 1164 dicuntur
1624 1125 1645 1162 a
1667 1127 1886 1164 Columella

280 1181 377 1236 fitlct'
396 1185 561 1233 majores,
591 1178 872 1234 amplioresqcte)
886 1208 894 1221 ,
917 1175 961 1219 ὠ
982 1182 1082 1234 quast
1099 1181 1323 1218 loculamenta
1335 1207 1342 1221 ‚
1364 1179 1483 1234 quibus
1503 1179 1630 1218 humor
1646 1195 1811 1234 agrorum
1830 1195 1887 1219 no-

293 1240 372 1275 mus
386 1236 572 1274 derivatur
581 1247 683 1275 extra
692 1234 835 1290 figetes.
868 1237 989 1275 Festus
1000 1250 1109 1284 vcro,
1123 1239 1290 1275 collicias
1301 1235 1432 1291 tegultu
1441 1233 1503 1287 effe
1514 1238 1563 1273 ait
1576 1247 1640 1288 per
1653 1250 1738 1289 quas
1749 1250 1837 1290 aqua
1850 1238 1888 1274 in

293 1307 360 1329 vas
387 1292 534 1344 dcfluere
549 1294 669 1344 potes‘l.
700 1293 773 1330 Sed
784 1295 820 1330 ὃς
832 1293 927 1330 Plin.
947 1295 969 1330 l.
987 1306 1001 1331 1
1013 1301 1045 1331 8.
1061 1306 1094 1331 c.
1110 1308 1123 1332 1
1135 1310 1168 1340 9.
1189 1294 1331 1339 scribit,
1348 1295 1387 1330 in
1397 1290 1521 1342 ufices‘z‘
1539 1290 1732 1336 &collicias
1741 1294 1888 1347 interpcz»

294 1362 394 1393 nere,
392 1349 483 1398 stlta
493 1348 583 1385 locus
588 1346 703 1400 poscat
716 1378 726 1393 ‚
746 1347 907 1401 ampliore
907 1345 1005 1400 fitlco
1021 1376 1029 1390 ‚
1052 1363 1124 1402 quae
1135 1346 1290 1401 infiffz'ts
1307 1361 1432 1401 aquam
1449 1345 1630 1384 deducant.
1661 1348 1833 1395 Ejusdem
1845 1348 1889 1386 si-

292 1405 431 1442 milisve
443 1405 596 1453 originis
608 1405 835 1442 vocabulum
848 1404 1017 1454 dcliquiae
1030 1431 1038 1445 ‚
1060 1417 1198 1456 nempe
1211 1404 1231 1441 a
1242 1403 1478 1454 deliquendo.
1512 1403 1564 1441 At
1574 1403 1619 1440 de
1630 1402 1685 1440 his
1706 1404 1771 1441 suo
1781 1404 1885 1443 loco.

293 1461 355 1497 Cl.
369 1460 562 1497 Salmasius
575 1461 611 1496 in
623 1460 740 1497 Solin.
753 1472 788 1512 p.
805 1476 826 1506 7
835 1474 853 1496 2
861 1475 896 1507 7.
907 1460 1094 1499 Videntur
1102 1462 1243 1500 eaedem
1254 1474 1345 1500 cum
1358 1459 1524 1500 elicibus‚
1534 1458 1637 1509 quasi
1648 1461 1825 1499 co'elicias
1839 1461 1889 1498 di-

294 1527 367 1560 cas,
378 1528 469 1565 quas
479 1515 611 1566 postea
620 1517 744 1553 dixere
758 1527 932 1567 corrupte
945 1518 1121 1555 collicias.

349 1572 385 1609 C
398 1585 422 1607 o
439 1586 458 1609 L
470 1584 495 1608 v
506 1585 534 1609 M
549 1585 567 1608 E
580 1584 618 1608 N.
650 1571 732 1608 Lib.
753 1584 807 1610 lv.
821 1584 901 1623 cap.
916 1588 949 1611 2.
979 1575 1018 1610 Si
1027 1574 1156 1623 majora
1163 1574 1275 1627 spatia
1284 1571 1373 1624 siant
1386 1599 1394 1613 ‚
1417 1570 1617 1609 columenin
1634 1568 1776 1623 sitmmo
1785 1571 1889 1624 fhsti-

287 1627 344 1680 gio
353 1625 525 1671 culminis,
537 1624 627 1662 unde
637 1625 680 1670 ὠ
691 1625 852 1665 columnae
869 1627 1046 1666 dicuntur.
1076 1630 1211 1668 Baldus
1224 1645 1231 1667 :
1254 1629 1313 1668 Est
1323 1630 1502 1666 columen
1511 1655 1519 1668 ‚
1543 1637 1584 1665 ut
1595 1640 1682 1665 cum
1692 1628 1890 1667 Philandro

292 1683 463 1720 dicamus
475 1712 485 1728 ‚
502 1684 640 1736 tignum
656 1680 748 1734 quod
760 1681 945 1735 ficmmum
960 1687 1061 1722 totius
1077 1684 1235 1722 culminis
1243 1683 1429 1738 fhstt'gium
1447 1693 1594 1737 occupat.
1623 1684 1808 1723 Barbarus
1827 1696 1889 1721 au-

294 1747 374 1775 tem
386 1740 483 1776 idem
495 1741 573 1776 aliis
592 1738 733 1776 verbis:
755 1742 828 1779 Es‘l,
844 1742 908 1785 ait,
919 1740 1072 1778 columen
1085 1742 1226 1794 proprie
1236 1738 1327 1778 trabs
1347 1739 1403 1778 illa
1414 1770 1424 1786 ‚
1444 1753 1515 1793 quae
1522 1750 1586 1793 per
1596 1738 1735 1792 longum
1744 1741 1783 1776 in
1789 1737 1890 1791 sume

294 1795 416 1830 mitate
435 1793 590 1831 culmz‘m's
602 1797 747 1846 ponitur
760 1825 769 1841 ‚
788 1793 813 1832 ἰι
831 1809 899 1848 qua
915 1806 1085 1850 tanquam
1103 1798 1177 1834 nati
1196 1796 1442 1850 producuntur
1457 1796 1572 1832 omnia
1590 1797 1674 1832 teHz'
1689 1795 1888 1847 ligamenta,

293 1848 581 1899 quemadmodum
592 1850 616 1886 [ὶ
617 1851 720 1901 spina
725 1849 870 1903 piscium
880 1854 1017 1901 majori,
1028 1852 1165 1905 reliquae
1177 1865 1290 1890 omnes
1302 1849 1577 1905 prqficfiusztur.
1608 1849 1802 1887 Nostrates
1812 1861 1888 1886 ma-

295 1906 432 1941 teriarii
450 1906 592 1942 trabem
621 1906 719 1943 hanc
731 1933 739 1946 ‚
763 1919 860 1945 voce
874 1907 894 1943 a
913 1909 1045 1946 Latina
1058 1908 1199 1946 deflexa
1213 1937 1223 1953 ‚
1238 1907 1349 1945 Colmo
1367 1908 1553 1956 appellant
1574 1903 1613 1940 δε
1631 1901 1763 1941 trabem
1783 1905 1889 1957 magi-

291 1956 413 2007 stram.
454 1960 591 1996 Veneti
607 1971 699 1997 vero
720 1961 936 1998 Colmellum.
968 1962 1087 2012 Qod
1100 1976 1193 2001 vero
1215 1975 1286 2007 res,
1297 1972 1380 1999 tum
1392 1962 1564 1998 homines
1582 1958 1661 2009 ipsi,
1680 1961 1890 1998 incolumes

294 2013 476 2054 dicantur,
490 2013 577 2051 hinc
594 2013 809 2052 transsatum
820 2016 879 2052 est.

353 2069 387 2106 C
399 2080 426 2106 o
438 2081 462 2107 L
472 2081 494 2107 v
507 2081 536 2107 M
549 2081 569 2107 B
581 2080 607 2107 A
619 2080 643 2107 R
656 2080 667 2107 1
680 2082 704 2110 v
716 2082 758 2108 M.
788 2070 872 2107 Lib.
891 2082 944 2107 iv.
960 2083 1040 2122 cap.
1057 2083 1090 2107 2.
1122 2071 1227 2108 Graeci
1236 2071 1412 2122 tignorum
1433 2067 1560 2107 cubilia
1571 2063 1615 2108 (ῤ’
1626 2067 1772 2121 affirum
1783 2070 1890 2123 appel-

295 2121 369 2160 lant
382 2149 391 2163 ‚
413 2125 465 2161 uti
483 2123 589 2172 nostri
611 2137 651 2160 ea
669 2138 759 2161 cava
769 2123 982 2163 columbaria.
1007 2128 1167 2165 Nomen
1179 2126 1395 2164 acolumbis
1415 2126 1573 2163 faenum,
1596 2127 1719 2174 inquit
1738 2126 1890 2172 Baldus,

296 2179 472 2217 Varrone
483 2182 520 2217 ὃς
533 2181 752 2218 Columella
762 2182 985 2219 au&oribus‚
999 2182 1132 2230 quibus
1141 2178 1344 2217 columbaria
1357 2179 1584 2217 loculamenta
1593 2180 1649 2217 illa
1651 2178 1753 2231 ficut,
1768 2183 1805 2218 in
1815 2185 1890 2235 qui-

294 2230 356 2271 bua·
367 2232 508 2288 stragula
519 2232 748 2273 columbarum
754 2239 856 2288 paria
866 2233 1053 2289 nidtficant.
1084 2236 1242 2274 Isidorus
1262 2236 1322 2273 lib.
1340 2249 1398 2282 19.
1411 2249 1491 2286 cap.
1506 2251 1540 2275 2.
1561 2236 1636 2273 hoc
1656 2237 1813 2274 nomine
1823 2237 1888 2288 sig-

296 2289 441 2327 nificari
452 2292 546 2336 vult,
558 2293 594 2328 in
606 2290 760 2329 summis
771 2293 926 2329 navium
939 2292 1110 2330 lateribus
1121 2303 1288 2330 concava
1297 2293 1385 2329 loca
1398 2319 1406 2332 ,
1430 2304 1494 2343 per
1503 2305 1584 2342 quae
1602 2294 1770 2330 eminent
1781 2295 1885 2334 remi,

296 2345 391 2382 'dista
400 2345 445 2383 ab
455 2358 503 2384 eo
516 2375 526 2390 ‚
543 2347 648 2397 quod
659 2346 788 2384 similia
800 2347 867 2385 sint
877 2347 1037 2385 latibulis
1059 2347 1319 2386 columbarum
1330 2373 1338 2387 ‚
1361 2350 1400 2384 in
1411 2348 1544 2397 quibus
1562 2347 1764 2385 nidificant.
1795 2350 1888 2387 Item

297 2402 489 2440 Vitruvius
501 2402 562 2438 lib.
577 2415 610 2438 x.
625 2414 704 2453 cap.
719 2419 754 2449 9.
767 2403 830 2440 ubi
842 2404 888 2442 de
897 2414 1078 2456 tympano
1087 2404 1271 2442 haustoria
1293 2403 1484 2441 machinat
1503 2401 1697 2455 ficundnm
1716 2416 1819 2440 axem
1840 2418 1889 2440 co-

296 2453 465 2493 lumbaria
477 2455 587 2505 fiunt,
600 2467 774 2494 excavata
783 2460 820 2496 m
829 2458 977 2512 singul&
986 2461 1110 2510 spatiis
1119 2473 1163 2497 ex
1171 2473 1242 2496 una
1256 2468 1367 2511 parte.
1402 2459 1570 2497 Subinde
1591 2459 1706 2509 paulo
1725 2459 1886 2507 iuferius;

296 2510 496 2549 Hauriendo
507 2524 631 2564 aquam
636 2522 703 2564 per
710 2523 889 2565 aperturas
897 2528 969 2567 qztae
975 2513 1067 2566 fiant
1076 2517 1115 2552 in
1122 2512 1300 2565 frontibus
1309 2517 1474 2566 tympani,
1486 2512 1600 2550 reddit
1610 2527 1685 2550 eam
1690 2523 1754 2566 per
1765 2513 1888 2551 colum-

295 2564 389 2605 baria
405 2564 598 2619 ficundum
615 2581 736 2605 arcem.
766 2571 860 2607 Sunt
878 2583 967 2620 ergo
988 2571 1219 2610 columbaria
1240 2571 1421 2608 foramina
1440 2569 1529 2620 ipsa,
1552 2581 1616 2619 per
1636 2581 1716 2619 quae
1735 2582 1831 2619 aqua
1840 2570 1887 2606 ad

299 2635 410 2661 axem
422 2623 541 2662 delata
552 2652 562 2668 ‚
579 2624 616 2660 in
627 2626 791 2675 tympani
803 2625 1009 2664 versatione
1020 2629 1215 2676 egreditur.
1246 2627 1341 2664 Non
1355 2626 1450 2663 bene
1462 2627 1572 2675 igitur
1584 2625 1734 2662 Coelius
1743 2625 1805 2661 lib.
1823 2639 1841 2662 2
1853 2637 1866 2661 1
1878 2654 1886 2662 .

299 2689 379 2728 cap.
396 2693 415 2717 2
426 2691 455 2716 1.
469 2681 533 2729 qui
543 2680 606 2724 ait,
618 2680 898 2719 columbarium
907 2682 1084 2720 Vitruvio
1097 2683 1169 2719 dici
1180 2695 1345 2736 organum
1356 2678 1551 2718 haurienda
1561 2693 1652 2732 aquae
1654 2691 1720 2732 per
1729 2689 1887 2731 tympana

296 2730 454 2770 idoneum
465 2764 475 2780 ,
486 2730 529 2773 ὥ*
540 2733 607 2771 dici
617 2732 642 2771 ἰι
654 2741 763 2772 Graeco
775 2733 880 2773 verbo
891 2736 1083 2789 κρλυμζςῖν,
1112 2740 1264 2775 minare.
1295 2737 1476 2774 Barbarus
1496 2736 1738 2774 communi&
1752 2734 1886 2773 usitato

298 2788 490 2827 vocabulo
502 2791 632 2828 Italice
654 2796 776 2832 Butos,
801 2793 838 2829 id
853 2793 902 2830 cst
913 2823 923 2837 ‚
945 2794 1129 2831 foramina
1139 2795 1310 2845 appellat.
1324 2794 1384 2830 Cl.
1396 2792 1590 2830 Salmasius
1601 2790 1646 2826 de
1657 2789 1778 2826 modo
1789 2790 1887 2829 Usu-

298 2854 368 2879 rar.
385 2849 402 2877 S
415 2855 426 2878 1
439 2857 454 2886 3
466 2872 471 2878 .
506 2843 688 2882 Columbar
697 2849 872 2898 appellat,
883 2850 971 2898 quia
984 2861 1157 2888 cavernas
1170 2849 1318 2887 haberet
1329 2848 1462 2886 similes
1473 2849 1570 2885 cavis
1580 2846 1640 2882 vel
1648 2845 1887 2884 loculamen-

299 2899 344 2935 tis
355 2899 393 2934 in
405 2899 542 2947 quibus
553 2902 723 2939 columbi
742 2904 942 2941 nidificant.
972 2905 1062 2942 lude
1076 2908 1113 2942 &
1128 2907 1320 2954 tignorum
1342 2904 1475 2941 cubilia
1485 2914 1568 2951 quae
1589 2900 1729 2938 Graecis
1748 2898 1822 2949 ὀπτή
1832 2903 1885 2940 di-

299 2962 446 2999 cuntur,
457 2955 595 2992 Latinis
606 2958 833 2997 columbaria
842 2960 951 3006 dieta,
966 2959 1053 2998 teste
1067 2960 1257 2999 Vitruvio.

1791 3012 1826 3049 C
1841 3024 1883 3051 0-
