2023 3162
271 87 290 114 s
624 71 1011 108 Etr-MENTORUM
1048 63 1498 102 Ancumscwaffi

272 144 493 181 violentum.
510 133 809 176 Tantummodo
824 133 913 169 duas
926 132 1115 180 patiuntur
1132 131 1395 179 exceptionc83
1417 130 1542 179 primo
1552 128 1656 178 quod
1673 130 1710 166 in
1730 129 1797 168 hac
1807 141 1861 168 re-

273 197 376 235 miss'a
386 196 634 236 exsiccatione
652 190 813 228 multum
826 187 1004 224 amittitur
1022 185 1219 234 temporis,
1242 185 1347 234 quod
1364 185 1532 232 alioquin
1543 186 1582 221 in
1593 186 1862 224 collectionem

276 253 444 304 impendi
455 249 586 302 posset:
610 245 744 284 deinde
755 243 860 293 quod
873 251 1019 278 careant
1029 240 1243 288 emulgentc
1255 240 1414 289 quadam
1427 239 1481 276 siti
1498 239 1557 276 seu
1566 241 1679 289 igneo
1695 243 1861 293 appetitu

279 312 421 347 calcem
433 303 635 344 imbibendi
647 331 656 346 ‚
675 313 755 349 quae
766 298 980 335 striiCturam
997 295 1107 332 debet
1120 305 1392 343 coagmentare.
1422 294 1493 331 Sed
1511 295 1589 332 haec
1606 297 1862 337 controversia

277 365 416 402 remitti
429 361 547 413 potest
558 359 602 396 ad
613 355 825 398 Meridiem,
837 352 898 391 ubi
908 352 989 402 plus
1001 351 1050 388 cst
1060 350 1213 389 fervoris
1224 350 1261 387 δε
1271 352 1466 400 patientiae.
1478 353 1606 405 Qare
1615 351 1712 388 nolo
1723 353 1861 392 diutius

276 422 313 458 in
325 420 402 457 hoc
412 417 580 468 scrupulo
592 415 738 455 lixi-ere,
748 409 807 447 sed
818 407 1014 446 concludo
1025 407 1120 444 lianc
1133 416 1275 457 partem
1293 406 1339 444 de
1352 406 1526 445 materiis,
1541 407 1716 444 cautione
1726 409 1864 458 princi-

280 477 370 526 pali:
385 475 536 524 copiam
547 468 705 508 materiae
717 468 754 503 ὅ(
765 465 930 516 pecuniae
942 461 1083 514 semper
1093 471 1259 512 paratam
1270 461 1339 499 effe
1348 471 1527 512 oportere
1541 486 1547 499 .
1561 472 1764 511 antequam
1778 464 1864 502 stru-

277 532 417 568 &ruram
439 525 715 578 aggrediamur:
734 532 822 558 nam
837 519 859 556 fi
871 531 971 556 nunc
981 530 1054 555 una
1066 529 1167 555 nunc
1179 518 1290 554 altera
1311 528 1393 567 pars
1412 529 1476 567 pet
1488 518 1675 555 intervalla
1696 517 1863 566 struatur,

276 585 448 623 structura
457 568 614 620 siccatur
624 581 661 617 δ(
673 576 841 616 considet
852 575 1091 624 inaequaliter,
1103 573 1200 611 unde
1209 574 1363 623 parietes
1376 572 1535 610 evadunt
1542 572 1662 622 rugosi
1676 572 1712 610 δε
1722 574 1861 613 rimosi:

278 652 389 689 quare
401 636 578 686 ejusmodi
591 646 707 673 morae
718 633 817 671 reae
828 630 1086 683 improbantur
1101 629 1122 666 Ξι
1132 628 1298 666 Palladio
1308 629 1370 666 lib.
1385 641 1398 664 1
1411 656 1417 664 .
1430 640 1462 665 c.
1481 641 1512 665 1.
1532 630 1570 665 &
1581 628 1757 666 omnibus
1769 631 1856 668 aliis.

278 696 467 746 Excerptis
477 694 591 732 veluti
601 690 803 741 Spicilegio
815 689 853 725 in
869 687 969 725 hunc
981 685 1142 723 modum
1155 683 1249 722 hisce
1261 683 1578 722 observationibus
1591 684 1636 721 de
1647 687 1809 725 materia,
1820 687 1861 724 li-

279 752 425 795 ceriam
437 747 609 800 progredi
619 746 663 785 ad
675 744 951 795 dispositionem
963 755 1044 791 quae
1056 741 1195 779 format
1207 752 1316 790 opus.
1337 741 1375 776 In
1388 739 1521 778 forma,
1535 741 1858 789 quemadmodum

276 807 351 845 feci
360 808 398 843 in
409 805 655 855 fitu‚primum
669 800 913 838 considerabo
925 798 1136 848 generalem
1147 795 1522 846 figuratione,deinde
1532 795 1668 846 singula
1679 797 1860 836 membra.

332 863 473 912 Figurae
489 871 552 898 aut
567 860 648 897 sunt
659 857 842 908 simplices
861 865 923 892 aut
933 855 1065 892 mixtae.
1096 853 1295 902 Simplices
1305 862 1366 908 aut
1376 851 1456 889 sunt
1466 853 1659 889 circulares
1671 862 1734 890 aut
1744 864 1861 903 angu.

273 920 381 956 lares:
403 920 440 955 δε
464 917 699 954 circularium
712 922 773 951 aut
786 910 971 963 perfestae,
989 908 1291 952 autdeficiente5‚
1304 918 1346 945 ut
1363 909 1503 946 ovales.
1525 907 1659 958 quibus
1669 908 1860 958 speciebus

272 987 338 1012 cro
351 982 561 1012 contentus,
578 981 794 1021 quanquam
805 966 936 1005 divisio
948 965 1161 1003 accuratior
1173 963 1239 1001 effe
1249 962 1378 1014 posset.

327 1031 444 1068 Porro
457 1028 603 1066 exafiliis
617 1026 777 1064 circulus
790 1034 913 1071 revera
924 1021 972 1059 est
983 1020 1101 1071 figura
1113 1049 1122 1065 ,
1143 1032 1222 1070 quae
1235 1019 1279 1057 ad
1291 1019 1458 1057 nostrum
1475 1017 1710 1071 propositum
1723 1020 1859 1059 multas

275 1084 423 1123 obtinet
435 1085 590 1121 idoneas
602 1084 639 1120 δε
659 1082 867 1118 eminentes
887 1078 1127 1131 proprietates
1139 1098 1149 1125 5
1170 1086 1258 1128 puta
1278 1075 1523 1126 aptitudinem
1542 1075 1588 1112 ad
1601 1076 1859 1115 commodita-

274 1152 352 1178 tem
364 1140 399 1177 δε
411 1150 617 1189 receptum,
630 1149 718 1175 cum
728 1135 769 1173 fit
781 1133 1034 1185 capacissima:
1058 1134 1147 1170 item
1160 1132 1204 1169 ad
1215 1131 1430 1169 firmitatem
1444 1133 1481 1169 ὃ(
1493 1131 1751 1171 durationem,
1770 1143 1860 1170 cum

266 1196 318 1234 -fit
330 1193 349 1233 ὲ
362 1195 522 1247 partibus
535 1195 696 1232 maxime
714 1192 844 1239 uniti33
866 1190 911 1228 ad
924 1189 1240 1240 pulchritudinem
1259 1187 1296 1226 δε
1315 1189 1548 1238 voluptatem
1561 1216 1571 1231 ‚
1590 1198 1678 1224 cum
1695 1188 1861 1225 imitetur

275 1254 386 1290 orbes
401 1249 569 1289 coelestes
584 1275 590 1287 ,
613 1251 649 1286 δε
661 1246 815 1285 universi
829 1246 1006 1283 formam.
1036 1244 1210 1282 Praeterea
1218 1243 1365 1283 videtur
1377 1243 1512 1281 habere
1524 1252 1663 1280 naturae
1675 1243 1860 1293 approba-

269 1309 418 1345 tionem
431 1337 440 1352 ,
454 1319 544 1343 cum
560 1303 912 1355 opereturinstinem
922 1330 932 1346 ‚
950 1312 1032 1350 quae
1051 1299 1100 1337 cst
1112 1299 1261 1348 mystica
1280 1300 1375 1336 illius
1395 1299 1522 1336 schola
1536 1310 1641 1342 3nam
1654 1310 1738 1337 aves
1750 1297 1859 1336 nidos

269 1362 356 1401 suos
367 1363 506 1400 faciunt
515 1361 718 1412 sphaericos.
733 1360 875 1398 Verum
888 1368 966 1394 non
978 1355 1206 1394 obstantibus
1219 1352 1314 1393 hisce
1327 1356 1652 1395 attributis‚rcvera
1662 1354 1767 1391 valde
1778 1356 1860 1392 inu-

274 1420 346 1456 tilis
359 1418 407 1456 est
419 1418 533 1468 figura
543 1419 581 1454 in
592 1417 739 1468 privatis
752 1415 1033 1462 structuriaqrua
1042 1413 1221 1449 omnium
1232 1411 1281 1449 est
1292 1412 1311 1449 s
1308 1409 1753 1458 umtuofiffima3multum
1763 1409 1863 1460 spatii

271 1475 447 1524 perdens,
471 1483 667 1512 curvatura
695 1473 901 1522 parietum,
927 1481 1015 1506 cum
1037 1467 1232 1506 dividitur:
1253 1477 1380 1519 praeter
1399 1478 1546 1517 pravam
1565 1465 1859 1504 distributionem

271 1530 424 1569 luminis
436 1560 445 1575 ,
467 1529 487 1566 a
507 1539 637 1567 centro
656 1539 693 1566 te
700 1528 759 1565 Cli.
790 1529 845 1565 Ita
857 1535 897 1564 ut
917 1525 1118 1575 antiquitus
1138 1535 1218 1561 non
1229 1523 1337 1562 fuerit
1354 1521 1521 1574 usurpata
1533 1548 1541 1562 ‚
1565 1531 1809 1572 praeterquam
1821 1523 1859 1560 in

273 1586 446 1638 Templis
458 1588 495 1623 &
507 1584 803 1636 Amphitheatris
815 1613 824 1628 ,
837 1584 874 1620 in
884 1581 1017 1632 quibus
1027 1581 1245 1630 partitiones
1257 1591 1337 1617 non
1346 1578 1640 1628 requirebantur.
1650 1578 1810 1626 ‚Ovales‚
1822 1580 1862 1617 &

272 1643 350 1678 aliae
370 1641 591 1693 imperfeffle
602 1641 797 1678 circulares
808 1639 930 1689 figurae
941 1667 951 1683 ‚
973 1636 1118 1675 easdem
1128 1638 1316 1687 patiuntur
1326 1635 1568 1685 exceptiones
1583 1662 1593 1678 ‚
1616 1632 1787 1671 &minus
1799 1635 1862 1672 bc-

270 1695 450 1733 neficium
470 1697 681 1746 capacitatis
691 1723 699 1731 .
731 1697 787 1731 Ita
807 1705 846 1732 ut
865 1692 1156 1742 contemplanda
1173 1691 1279 1730 restet
1290 1721 1299 1736 ‚
1325 1693 1365 1727 in
1388 1690 1457 1727 hac
1479 1689 1641 1739 generali
1659 1688 1858 1738 figurarum

241 1765 245 1769 ’
274 1750 537 1800 disquisitione,
550 1752 731 1799 angularis
744 1753 781 1788 ὅ(
795 1762 839 1788 ex
851 1759 1005 1798 utraque
1020 1749 1147 1785 mixta.
1181 1747 1309 1801 Qiod
1321 1746 1455 1796 spectat
1464 1746 1508 1783 ad
1519 1744 1751 1794 angularem,
1772 1746 1861 1783 licet

277 1808 434 1844 alienior
445 1807 610 1843 videatur
621 1834 630 1849 ‚
642 1816 764 1842 tamen
776 1817 861 1843 vera
878 1805 926 1841 est
937 1802 1145 1841 observatio
1156 1829 1164 1843 ‚
1186 1803 1281 1840 hanc
1292 1813 1408 1839 artem
1429 1812 1551 1837 amare
1573 1812 1691 1849 neque
1703 1802 1859 1844 multos,

272 1874 394 1911 neque
414 1873 552 1912 paucos
564 1861 732 1910 angulos.
762 1862 864 1897 Nam
884 1861 1045 1910 primum
1056 1859 1264 1907 triangulus
1281 1859 1345 1906 qui
1363 1856 1475 1893 habet
1492 1856 1672 1905 pauciora
1688 1855 1798 1892 latera
1819 1859 1857 1894 δ(

271 1929 413 1954 cornua
427 1946 436 1962 ‚
456 1929 527 1968 prae
538 1917 715 1954 omnibus
727 1917 884 1952 maxime
901 1913 1132 1964 improbatur
1144 1937 1152 1949 ‚
1173 1922 1306 1964 utpote
1326 1922 1453 1951 revera
1469 1913 1622 1960 incapax
1643 1910 1858 1949 &infirmus

271 1971 394 2020 (cujus
407 1975 500 2010 ratio
512 1971 637 2023 postea
650 1971 836 2017 reddetur)
857 1980 970 2019 atque
982 1981 1059 2007 non
1077 1967 1282 2006 resolubilis
1301 1969 1340 2004 in
1361 1967 1466 2004 aliam
1481 1967 1685 2015 regularem
1695 1966 1856 2016 figuram

271 2040 385 2079 qnam
397 2029 513 2073 suam,
530 2030 565 2065 in
577 2026 812 2065 interioribus
824 2025 1094 2076 partitionibus.

329 2086 527 2136 Qantum
539 2084 583 2121 ad
594 2082 724 2133 figuras
739 2084 918 2131 quinque,
930 2079 1002 2131 sex,
1014 2080 1154 2130 septem
1166 2090 1226 2118 aut
1237 2079 1399 2130 plui-ium
1411 2079 1638 2128 angulorum
1652 2108 1661 2123 ‚
1676 2090 1726 2117 eae
1739 2073 1858 2129 aptio-

269 2151 325 2176 res
345 2140 423 2177 sunt
433 2140 478 2177 ad
497 2140 672 2176 militares
685 2138 878 2175 structuras
892 2165 901 2181 ‚
922 2139 958 2173 in
969 2136 1101 2186 quibus
1114 2136 1398 2187 propugnacula
1415 2133 1705 2184 projicipossunt
1723 2136 1761 2171 in
1773 2147 1857 2172 cor-

269 2206 343 2232 nua
357 2221 364 2234 ,
379 2197 415 2232 ὅ(
428 2196 540 2232 latera
550 2193 1031 2242 servii-cintervallis‚quam
1044 2193 1142 2230 civili
1155 2192 1247 2228 usui:
1271 2190 1651 2239 licetliaudignorem
1670 2189 1856 2228 famosum

267 2250 360 2287 illud
380 2249 578 2288 :edificium
592 2247 798 2301 Caprarolae,
821 2248 929 2298 quod
945 2247 994 2285 est
1013 2247 1162 2285 familia:
1174 2245 1412 2296 Ev’mjsz'orum
1425 2245 1445 2282 a
1463 2246 1614 2282 Barocct'o
1625 2245 1798 2283 sttuCtum
1817 2246 1858 2282 fi-

266 2317 354 2355 gura
373 2315 601 2355 pentagona,
615 2304 970 2354 cuminscriptione‚
988 2305 1025 2340 in
1037 2316 1109 2352 qua
1120 2302 1356 2339 AtcliitcCtus
1368 2304 1530 2350 ingenue
1549 2301 1682 2339 fatetur
1698 2301 1731 2338 se
1743 2302 1858 2339 luita-

267 2372 350 2399 tum
361 2373 449 2399 cum
459 2362 593 2398 idonea
603 2360 859 2396 collocatione
870 2361 1058 2397 luminum
1072 2361 1109 2396 δε
1121 2358 1368 2395 vacuitatibus
1377 2357 1692 2394 vstanfflchrum
1707 2358 1761 2393 uti
1773 2354 1855 2394 haec

269 2418 470 2455 molimina
481 2417 598 2465 magis
608 2414 785 2464 adspirant
795 2415 840 2452 ad
850 2417 1048 2459 raritatem,
1061 2426 1176 2464 quam
1187 2414 1231 2451 ad
1244 2412 1557 2450 commoditatem
1569 2438 1577 2452 ‚
1598 2413 1730 2450 malim
1742 2424 1784 2451 ea
1795 2412 1856 2452 ad-

270 2474 406 2511 mirari,
425 2482 540 2522 quam
552 2481 781 2520 magnopere
793 2471 1071 2508 commendare.

330 2527 439 2565 Hisce
450 2525 650 2579 perpensis,
673 2535 750 2562 tam
761 2527 949 2576 praeceptis
960 2537 1072 2575 quam
1084 2526 1186 2575 praxi
1197 2526 1431 2575 optimorum
1445 2522 1745 2561 Architetftorum
1759 2553 1769 2568 ,
1788 2524 1855 2562 du-

271 2584 391 2620 cimur
402 2583 446 2620 ad
456 2582 693 2634 probandum
705 2580 927 2630 quadratum
939 2581 1190 2629 i·e6tangulum
1204 2606 1211 2620 ‚
1233 2582 1286 2617 uti
1297 2580 1465 2617 medium
1477 2581 1571 2616 inter
1594 2580 1701 2616 nimis
1713 2591 1856 2629 paucos

270 2636 308 2673 &
320 2638 430 2675 nimis
443 2640 581 2676 multos
590 2637 745 2686 angulos
760 2650 769 2679 ·‚
794 2638 831 2674 δ(
854 2647 1005 2686 propter
1017 2637 1197 2685 :equalem
1216 2637 1375 2673 laterum
1385 2635 1671 2672 inclinationem
1694 2634 1789 2683 (quae
1802 2647 1854 2672 re-

269 2693 479 2742 &angulum
490 2693 645 2742 faciunt)
658 2691 797 2729 firmius
808 2703 925 2740 quam
938 2692 1119 2729 rhombus
1131 2701 1195 2728 aut
1207 2690 1305 2728 aliud
1316 2691 1510 2739 irregulare
1521 2689 1757 2738 quadratum.
1779 2692 1853 2729 Ve-

266 2760 362 2787 rum,
377 2758 503 2785 utrum
515 2749 684 2789 exactum
695 2747 914 2797 quadratum
928 2759 973 2784 an
986 2747 1186 2796 oblongius
1198 2745 1238 2783 fit
1251 2747 1385 2783 melius
1399 2775 1408 2790 ,
1429 2758 1511 2783 non
1522 2746 1668 2796 reperio
1679 2745 1853 2783 determi-

266 2813 396 2840 natum
408 2827 416 2842 ‚
438 2814 652 2851 quanquam
666 2815 754 2840 meo
767 2803 909 2849 judicio
922 2830 933 2846 ‚
952 2802 1131 2853 posterius
1143 2801 1350 2852 praeferrem
1364 2822 1373 2848 3
1391 2803 1440 2838 ita
1451 2811 1579 2838 tamen
1599 2801 1851 2850 utlongitudo

266 2869 347 2895 non
360 2859 510 2895 excedat
529 2858 764 2895 latitudinem
775 2857 842 2894 nisi
858 2859 964 2895 tertia
975 2868 1099 2907 patte3
1119 2868 1205 2894 nam
1216 2859 1299 2896 alias
1309 2858 1493 2895 minueret
1511 2854 1740 2895 venustatem
1753 2857 1795 2893 as
1787 2870 1852 2907 pe-

264 2912 340 2951 ctus
351 2938 359 2954 ‚
382 2922 421 2950 ut
433 2913 603 2963 liquebit,
612 2924 699 2952 cum
710 2913 754 2951 de
765 2914 990 2961 Symmetria
998 2924 1162 2963 agemus.

1788 2969 1850 3006 De
