<?xml version="1.0" encoding="UTF-8"?>
<!DOCTYPE html PUBLIC "-//W3C//DTD XHTML 1.0 Transitional//EN"
    "http://www.w3.org/TR/xhtml1/DTD/xhtml1-transitional.dtd">
<html xmlns="http://www.w3.org/1999/xhtml" xml:lang="en" lang="en">
 <head>
  <title>
</title>
<meta http-equiv="Content-Type" content="text/html;charset=utf-8" />
  <meta name='ocr-system' content='tesseract 3.04.00' />
  <meta name='ocr-capabilities' content='ocr_page ocr_carea ocr_par ocr_line ocrx_word'/>
</head>
<body>
  <div class='ocr_page' id='page_1' title='image "./vitruviipollioni00vitr_0564.png"; bbox 0 0 2023 3162; ppageno 0'>
   <div class='ocr_carea' id='block_1_1' title="bbox 257 32 1484 86">
    <p class='ocr_par' dir='ltr' id='par_1_1' title="bbox 257 32 1484 86">
     <span class='ocr_line' id='line_1_1' title="bbox 257 32 1484 86; baseline -0.01 -9"><span class='ocrx_word' id='word_1_1' title='bbox 257 53 303 86; x_wconf 74' lang='lat'>§0</span> <span class='ocrx_word' id='word_1_2' title='bbox 630 32 1484 72; x_wconf 17' lang='lat' dir='ltr'>Luoov1c1DnMoNTA10s11</span> 
     </span>
    </p>
   </div>
   <div class='ocr_carea' id='block_1_2' title="bbox 249 94 1863 2890">
    <p class='ocr_par' dir='ltr' id='par_1_2' title="bbox 249 94 1863 2890">
     <span class='ocr_line' id='line_1_2' title="bbox 254 94 1855 154; baseline -0.009 -9"><span class='ocrx_word' id='word_1_3' title='bbox 254 108 293 145; x_wconf 84' lang='lat' dir='ltr'>A</span> <span class='ocrx_word' id='word_1_4' title='bbox 306 107 401 150; x_wconf 87' lang='lat' dir='ltr'>Diis,</span> <span class='ocrx_word' id='word_1_5' title='bbox 410 103 590 154; x_wconf 63' lang='lat' dir='ltr'>inquinati</span> <span class='ocrx_word' id='word_1_6' title='bbox 602 102 774 140; x_wconf 91' lang='lat' dir='ltr'>homines</span> <span class='ocrx_word' id='word_1_7' title='bbox 783 100 985 137; x_wconf 89' lang='lat' dir='ltr'>statuarum</span> <span class='ocrx_word' id='word_1_8' title='bbox 998 98 1123 136; x_wconf 89' lang='lat' dir='ltr'>honos</span> <span class='ocrx_word' id='word_1_9' title='bbox 1135 95 1326 135; x_wconf 82' lang='lat' dir='ltr'>transsatus</span> <span class='ocrx_word' id='word_1_10' title='bbox 1338 94 1430 141; x_wconf 85' lang='lat' dir='ltr'>est‚si</span> <span class='ocrx_word' id='word_1_11' title='bbox 1441 107 1513 145; x_wconf 87' lang='lat' dir='ltr'>qua</span> <span class='ocrx_word' id='word_1_12' title='bbox 1526 95 1651 134; x_wconf 76' lang='lat' dir='ltr'>illustri</span> <span class='ocrx_word' id='word_1_13' title='bbox 1661 97 1764 134; x_wconf 75' lang='lat' dir='ltr'>causa</span> <span class='ocrx_word' id='word_1_14' title='bbox 1775 112 1855 149; x_wconf 64' lang='lat' dir='ltr'>pes„</span> 
     </span>
     <span class='ocr_line' id='line_1_3' title="bbox 253 153 1855 214; baseline -0.004 -13"><span class='ocrx_word' id='word_1_15' title='bbox 253 165 472 214; x_wconf 86' lang='lat' dir='ltr'>petuitatem</span> <span class='ocrx_word' id='word_1_16' title='bbox 493 169 746 198; x_wconf 87' lang='lat' dir='ltr'>mererentur.</span> <span class='ocrx_word' id='word_1_17' title='bbox 785 156 914 193; x_wconf 89' lang='lat' dir='ltr'>Primo</span> <span class='ocrx_word' id='word_1_18' title='bbox 931 153 1122 192; x_wconf 87' lang='lat' dir='ltr'>sacrorum</span> <span class='ocrx_word' id='word_1_19' title='bbox 1142 154 1390 191; x_wconf 80' lang='lat' dir='ltr'>certaminum</span> <span class='ocrx_word' id='word_1_20' title='bbox 1406 154 1558 190; x_wconf 67' lang='lat' dir='ltr'>victoria</span> <span class='ocrx_word' id='word_1_21' title='bbox 1577 179 1584 192; x_wconf 91' lang='lat'><strong><em>‚</em></strong></span> <span class='ocrx_word' id='word_1_22' title='bbox 1617 156 1855 206; x_wconf 76' lang='lat' dir='ltr'>maximeque</span> 
     </span>
     <span class='ocr_line' id='line_1_4' title="bbox 253 209 1858 269; baseline -0.004 -13"><span class='ocrx_word' id='word_1_23' title='bbox 253 220 438 269; x_wconf 78' lang='lat' dir='ltr'>Olympiae</span> <span class='ocrx_word' id='word_1_24' title='bbox 453 246 462 262; x_wconf 95' lang='lat'>‚</span> <span class='ocrx_word' id='word_1_25' title='bbox 485 217 729 254; x_wconf 88' lang='lat' dir='ltr'>ubiomnium</span> <span class='ocrx_word' id='word_1_26' title='bbox 749 214 817 261; x_wconf 92' lang='lat' dir='ltr'>qui</span> <span class='ocrx_word' id='word_1_27' title='bbox 834 210 1002 250; x_wconf 78' lang='lat' dir='ltr'>vicissent</span> <span class='ocrx_word' id='word_1_28' title='bbox 1022 210 1153 247; x_wconf 88' lang='lat' dir='ltr'>statuas</span> <span class='ocrx_word' id='word_1_29' title='bbox 1173 209 1286 246; x_wconf 89' lang='lat' dir='ltr'>dicari</span> <span class='ocrx_word' id='word_1_30' title='bbox 1306 219 1392 245; x_wconf 88' lang='lat' dir='ltr'>mos</span> <span class='ocrx_word' id='word_1_31' title='bbox 1415 218 1509 245; x_wconf 84' lang='lat' dir='ltr'>erat:</span> <span class='ocrx_word' id='word_1_32' title='bbox 1531 220 1664 246; x_wconf 88' lang='lat' dir='ltr'>eorum</span> <span class='ocrx_word' id='word_1_33' title='bbox 1684 222 1774 249; x_wconf 87' lang='lat' dir='ltr'>vcro</span> <span class='ocrx_word' id='word_1_34' title='bbox 1792 216 1858 262; x_wconf 87' lang='lat' dir='ltr'>qui</span> 
     </span>
     <span class='ocr_line' id='line_1_5' title="bbox 256 263 1858 325; baseline -0.004 -11"><span class='ocrx_word' id='word_1_35' title='bbox 256 287 310 313; x_wconf 92' lang='lat' dir='ltr'>ter</span> <span class='ocrx_word' id='word_1_36' title='bbox 328 276 379 313; x_wconf 91' lang='lat' dir='ltr'>ibi</span> <span class='ocrx_word' id='word_1_37' title='bbox 389 270 655 325; x_wconf 75' lang='lat' dir='ltr'>superaviss&#39;ent,</span> <span class='ocrx_word' id='word_1_38' title='bbox 670 282 713 306; x_wconf 86' lang='lat' dir='ltr'>ex</span> <span class='ocrx_word' id='word_1_39' title='bbox 726 267 904 306; x_wconf 83' lang='lat' dir='ltr'>membris</span> <span class='ocrx_word' id='word_1_40' title='bbox 923 267 1088 317; x_wconf 88' lang='lat' dir='ltr'>ipsorum</span> <span class='ocrx_word' id='word_1_41' title='bbox 1101 265 1357 302; x_wconf 85' lang='lat' dir='ltr'>similitudines</span> <span class='ocrx_word' id='word_1_42' title='bbox 1377 263 1564 315; x_wconf 72' lang='lat' dir='ltr'>expressas,</span> <span class='ocrx_word' id='word_1_43' title='bbox 1586 276 1675 313; x_wconf 86' lang='lat' dir='ltr'>quas</span> <span class='ocrx_word' id='word_1_44' title='bbox 1692 267 1858 307; x_wconf 84' lang='lat' dir='ltr'>iconicas</span> 
     </span>
     <span class='ocr_line' id='line_1_6' title="bbox 251 320 1855 372; baseline -0.007 -1"><span class='ocrx_word' id='word_1_45' title='bbox 251 333 454 371; x_wconf 73' lang='lat' dir='ltr'>vocabant.</span> <span class='ocrx_word' id='word_1_46' title='bbox 486 328 641 366; x_wconf 82' lang='lat' dir='ltr'>lultalia</span> <span class='ocrx_word' id='word_1_47' title='bbox 653 325 856 363; x_wconf 85' lang='lat' dir='ltr'>statuarum</span> <span class='ocrx_word' id='word_1_48' title='bbox 868 322 951 360; x_wconf 86' lang='lat' dir='ltr'>usus</span> <span class='ocrx_word' id='word_1_49' title='bbox 965 320 1241 372; x_wconf 77' lang='lat' dir='ltr'>antiquiss&#39;imus</span> <span class='ocrx_word' id='word_1_50' title='bbox 1265 321 1324 357; x_wconf 89' lang='lat' dir='ltr'>est.</span> <span class='ocrx_word' id='word_1_51' title='bbox 1357 330 1583 370; x_wconf 83' lang='lat' dir='ltr'>argumento</span> <span class='ocrx_word' id='word_1_52' title='bbox 1605 320 1655 358; x_wconf 88' lang='lat' dir='ltr'>est</span> <span class='ocrx_word' id='word_1_53' title='bbox 1674 322 1855 363; x_wconf 82' lang='lat' dir='ltr'>Hercules</span> 
     </span>
     <span class='ocr_line' id='line_1_7' title="bbox 249 378 1859 428; baseline -0.008 -2"><span class='ocrx_word' id='word_1_54' title='bbox 249 390 295 426; x_wconf 87' lang='lat' dir='ltr'>ab</span> <span class='ocrx_word' id='word_1_55' title='bbox 307 387 482 424; x_wconf 70' lang='lat' dir='ltr'>Euandro</span> <span class='ocrx_word' id='word_1_56' title='bbox 500 383 656 421; x_wconf 73' lang='lat' dir='ltr'>sacratus</span> <span class='ocrx_word' id='word_1_57' title='bbox 671 411 680 427; x_wconf 88' lang='lat'>,</span> <span class='ocrx_word' id='word_1_58' title='bbox 700 391 740 418; x_wconf 90' lang='lat' dir='ltr'>ut</span> <span class='ocrx_word' id='word_1_59' title='bbox 754 381 890 424; x_wconf 91' lang='lat' dir='ltr'>fertur,</span> <span class='ocrx_word' id='word_1_60' title='bbox 911 381 949 417; x_wconf 89' lang='lat' dir='ltr'>in</span> <span class='ocrx_word' id='word_1_61' title='bbox 968 378 1054 417; x_wconf 90' lang='lat' dir='ltr'>foro</span> <span class='ocrx_word' id='word_1_62' title='bbox 1074 379 1233 417; x_wconf 83' lang='lat' dir='ltr'>Boario,</span> <span class='ocrx_word' id='word_1_63' title='bbox 1257 378 1491 427; x_wconf 84' lang='lat' dir='ltr'>triumphalis</span> <span class='ocrx_word' id='word_1_64' title='bbox 1504 386 1671 414; x_wconf 83' lang='lat' dir='ltr'>vocatus.</span> <span class='ocrx_word' id='word_1_65' title='bbox 1703 379 1859 428; x_wconf 79' lang='lat' dir='ltr'>Regum</span> 
     </span>
     <span class='ocr_line' id='line_1_8' title="bbox 251 433 1859 490; baseline -0.005 -9"><span class='ocrx_word' id='word_1_66' title='bbox 251 446 352 482; x_wconf 85' lang='lat' dir='ltr'>enim</span> <span class='ocrx_word' id='word_1_67' title='bbox 365 443 485 479; x_wconf 79' lang='lat' dir='ltr'>statua:</span> <span class='ocrx_word' id='word_1_68' title='bbox 505 441 543 476; x_wconf 88' lang='lat' dir='ltr'>in</span> <span class='ocrx_word' id='word_1_69' title='bbox 555 439 751 490; x_wconf 83' lang='lat' dir='ltr'>Capitolio</span> <span class='ocrx_word' id='word_1_70' title='bbox 763 437 929 481; x_wconf 81' lang='lat' dir='ltr'>fuerunt,</span> <span class='ocrx_word' id='word_1_71' title='bbox 953 446 994 473; x_wconf 87' lang='lat' dir='ltr'>ut</span> <span class='ocrx_word' id='word_1_72' title='bbox 1015 435 1213 484; x_wconf 86' lang='lat' dir='ltr'>Tarquinii</span> <span class='ocrx_word' id='word_1_73' title='bbox 1237 433 1354 470; x_wconf 74' lang='lat' dir='ltr'>Prisci.</span> <span class='ocrx_word' id='word_1_74' title='bbox 1372 434 1514 482; x_wconf 79' lang='lat' dir='ltr'>Sibylla:</span> <span class='ocrx_word' id='word_1_75' title='bbox 1532 434 1646 470; x_wconf 87' lang='lat' dir='ltr'>ctiam</span> <span class='ocrx_word' id='word_1_76' title='bbox 1665 443 1737 470; x_wconf 90' lang='lat' dir='ltr'>tres</span> <span class='ocrx_word' id='word_1_77' title='bbox 1758 436 1859 479; x_wconf 76' lang='lat' dir='ltr'>juxta</span> 
     </span>
     <span class='ocr_line' id='line_1_9' title="bbox 251 489 1858 542; baseline -0.005 -5"><span class='ocrx_word' id='word_1_78' title='bbox 251 500 365 537; x_wconf 78' lang='lat' dir='ltr'>rostra</span> <span class='ocrx_word' id='word_1_79' title='bbox 386 497 546 535; x_wconf 88' lang='lat' dir='ltr'>fuerunt.</span> <span class='ocrx_word' id='word_1_80' title='bbox 579 494 749 542; x_wconf 80' lang='lat' dir='ltr'>Ejusdem</span> <span class='ocrx_word' id='word_1_81' title='bbox 762 494 992 542; x_wconf 79' lang='lat' dir='ltr'>antiquitatis</span> <span class='ocrx_word' id='word_1_82' title='bbox 1011 501 1088 529; x_wconf 87' lang='lat' dir='ltr'>erat</span> <span class='ocrx_word' id='word_1_83' title='bbox 1100 490 1335 528; x_wconf 72' lang='lat' dir='ltr'>ACtiiNavii.</span> <span class='ocrx_word' id='word_1_84' title='bbox 1368 489 1520 527; x_wconf 75' lang='lat' dir='ltr'>Parcior</span> <span class='ocrx_word' id='word_1_85' title='bbox 1542 491 1709 538; x_wconf 88' lang='lat' dir='ltr'>primum</span> <span class='ocrx_word' id='word_1_86' title='bbox 1728 502 1858 529; x_wconf 86' lang='lat' dir='ltr'>earum</span> 
     </span>
     <span class='ocr_line' id='line_1_10' title="bbox 250 544 1858 603; baseline -0.005 -10"><span class='ocrx_word' id='word_1_87' title='bbox 250 556 331 593; x_wconf 81' lang='lat' dir='ltr'>usus</span> <span class='ocrx_word' id='word_1_88' title='bbox 343 585 352 599; x_wconf 87' lang='lat'>‚</span> <span class='ocrx_word' id='word_1_89' title='bbox 364 566 482 603; x_wconf 87' lang='lat' dir='ltr'>quum</span> <span class='ocrx_word' id='word_1_90' title='bbox 495 564 565 590; x_wconf 90' lang='lat' dir='ltr'>nec</span> <span class='ocrx_word' id='word_1_91' title='bbox 580 552 715 595; x_wconf 86' lang='lat' dir='ltr'>Bruto,</span> <span class='ocrx_word' id='word_1_92' title='bbox 727 552 794 600; x_wconf 91' lang='lat' dir='ltr'>qui</span> <span class='ocrx_word' id='word_1_93' title='bbox 807 550 933 598; x_wconf 82' lang='lat' dir='ltr'>Reges</span> <span class='ocrx_word' id='word_1_94' title='bbox 955 549 1153 599; x_wconf 79' lang='lat' dir='ltr'>expulerat,</span> <span class='ocrx_word' id='word_1_95' title='bbox 1166 545 1286 597; x_wconf 81' lang='lat' dir='ltr'>posita</span> <span class='ocrx_word' id='word_1_96' title='bbox 1303 544 1423 582; x_wconf 85' lang='lat' dir='ltr'>fucrit.</span> <span class='ocrx_word' id='word_1_97' title='bbox 1442 545 1568 582; x_wconf 85' lang='lat' dir='ltr'>Postea</span> <span class='ocrx_word' id='word_1_98' title='bbox 1581 557 1671 583; x_wconf 89' lang='lat' dir='ltr'>vero</span> <span class='ocrx_word' id='word_1_99' title='bbox 1685 546 1858 596; x_wconf 87' lang='lat' dir='ltr'>cujusque</span> 
     </span>
     <span class='ocr_line' id='line_1_11' title="bbox 252 602 1860 656; baseline -0.004 -8"><span class='ocrx_word' id='word_1_100' title='bbox 252 613 454 648; x_wconf 85' lang='lat' dir='ltr'>arbitratu.</span> <span class='ocrx_word' id='word_1_101' title='bbox 495 607 560 646; x_wconf 88' lang='lat' dir='ltr'>Ab</span> <span class='ocrx_word' id='word_1_102' title='bbox 581 609 712 645; x_wconf 87' lang='lat' dir='ltr'>exteris</span> <span class='ocrx_word' id='word_1_103' title='bbox 733 617 890 656; x_wconf 89' lang='lat' dir='ltr'>quoque</span> <span class='ocrx_word' id='word_1_104' title='bbox 910 606 1004 654; x_wconf 87' lang='lat' dir='ltr'>poni</span> <span class='ocrx_word' id='word_1_105' title='bbox 1025 613 1162 655; x_wconf 81' lang='lat' dir='ltr'>coeptae</span> <span class='ocrx_word' id='word_1_106' title='bbox 1182 604 1224 638; x_wconf 88' lang='lat' dir='ltr'>iis</span> <span class='ocrx_word' id='word_1_107' title='bbox 1243 604 1281 638; x_wconf 90' lang='lat' dir='ltr'>in</span> <span class='ocrx_word' id='word_1_108' title='bbox 1299 614 1465 651; x_wconf 90' lang='lat' dir='ltr'>quorum</span> <span class='ocrx_word' id='word_1_109' title='bbox 1485 602 1698 639; x_wconf 81' lang='lat' dir='ltr'>clientelam</span> <span class='ocrx_word' id='word_1_110' title='bbox 1717 605 1860 653; x_wconf 80' lang='lat' dir='ltr'><strong>recepti</strong></span> 
     </span>
     <span class='ocr_line' id='line_1_12' title="bbox 252 657 1859 714; baseline -0.005 -10"><span class='ocrx_word' id='word_1_111' title='bbox 252 666 385 711; x_wconf 73' lang='lat' dir='ltr'>essent,</span> <span class='ocrx_word' id='word_1_112' title='bbox 405 665 543 714; x_wconf 88' lang='lat' dir='ltr'>velqui</span> <span class='ocrx_word' id='word_1_113' title='bbox 561 676 628 701; x_wconf 90' lang='lat' dir='ltr'>eos</span> <span class='ocrx_word' id='word_1_114' title='bbox 644 663 854 700; x_wconf 83' lang='lat' dir='ltr'>laborantes</span> <span class='ocrx_word' id='word_1_115' title='bbox 865 659 1115 698; x_wconf 76' lang='lat' dir='ltr'>sublevass&#39;ent.</span> <span class='ocrx_word' id='word_1_116' title='bbox 1148 660 1328 707; x_wconf 86' lang='lat' dir='ltr'>Denique</span> <span class='ocrx_word' id='word_1_117' title='bbox 1344 657 1768 707; x_wconf 81' lang='lat' dir='ltr'>etiamhostiumpositae</span> <span class='ocrx_word' id='word_1_118' title='bbox 1790 659 1859 696; x_wconf 88' lang='lat' dir='ltr'>sta-</span> 
     </span>
     <span class='ocr_line' id='line_1_13' title="bbox 251 713 1859 762; baseline -0.004 -2"><span class='ocrx_word' id='word_1_119' title='bbox 251 733 335 760; x_wconf 80' lang='lat' dir='ltr'>tuae.</span> <span class='ocrx_word' id='word_1_120' title='bbox 367 733 407 760; x_wconf 92' lang='lat' dir='ltr'>ut</span> <span class='ocrx_word' id='word_1_121' title='bbox 422 721 618 758; x_wconf 81' lang='lat' dir='ltr'>Annibalis</span> <span class='ocrx_word' id='word_1_122' title='bbox 631 730 704 757; x_wconf 85' lang='lat' dir='ltr'>tres</span> <span class='ocrx_word' id='word_1_123' title='bbox 723 721 760 755; x_wconf 91' lang='lat' dir='ltr'>in</span> <span class='ocrx_word' id='word_1_124' title='bbox 773 717 826 755; x_wconf 82' lang='lat' dir='ltr'>Ui</span> <span class='ocrx_word' id='word_1_125' title='bbox 836 717 882 754; x_wconf 92' lang='lat' dir='ltr'>be</span> <span class='ocrx_word' id='word_1_126' title='bbox 893 741 901 756; x_wconf 87' lang='lat'>‚</span> <span class='ocrx_word' id='word_1_127' title='bbox 917 717 1026 753; x_wconf 90' lang='lat' dir='ltr'>omni</span> <span class='ocrx_word' id='word_1_128' title='bbox 1038 715 1242 752; x_wconf 85' lang='lat' dir='ltr'>discrimine</span> <span class='ocrx_word' id='word_1_129' title='bbox 1253 714 1406 752; x_wconf 86' lang='lat' dir='ltr'>sublato.</span> <span class='ocrx_word' id='word_1_130' title='bbox 1418 713 1488 750; x_wconf 89' lang='lat' dir='ltr'>Sed</span> <span class='ocrx_word' id='word_1_131' title='bbox 1500 725 1580 762; x_wconf 83' lang='lat' dir='ltr'>quae</span> <span class='ocrx_word' id='word_1_132' title='bbox 1592 715 1630 750; x_wconf 86' lang='lat' dir='ltr'>in</span> <span class='ocrx_word' id='word_1_133' title='bbox 1641 714 1727 750; x_wconf 89' lang='lat' dir='ltr'>foro</span> <span class='ocrx_word' id='word_1_134' title='bbox 1740 726 1859 759; x_wconf 88' lang='lat' dir='ltr'>erant,</span> 
     </span>
     <span class='ocr_line' id='line_1_14' title="bbox 252 769 1861 823; baseline -0.005 -7"><span class='ocrx_word' id='word_1_135' title='bbox 252 779 399 816; x_wconf 79' lang='lat' dir='ltr'>sublatae</span> <span class='ocrx_word' id='word_1_136' title='bbox 421 778 716 814; x_wconf 87' lang='lat' dir='ltr'>fueruntomnes</span> <span class='ocrx_word' id='word_1_137' title='bbox 730 774 749 811; x_wconf 76' lang='lat' dir='ltr'>a</span> <span class='ocrx_word' id='word_1_138' title='bbox 761 775 798 811; x_wconf 92' lang='lat' dir='ltr'>P.</span> <span class='ocrx_word' id='word_1_139' title='bbox 811 774 996 812; x_wconf 88' lang='lat' dir='ltr'>Cornelio</span> <span class='ocrx_word' id='word_1_140' title='bbox 1007 772 1205 823; x_wconf 86' lang='lat' dir='ltr'>Scipione,</span> <span class='ocrx_word' id='word_1_141' title='bbox 1223 771 1258 807; x_wconf 68' lang='grc' dir='ltr'>ἃ</span> <span class='ocrx_word' id='word_1_142' title='bbox 1275 771 1494 820; x_wconf 90' lang='lat' dir='ltr'>M.Popili0</span> <span class='ocrx_word' id='word_1_143' title='bbox 1507 769 1735 808; x_wconf 77' lang='lat' dir='ltr'>Censor-ibus</span> <span class='ocrx_word' id='word_1_144' title='bbox 1750 799 1758 814; x_wconf 96' lang='lat'>,</span> <span class='ocrx_word' id='word_1_145' title='bbox 1773 783 1861 820; x_wconf 81' lang='lat' dir='ltr'>prae-</span> 
     </span>
     <span class='ocr_line' id='line_1_15' title="bbox 254 825 1861 883; baseline -0.005 -11"><span class='ocrx_word' id='word_1_146' title='bbox 254 847 309 872; x_wconf 91' lang='lat' dir='ltr'>ter</span> <span class='ocrx_word' id='word_1_147' title='bbox 328 847 386 873; x_wconf 85' lang='lat' dir='ltr'>eas</span> <span class='ocrx_word' id='word_1_148' title='bbox 398 847 480 883; x_wconf 84' lang='lat' dir='ltr'>quae</span> <span class='ocrx_word' id='word_1_149' title='bbox 494 834 650 870; x_wconf 85' lang='lat' dir='ltr'>Senatus</span> <span class='ocrx_word' id='word_1_150' title='bbox 667 861 677 876; x_wconf 95' lang='lat'>,</span> <span class='ocrx_word' id='word_1_151' title='bbox 694 841 757 868; x_wconf 89' lang='lat' dir='ltr'>aut</span> <span class='ocrx_word' id='word_1_152' title='bbox 769 830 900 880; x_wconf 90' lang='lat' dir='ltr'>populi</span> <span class='ocrx_word' id='word_1_153' title='bbox 911 829 1090 866; x_wconf 86' lang='lat' dir='ltr'>sententia</span> <span class='ocrx_word' id='word_1_154' title='bbox 1104 827 1241 864; x_wconf 77' lang='lat' dir='ltr'>statuta:</span> <span class='ocrx_word' id='word_1_155' title='bbox 1252 825 1374 863; x_wconf 81' lang='lat' dir='ltr'>cffcnt.</span> <span class='ocrx_word' id='word_1_156' title='bbox 1399 825 1582 863; x_wconf 88' lang='lat' dir='ltr'>Pedestres</span> <span class='ocrx_word' id='word_1_157' title='bbox 1595 827 1735 863; x_wconf 83' lang='lat' dir='ltr'>Romae</span> <span class='ocrx_word' id='word_1_158' title='bbox 1746 828 1783 862; x_wconf 89' lang='lat' dir='ltr'>in</span> <span class='ocrx_word' id='word_1_159' title='bbox 1795 838 1861 864; x_wconf 90' lang='lat' dir='ltr'>au-</span> 
     </span>
     <span class='ocr_line' id='line_1_16' title="bbox 251 882 1855 937; baseline -0.006 -9"><span class='ocrx_word' id='word_1_160' title='bbox 251 892 399 928; x_wconf 86' lang='lat' dir='ltr'>toritate</span> <span class='ocrx_word' id='word_1_161' title='bbox 419 889 520 926; x_wconf 88' lang='lat' dir='ltr'>fuere</span> <span class='ocrx_word' id='word_1_162' title='bbox 541 889 662 937; x_wconf 79' lang='lat' dir='ltr'>longo</span> <span class='ocrx_word' id='word_1_163' title='bbox 684 897 867 936; x_wconf 81' lang='lat' dir='ltr'>tempore.</span> <span class='ocrx_word' id='word_1_164' title='bbox 897 882 1044 921; x_wconf 82' lang='lat' dir='ltr'>tametsi</span> <span class='ocrx_word' id='word_1_165' title='bbox 1065 882 1297 931; x_wconf 89' lang='lat' dir='ltr'>Equestrium</span> <span class='ocrx_word' id='word_1_166' title='bbox 1319 884 1429 931; x_wconf 90' lang='lat' dir='ltr'>origo</span> <span class='ocrx_word' id='word_1_167' title='bbox 1452 884 1593 919; x_wconf 74' lang='lat' dir='ltr'>Romae</span> <span class='ocrx_word' id='word_1_168' title='bbox 1614 884 1765 931; x_wconf 86' lang='lat' dir='ltr'>antiqua</span> <span class='ocrx_word' id='word_1_169' title='bbox 1787 883 1855 920; x_wconf 89' lang='lat' dir='ltr'>est.</span> 
     </span>
     <span class='ocr_line' id='line_1_17' title="bbox 252 937 1859 996; baseline -0.005 -13"><span class='ocrx_word' id='word_1_170' title='bbox 252 960 332 996; x_wconf 91' lang='lat' dir='ltr'>quo</span> <span class='ocrx_word' id='word_1_171' title='bbox 343 947 456 983; x_wconf 87' lang='lat' dir='ltr'>etiam</span> <span class='ocrx_word' id='word_1_172' title='bbox 469 944 615 981; x_wconf 85' lang='lat' dir='ltr'>honore</span> <span class='ocrx_word' id='word_1_173' title='bbox 636 937 803 979; x_wconf 78' lang='lat' dir='ltr'>foeminae</span> <span class='ocrx_word' id='word_1_174' title='bbox 818 941 1002 977; x_wconf 77' lang='lat' dir='ltr'>decorata:</span> <span class='ocrx_word' id='word_1_175' title='bbox 1015 939 1175 985; x_wconf 76' lang='lat' dir='ltr'>fuerunt3</span> <span class='ocrx_word' id='word_1_176' title='bbox 1192 938 1342 975; x_wconf 81' lang='lat' dir='ltr'>Cloeliae</span> <span class='ocrx_word' id='word_1_177' title='bbox 1356 940 1454 975; x_wconf 88' lang='lat' dir='ltr'>enim</span> <span class='ocrx_word' id='word_1_178' title='bbox 1465 938 1576 975; x_wconf 82' lang='lat' dir='ltr'>statua</span> <span class='ocrx_word' id='word_1_179' title='bbox 1588 938 1760 987; x_wconf 87' lang='lat' dir='ltr'>equestris</span> <span class='ocrx_word' id='word_1_180' title='bbox 1771 949 1859 976; x_wconf 89' lang='lat' dir='ltr'>erat.</span> 
     </span>
     <span class='ocr_line' id='line_1_18' title="bbox 255 993 1860 1051; baseline -0.005 -12"><span class='ocrx_word' id='word_1_181' title='bbox 255 1004 356 1040; x_wconf 89' lang='lat' dir='ltr'>Huic</span> <span class='ocrx_word' id='word_1_182' title='bbox 376 1002 539 1051; x_wconf 83' lang='lat' dir='ltr'>primum</span> <span class='ocrx_word' id='word_1_183' title='bbox 553 1029 562 1043; x_wconf 92' lang='lat'>,</span> <span class='ocrx_word' id='word_1_184' title='bbox 582 998 617 1034; x_wconf 87' lang='lat'>&amp;</span> <span class='ocrx_word' id='word_1_185' title='bbox 634 997 794 1034; x_wconf 79' lang='lat' dir='ltr'>Horatio</span> <span class='ocrx_word' id='word_1_186' title='bbox 809 996 951 1032; x_wconf 88' lang='lat' dir='ltr'>Cocliti</span> <span class='ocrx_word' id='word_1_187' title='bbox 970 994 1120 1045; x_wconf 87' lang='lat' dir='ltr'>publice</span> <span class='ocrx_word' id='word_1_188' title='bbox 1132 993 1269 1030; x_wconf 79' lang='lat' dir='ltr'>dicatas</span> <span class='ocrx_word' id='word_1_189' title='bbox 1289 993 1469 1042; x_wconf 47' lang='lat' dir='ltr'>eristimat</span> <span class='ocrx_word' id='word_1_190' title='bbox 1484 994 1634 1032; x_wconf 81' lang='lat' dir='ltr'>Plinius.</span> <span class='ocrx_word' id='word_1_191' title='bbox 1655 995 1749 1031; x_wconf 91' lang='lat' dir='ltr'>Non</span> <span class='ocrx_word' id='word_1_192' title='bbox 1768 993 1860 1038; x_wconf 82' lang='lat' dir='ltr'>ejus-</span> 
     </span>
     <span class='ocr_line' id='line_1_19' title="bbox 253 1048 1861 1104; baseline -0.005 -9"><span class='ocrx_word' id='word_1_193' title='bbox 253 1058 341 1095; x_wconf 91' lang='lat' dir='ltr'>dem</span> <span class='ocrx_word' id='word_1_194' title='bbox 358 1056 587 1104; x_wconf 78' lang='lat' dir='ltr'>antiquitatis</span> <span class='ocrx_word' id='word_1_195' title='bbox 606 1054 756 1090; x_wconf 89' lang='lat' dir='ltr'>fuerunt</span> <span class='ocrx_word' id='word_1_196' title='bbox 781 1053 911 1102; x_wconf 78' lang='lat' dir='ltr'>bigatae</span> <span class='ocrx_word' id='word_1_197' title='bbox 925 1080 934 1095; x_wconf 88' lang='lat'>‚</span> <span class='ocrx_word' id='word_1_198' title='bbox 957 1062 1091 1087; x_wconf 89' lang='lat' dir='ltr'>corum</span> <span class='ocrx_word' id='word_1_199' title='bbox 1109 1049 1173 1098; x_wconf 91' lang='lat' dir='ltr'>qui</span> <span class='ocrx_word' id='word_1_200' title='bbox 1186 1059 1341 1098; x_wconf 51' lang='lat' dir='ltr'>praetura</span> <span class='ocrx_word' id='word_1_201' title='bbox 1361 1048 1480 1086; x_wconf 72' lang='lat' dir='ltr'>funffi</span> <span class='ocrx_word' id='word_1_202' title='bbox 1500 1059 1610 1086; x_wconf 90' lang='lat' dir='ltr'>curru</span> <span class='ocrx_word' id='word_1_203' title='bbox 1631 1051 1726 1087; x_wconf 73' lang='lat' dir='ltr'>vecti</span> <span class='ocrx_word' id='word_1_204' title='bbox 1739 1050 1861 1088; x_wconf 78' lang='lat' dir='ltr'>&#39;essent</span> 
     </span>
     <span class='ocr_line' id='line_1_20' title="bbox 252 1104 1859 1165; baseline -0.004 -15"><span class='ocrx_word' id='word_1_205' title='bbox 252 1126 318 1165; x_wconf 90' lang='lat' dir='ltr'>per</span> <span class='ocrx_word' id='word_1_206' title='bbox 337 1115 496 1159; x_wconf 78' lang='lat' dir='ltr'>cireum3</span> <span class='ocrx_word' id='word_1_207' title='bbox 522 1111 559 1147; x_wconf 67' lang='grc' dir='ltr'>ὃ(</span> <span class='ocrx_word' id='word_1_208' title='bbox 571 1108 796 1159; x_wconf 82' lang='lat' dir='ltr'>quadrigatae</span> <span class='ocrx_word' id='word_1_209' title='bbox 817 1119 949 1145; x_wconf 89' lang='lat' dir='ltr'>eorum</span> <span class='ocrx_word' id='word_1_210' title='bbox 961 1104 1326 1156; x_wconf 67' lang='lat' dir='ltr'>quitriumphasl&#39;ent.</span> <span class='ocrx_word' id='word_1_211' title='bbox 1357 1106 1461 1154; x_wconf 79' lang='lat' dir='ltr'>quod</span> <span class='ocrx_word' id='word_1_212' title='bbox 1474 1107 1585 1142; x_wconf 86' lang='lat' dir='ltr'>etiam</span> <span class='ocrx_word' id='word_1_213' title='bbox 1598 1106 1642 1142; x_wconf 86' lang='lat' dir='ltr'>ab</span> <span class='ocrx_word' id='word_1_214' title='bbox 1656 1107 1859 1157; x_wconf 83' lang='lat' dir='ltr'>Imperato-</span> 
     </span>
     <span class='ocr_line' id='line_1_21' title="bbox 255 1160 1861 1215; baseline -0.006 -8"><span class='ocrx_word' id='word_1_215' title='bbox 255 1170 356 1207; x_wconf 85' lang='lat' dir='ltr'>ribus</span> <span class='ocrx_word' id='word_1_216' title='bbox 376 1168 510 1205; x_wconf 91' lang='lat' dir='ltr'>deinde</span> <span class='ocrx_word' id='word_1_217' title='bbox 529 1166 741 1215; x_wconf 82' lang='lat' dir='ltr'>usurpatum</span> <span class='ocrx_word' id='word_1_218' title='bbox 753 1163 833 1201; x_wconf 86' lang='lat' dir='ltr'>fuit.</span> <span class='ocrx_word' id='word_1_219' title='bbox 864 1175 943 1212; x_wconf 90' lang='lat' dir='ltr'>quo</span> <span class='ocrx_word' id='word_1_220' title='bbox 965 1162 1139 1211; x_wconf 85' lang='lat' dir='ltr'>exemplo</span> <span class='ocrx_word' id='word_1_221' title='bbox 1154 1161 1266 1197; x_wconf 81' lang='lat' dir='ltr'>Titus</span> <span class='ocrx_word' id='word_1_222' title='bbox 1285 1162 1478 1212; x_wconf 86' lang='lat' dir='ltr'>excalptus</span> <span class='ocrx_word' id='word_1_223' title='bbox 1498 1160 1547 1197; x_wconf 90' lang='lat' dir='ltr'>est</span> <span class='ocrx_word' id='word_1_224' title='bbox 1567 1162 1604 1197; x_wconf 89' lang='lat' dir='ltr'>in</span> <span class='ocrx_word' id='word_1_225' title='bbox 1626 1172 1714 1198; x_wconf 88' lang='lat' dir='ltr'>arcu</span> <span class='ocrx_word' id='word_1_226' title='bbox 1733 1164 1861 1199; x_wconf 89' lang='lat' dir='ltr'>trium-</span> 
     </span>
     <span class='ocr_line' id='line_1_22' title="bbox 256 1216 1861 1276; baseline -0.005 -14"><span class='ocrx_word' id='word_1_227' title='bbox 256 1225 508 1276; x_wconf 78' lang='lat' dir='ltr'>phali&#39;Romae</span> <span class='ocrx_word' id='word_1_228' title='bbox 522 1252 531 1266; x_wconf 90' lang='lat'>‚</span> <span class='ocrx_word' id='word_1_229' title='bbox 549 1224 586 1259; x_wconf 71' lang='grc' dir='ltr'>δε</span> <span class='ocrx_word' id='word_1_230' title='bbox 600 1223 652 1257; x_wconf 87' lang='lat' dir='ltr'>M.</span> <span class='ocrx_word' id='word_1_231' title='bbox 670 1221 847 1258; x_wconf 86' lang='lat' dir='ltr'>Aurelius</span> <span class='ocrx_word' id='word_1_232' title='bbox 868 1220 904 1255; x_wconf 90' lang='lat' dir='ltr'>in</span> <span class='ocrx_word' id='word_1_233' title='bbox 928 1218 1055 1256; x_wconf 82' lang='lat' dir='ltr'>tabula</span> <span class='ocrx_word' id='word_1_234' title='bbox 1069 1228 1301 1261; x_wconf 85' lang='lat' dir='ltr'>marmorea,</span> <span class='ocrx_word' id='word_1_235' title='bbox 1321 1229 1404 1266; x_wconf 81' lang='lat' dir='ltr'>quae</span> <span class='ocrx_word' id='word_1_236' title='bbox 1423 1216 1472 1254; x_wconf 90' lang='lat' dir='ltr'>est</span> <span class='ocrx_word' id='word_1_237' title='bbox 1491 1217 1528 1252; x_wconf 91' lang='lat' dir='ltr'>in</span> <span class='ocrx_word' id='word_1_238' title='bbox 1544 1217 1750 1265; x_wconf 85' lang='lat' dir='ltr'>Capitolio.</span> <span class='ocrx_word' id='word_1_239' title='bbox 1781 1218 1861 1255; x_wconf 90' lang='lat' dir='ltr'>Au-</span> 
     </span>
     <span class='ocr_line' id='line_1_23' title="bbox 257 1272 1860 1331; baseline -0.004 -13"><span class='ocrx_word' id='word_1_240' title='bbox 257 1278 485 1331; x_wconf 79' lang='lat' dir='ltr'>gustussolus</span> <span class='ocrx_word' id='word_1_241' title='bbox 497 1277 684 1327; x_wconf 83' lang='lat' dir='ltr'>sejugibus</span> <span class='ocrx_word' id='word_1_242' title='bbox 696 1306 706 1321; x_wconf 92' lang='lat'>,</span> <span class='ocrx_word' id='word_1_243' title='bbox 728 1275 821 1314; x_wconf 84' lang='lat' dir='ltr'>sicut</span> <span class='ocrx_word' id='word_1_244' title='bbox 833 1278 871 1313; x_wconf 67' lang='lat' dir='ltr'>Se</span> <span class='ocrx_word' id='word_1_245' title='bbox 885 1274 1099 1326; x_wconf 83' lang='lat' dir='ltr'>Elephantis</span> <span class='ocrx_word' id='word_1_246' title='bbox 1111 1272 1262 1325; x_wconf 57' lang='lat' dir='ltr'>spectari</span> <span class='ocrx_word' id='word_1_247' title='bbox 1274 1275 1406 1310; x_wconf 90' lang='lat' dir='ltr'>voluit.</span> <span class='ocrx_word' id='word_1_248' title='bbox 1438 1272 1664 1310; x_wconf 82' lang='lat' dir='ltr'>Graecinihil</span> <span class='ocrx_word' id='word_1_249' title='bbox 1679 1272 1860 1311; x_wconf 86' lang='lat' dir='ltr'>velabant.</span> 
     </span>
     <span class='ocr_line' id='line_1_24' title="bbox 255 1328 1861 1383; baseline -0.006 -9"><span class='ocrx_word' id='word_1_250' title='bbox 255 1337 428 1375; x_wconf 82' lang='lat' dir='ltr'>Romani</span> <span class='ocrx_word' id='word_1_251' title='bbox 442 1346 573 1383; x_wconf 68' lang='lat' dir='ltr'>togam</span> <span class='ocrx_word' id='word_1_252' title='bbox 594 1334 799 1372; x_wconf 82' lang='lat' dir='ltr'>addebant,</span> <span class='ocrx_word' id='word_1_253' title='bbox 821 1344 895 1382; x_wconf 87' lang='lat' dir='ltr'>qua</span> <span class='ocrx_word' id='word_1_254' title='bbox 906 1333 1020 1369; x_wconf 86' lang='lat' dir='ltr'>etiam</span> <span class='ocrx_word' id='word_1_255' title='bbox 1036 1330 1191 1368; x_wconf 89' lang='lat' dir='ltr'>honoris</span> <span class='ocrx_word' id='word_1_256' title='bbox 1205 1329 1309 1366; x_wconf 88' lang='lat' dir='ltr'>causa</span> <span class='ocrx_word' id='word_1_257' title='bbox 1320 1329 1434 1367; x_wconf 87' lang='lat' dir='ltr'>statua</span> <span class='ocrx_word' id='word_1_258' title='bbox 1446 1328 1596 1366; x_wconf 65' lang='lat' dir='ltr'>Cloeliae</span> <span class='ocrx_word' id='word_1_259' title='bbox 1612 1330 1756 1366; x_wconf 86' lang='lat' dir='ltr'>virtutis</span> <span class='ocrx_word' id='word_1_260' title='bbox 1770 1341 1861 1379; x_wconf 86' lang='lat' dir='ltr'>ergo</span> 
     </span>
     <span class='ocr_line' id='line_1_25' title="bbox 255 1384 1862 1442; baseline -0.004 -12"><span class='ocrx_word' id='word_1_261' title='bbox 255 1403 385 1431; x_wconf 84' lang='lat' dir='ltr'>ornata</span> <span class='ocrx_word' id='word_1_262' title='bbox 398 1392 457 1428; x_wconf 89' lang='lat' dir='ltr'>est.</span> <span class='ocrx_word' id='word_1_263' title='bbox 492 1392 620 1428; x_wconf 85' lang='lat' dir='ltr'>Fuit&amp;</span> <span class='ocrx_word' id='word_1_264' title='bbox 636 1388 1004 1442; x_wconf 73' lang='lat' dir='ltr'>QMareiTremuli</span> <span class='ocrx_word' id='word_1_265' title='bbox 1015 1385 1188 1436; x_wconf 88' lang='lat' dir='ltr'>equestris</span> <span class='ocrx_word' id='word_1_266' title='bbox 1206 1394 1309 1435; x_wconf 83' lang='lat' dir='ltr'>toga.</span> <span class='ocrx_word' id='word_1_267' title='bbox 1326 1396 1368 1423; x_wconf 89' lang='lat' dir='ltr'>ut</span> <span class='ocrx_word' id='word_1_268' title='bbox 1380 1386 1558 1429; x_wconf 85' lang='lat' dir='ltr'>Romuli,</span> <span class='ocrx_word' id='word_1_269' title='bbox 1570 1384 1642 1423; x_wconf 82' lang='lat' dir='ltr'>sive</span> <span class='ocrx_word' id='word_1_270' title='bbox 1661 1387 1799 1434; x_wconf 75' lang='lat' dir='ltr'>tunica3</span> <span class='ocrx_word' id='word_1_271' title='bbox 1822 1388 1862 1424; x_wconf 73' lang='grc' dir='ltr'>δε</span> 
     </span>
     <span class='ocr_line' id='line_1_26' title="bbox 257 1441 1861 1498; baseline -0.006 -11"><span class='ocrx_word' id='word_1_272' title='bbox 257 1462 298 1487; x_wconf 88' lang='lat' dir='ltr'>ea</span> <span class='ocrx_word' id='word_1_273' title='bbox 308 1461 388 1498; x_wconf 74' lang='lat' dir='ltr'>qua:</span> <span class='ocrx_word' id='word_1_274' title='bbox 400 1448 568 1486; x_wconf 83' lang='lat' dir='ltr'>Camillo</span> <span class='ocrx_word' id='word_1_275' title='bbox 581 1447 619 1482; x_wconf 90' lang='lat' dir='ltr'>in</span> <span class='ocrx_word' id='word_1_276' title='bbox 630 1445 752 1482; x_wconf 86' lang='lat' dir='ltr'>rostris</span> <span class='ocrx_word' id='word_1_277' title='bbox 764 1455 848 1482; x_wconf 89' lang='lat' dir='ltr'>ante</span> <span class='ocrx_word' id='word_1_278' title='bbox 858 1444 976 1482; x_wconf 74' lang='lat' dir='ltr'>:edem</span> <span class='ocrx_word' id='word_1_279' title='bbox 990 1444 1208 1481; x_wconf 85' lang='lat' dir='ltr'>Castrorum</span> <span class='ocrx_word' id='word_1_280' title='bbox 1219 1441 1342 1479; x_wconf 88' lang='lat' dir='ltr'>dicata</span> <span class='ocrx_word' id='word_1_281' title='bbox 1351 1441 1433 1478; x_wconf 87' lang='lat' dir='ltr'>fuit.</span> <span class='ocrx_word' id='word_1_282' title='bbox 1468 1442 1584 1479; x_wconf 85' lang='lat' dir='ltr'>Fuere</span> <span class='ocrx_word' id='word_1_283' title='bbox 1606 1441 1642 1478; x_wconf 78' lang='grc' dir='ltr'>δε</span> <span class='ocrx_word' id='word_1_284' title='bbox 1655 1441 1764 1479; x_wconf 84' lang='lat' dir='ltr'>nudae</span> <span class='ocrx_word' id='word_1_285' title='bbox 1777 1470 1788 1486; x_wconf 91' lang='lat'>‚</span> <span class='ocrx_word' id='word_1_286' title='bbox 1807 1451 1861 1478; x_wconf 91' lang='lat' dir='ltr'>te-</span> 
     </span>
     <span class='ocr_line' id='line_1_27' title="bbox 257 1497 1862 1556; baseline -0.006 -13"><span class='ocrx_word' id='word_1_287' title='bbox 257 1516 389 1556; x_wconf 75' lang='lat' dir='ltr'>nentes</span> <span class='ocrx_word' id='word_1_288' title='bbox 403 1503 560 1542; x_wconf 88' lang='lat' dir='ltr'>hastam,</span> <span class='ocrx_word' id='word_1_289' title='bbox 584 1501 630 1537; x_wconf 88' lang='lat' dir='ltr'>ab</span> <span class='ocrx_word' id='word_1_290' title='bbox 641 1501 876 1552; x_wconf 86' lang='lat' dir='ltr'>epheborum</span> <span class='ocrx_word' id='word_1_291' title='bbox 889 1499 1125 1550; x_wconf 86' lang='lat' dir='ltr'>gymnasticis</span> <span class='ocrx_word' id='word_1_292' title='bbox 1137 1499 1422 1550; x_wconf 83' lang='lat' dir='ltr'>exemplaribus.</span> <span class='ocrx_word' id='word_1_293' title='bbox 1455 1498 1618 1535; x_wconf 84' lang='lat' dir='ltr'>Militare</span> <span class='ocrx_word' id='word_1_294' title='bbox 1637 1507 1715 1535; x_wconf 90' lang='lat' dir='ltr'>erat</span> <span class='ocrx_word' id='word_1_295' title='bbox 1735 1497 1862 1535; x_wconf 41' lang='lat' dir='ltr'>thora*</span> 
     </span>
     <span class='ocr_line' id='line_1_28' title="bbox 258 1553 1860 1599; baseline -0.004 -1"><span class='ocrx_word' id='word_1_296' title='bbox 258 1573 320 1599; x_wconf 88' lang='lat' dir='ltr'>cas</span> <span class='ocrx_word' id='word_1_297' title='bbox 332 1561 477 1597; x_wconf 87' lang='lat' dir='ltr'>addere.</span> <span class='ocrx_word' id='word_1_298' title='bbox 496 1560 651 1596; x_wconf 87' lang='lat' dir='ltr'>loricata</span> <span class='ocrx_word' id='word_1_299' title='bbox 663 1558 750 1595; x_wconf 83' lang='lat' dir='ltr'>Caes</span> <span class='ocrx_word' id='word_1_300' title='bbox 744 1559 794 1594; x_wconf 83' lang='lat' dir='ltr'>ari</span> <span class='ocrx_word' id='word_1_301' title='bbox 805 1557 973 1594; x_wconf 64' lang='lat' dir='ltr'>dietatori</span> <span class='ocrx_word' id='word_1_302' title='bbox 984 1558 1021 1593; x_wconf 89' lang='lat' dir='ltr'>in</span> <span class='ocrx_word' id='word_1_303' title='bbox 1033 1555 1120 1594; x_wconf 91' lang='lat' dir='ltr'>foro</span> <span class='ocrx_word' id='word_1_304' title='bbox 1131 1555 1251 1593; x_wconf 89' lang='lat' dir='ltr'>dicata</span> <span class='ocrx_word' id='word_1_305' title='bbox 1265 1554 1326 1592; x_wconf 90' lang='lat' dir='ltr'>est.</span> <span class='ocrx_word' id='word_1_306' title='bbox 1341 1555 1457 1590; x_wconf 87' lang='lat' dir='ltr'>Fuere</span> <span class='ocrx_word' id='word_1_307' title='bbox 1467 1555 1590 1591; x_wconf 85' lang='lat' dir='ltr'>etiarn,</span> <span class='ocrx_word' id='word_1_308' title='bbox 1605 1553 1663 1590; x_wconf 89' lang='lat' dir='ltr'>sed</span> <span class='ocrx_word' id='word_1_309' title='bbox 1675 1553 1860 1591; x_wconf 86' lang='lat' dir='ltr'>inferioris</span> 
     </span>
     <span class='ocr_line' id='line_1_29' title="bbox 257 1609 1862 1666; baseline -0.004 -12"><span class='ocrx_word' id='word_1_310' title='bbox 257 1618 501 1666; x_wconf 86' lang='lat' dir='ltr'>antiquitatis,</span> <span class='ocrx_word' id='word_1_311' title='bbox 513 1615 549 1651; x_wconf 88' lang='lat'>&amp;</span> <span class='ocrx_word' id='word_1_312' title='bbox 563 1615 807 1664; x_wconf 84' lang='lat' dir='ltr'>lupercorum</span> <span class='ocrx_word' id='word_1_313' title='bbox 818 1613 956 1651; x_wconf 86' lang='lat' dir='ltr'>habitu,</span> <span class='ocrx_word' id='word_1_314' title='bbox 970 1614 1006 1650; x_wconf 84' lang='lat'>&amp;</span> <span class='ocrx_word' id='word_1_315' title='bbox 1018 1612 1188 1661; x_wconf 75' lang='lat' dir='ltr'>quaedam</span> <span class='ocrx_word' id='word_1_316' title='bbox 1200 1611 1343 1660; x_wconf 85' lang='lat' dir='ltr'>penulis</span> <span class='ocrx_word' id='word_1_317' title='bbox 1354 1609 1502 1648; x_wconf 82' lang='lat' dir='ltr'>indutae.</span> <span class='ocrx_word' id='word_1_318' title='bbox 1516 1609 1758 1659; x_wconf 76' lang='lat' dir='ltr'>Tripedaneae</span> <span class='ocrx_word' id='word_1_319' title='bbox 1769 1621 1862 1648; x_wconf 90' lang='lat' dir='ltr'>vero</span> 
     </span>
     <span class='ocr_line' id='line_1_30' title="bbox 255 1665 1861 1723; baseline -0.004 -13"><span class='ocrx_word' id='word_1_320' title='bbox 255 1675 418 1723; x_wconf 89' lang='lat' dir='ltr'>primum</span> <span class='ocrx_word' id='word_1_321' title='bbox 437 1672 557 1708; x_wconf 81' lang='lat' dir='ltr'>statuae</span> <span class='ocrx_word' id='word_1_322' title='bbox 569 1671 828 1721; x_wconf 54' lang='lat' dir='ltr'>ponebantur,</span> <span class='ocrx_word' id='word_1_323' title='bbox 850 1668 929 1706; x_wconf 81' lang='lat' dir='ltr'>haec</span> <span class='ocrx_word' id='word_1_324' title='bbox 947 1668 1085 1705; x_wconf 85' lang='lat' dir='ltr'>scilicet</span> <span class='ocrx_word' id='word_1_325' title='bbox 1107 1667 1275 1705; x_wconf 83' lang='lat' dir='ltr'>mensura</span> <span class='ocrx_word' id='word_1_326' title='bbox 1296 1666 1482 1703; x_wconf 84' lang='lat' dir='ltr'>honorata</span> <span class='ocrx_word' id='word_1_327' title='bbox 1500 1676 1590 1703; x_wconf 91' lang='lat' dir='ltr'>tunc</span> <span class='ocrx_word' id='word_1_328' title='bbox 1609 1676 1687 1702; x_wconf 78' lang='lat' dir='ltr'>erat</span> <span class='ocrx_word' id='word_1_329' title='bbox 1702 1679 1710 1702; x_wconf 89' lang='lat'>:</span> <span class='ocrx_word' id='word_1_330' title='bbox 1727 1665 1861 1703; x_wconf 91' lang='lat' dir='ltr'>deinde</span> 
     </span>
     <span class='ocr_line' id='line_1_31' title="bbox 254 1720 1860 1777; baseline -0.005 -11"><span class='ocrx_word' id='word_1_331' title='bbox 254 1732 417 1777; x_wconf 88' lang='lat' dir='ltr'>majores</span> <span class='ocrx_word' id='word_1_332' title='bbox 431 1727 535 1766; x_wconf 63' lang='lat' dir='ltr'>faeta:</span> <span class='ocrx_word' id='word_1_333' title='bbox 548 1726 636 1764; x_wconf 85' lang='lat' dir='ltr'>sunt.</span> <span class='ocrx_word' id='word_1_334' title='bbox 668 1728 839 1764; x_wconf 88' lang='lat' dir='ltr'>Demum</span> <span class='ocrx_word' id='word_1_335' title='bbox 850 1737 897 1762; x_wconf 91' lang='lat' dir='ltr'>eo</span> <span class='ocrx_word' id='word_1_336' title='bbox 909 1725 1034 1763; x_wconf 66' lang='lat' dir='ltr'>evena</span> <span class='ocrx_word' id='word_1_337' title='bbox 1045 1724 1094 1761; x_wconf 87' lang='lat' dir='ltr'>est</span> <span class='ocrx_word' id='word_1_338' title='bbox 1105 1723 1290 1761; x_wconf 87' lang='lat' dir='ltr'>artificum</span> <span class='ocrx_word' id='word_1_339' title='bbox 1303 1722 1471 1760; x_wconf 84' lang='lat' dir='ltr'>audacia,</span> <span class='ocrx_word' id='word_1_340' title='bbox 1487 1732 1529 1758; x_wconf 86' lang='lat' dir='ltr'>ut</span> <span class='ocrx_word' id='word_1_341' title='bbox 1539 1720 1717 1759; x_wconf 79' lang='lat' dir='ltr'>coloss&#39;eas</span> <span class='ocrx_word' id='word_1_342' title='bbox 1729 1722 1860 1770; x_wconf 84' lang='lat' dir='ltr'>imagi-</span> 
     </span>
     <span class='ocr_line' id='line_1_32' title="bbox 257 1777 1858 1831; baseline -0.006 -10"><span class='ocrx_word' id='word_1_343' title='bbox 257 1784 445 1821; x_wconf 86' lang='lat' dir='ltr'>nesinstar</span> <span class='ocrx_word' id='word_1_344' title='bbox 457 1785 649 1821; x_wconf 88' lang='lat' dir='ltr'>montium</span> <span class='ocrx_word' id='word_1_345' title='bbox 661 1782 849 1826; x_wconf 88' lang='lat' dir='ltr'>facerent,</span> <span class='ocrx_word' id='word_1_346' title='bbox 871 1780 1058 1818; x_wconf 86' lang='lat' dir='ltr'>immenso</span> <span class='ocrx_word' id='word_1_347' title='bbox 1077 1782 1211 1831; x_wconf 85' lang='lat' dir='ltr'>pretio.</span> <span class='ocrx_word' id='word_1_348' title='bbox 1242 1780 1412 1816; x_wconf 87' lang='lat' dir='ltr'>Primum</span> <span class='ocrx_word' id='word_1_349' title='bbox 1433 1777 1586 1827; x_wconf 85' lang='lat' dir='ltr'>quidem</span> <span class='ocrx_word' id='word_1_350' title='bbox 1600 1778 1682 1814; x_wconf 87' lang='lat' dir='ltr'>Diis</span> <span class='ocrx_word' id='word_1_351' title='bbox 1693 1787 1858 1824; x_wconf 79' lang='lat' dir='ltr'>tantum3</span> 
     </span>
     <span class='ocr_line' id='line_1_33' title="bbox 257 1832 1860 1889; baseline -0.004 -14"><span class='ocrx_word' id='word_1_352' title='bbox 257 1839 561 1885; x_wconf 76' lang='lat' dir='ltr'>ejusmodifuitin</span> <span class='ocrx_word' id='word_1_353' title='bbox 574 1839 770 1888; x_wconf 90' lang='lat' dir='ltr'>Capitolio</span> <span class='ocrx_word' id='word_1_354' title='bbox 785 1838 931 1889; x_wconf 90' lang='lat' dir='ltr'>Apollo</span> <span class='ocrx_word' id='word_1_355' title='bbox 955 1850 1047 1873; x_wconf 82' lang='lat' dir='ltr'><strong>xxx.</strong></span> <span class='ocrx_word' id='word_1_356' title='bbox 1067 1836 1300 1879; x_wconf 88' lang='lat' dir='ltr'>cubitorum,</span> <span class='ocrx_word' id='word_1_357' title='bbox 1322 1848 1342 1871; x_wconf 88' lang='lat' dir='ltr'>c</span> <span class='ocrx_word' id='word_1_358' title='bbox 1356 1846 1387 1871; x_wconf 88' lang='lat' dir='ltr'>L.</span> <span class='ocrx_word' id='word_1_359' title='bbox 1407 1835 1553 1871; x_wconf 86' lang='lat' dir='ltr'>talentis</span> <span class='ocrx_word' id='word_1_360' title='bbox 1571 1833 1699 1870; x_wconf 67' lang='lat' dir='ltr'>fastus.</span> <span class='ocrx_word' id='word_1_361' title='bbox 1721 1832 1803 1869; x_wconf 86' lang='lat' dir='ltr'>Fuit</span> <span class='ocrx_word' id='word_1_362' title='bbox 1821 1834 1860 1869; x_wconf 87' lang='lat' dir='ltr'>in</span> 
     </span>
     <span class='ocr_line' id='line_1_34' title="bbox 257 1887 1860 1946; baseline -0.004 -15"><span class='ocrx_word' id='word_1_363' title='bbox 257 1905 395 1944; x_wconf 86' lang='lat' dir='ltr'>campo</span> <span class='ocrx_word' id='word_1_364' title='bbox 413 1896 553 1931; x_wconf 88' lang='lat' dir='ltr'>Martio</span> <span class='ocrx_word' id='word_1_365' title='bbox 571 1892 706 1946; x_wconf 80' lang='lat' dir='ltr'>Jupiter</span> <span class='ocrx_word' id='word_1_366' title='bbox 728 1894 748 1930; x_wconf 77' lang='lat' dir='ltr'>a</span> <span class='ocrx_word' id='word_1_367' title='bbox 768 1893 933 1932; x_wconf 86' lang='lat' dir='ltr'>Claudio</span> <span class='ocrx_word' id='word_1_368' title='bbox 952 1893 1093 1930; x_wconf 82' lang='lat' dir='ltr'>Caesare</span> <span class='ocrx_word' id='word_1_369' title='bbox 1112 1893 1268 1930; x_wconf 85' lang='lat' dir='ltr'>dicatus.</span> <span class='ocrx_word' id='word_1_370' title='bbox 1302 1891 1384 1927; x_wconf 83' lang='lat' dir='ltr'>Fuit</span> <span class='ocrx_word' id='word_1_371' title='bbox 1405 1892 1443 1927; x_wconf 69' lang='grc' dir='ltr'>δε</span> <span class='ocrx_word' id='word_1_372' title='bbox 1466 1890 1622 1924; x_wconf 83' lang='lat' dir='ltr'>Tarenti</span> <span class='ocrx_word' id='word_1_373' title='bbox 1640 1899 1697 1924; x_wconf 80' lang='lat' dir='ltr'>XL.</span> <span class='ocrx_word' id='word_1_374' title='bbox 1712 1887 1860 1925; x_wconf 87' lang='lat' dir='ltr'>cubito-</span> 
     </span>
     <span class='ocr_line' id='line_1_35' title="bbox 256 1943 1861 2000; baseline -0.004 -13"><span class='ocrx_word' id='word_1_375' title='bbox 256 1962 339 1987; x_wconf 86' lang='lat' dir='ltr'>rum</span> <span class='ocrx_word' id='word_1_376' title='bbox 351 1979 360 1993; x_wconf 92' lang='lat'>,</span> <span class='ocrx_word' id='word_1_377' title='bbox 381 1960 477 1999; x_wconf 86' lang='lat' dir='ltr'>opus</span> <span class='ocrx_word' id='word_1_378' title='bbox 497 1948 651 1998; x_wconf 77' lang='lat' dir='ltr'>Lysippi.</span> <span class='ocrx_word' id='word_1_379' title='bbox 694 1952 804 2000; x_wconf 84' lang='lat' dir='ltr'>Qos</span> <span class='ocrx_word' id='word_1_380' title='bbox 819 1959 953 1986; x_wconf 89' lang='lat' dir='ltr'>omnes</span> <span class='ocrx_word' id='word_1_381' title='bbox 966 1948 1149 1997; x_wconf 87' lang='lat' dir='ltr'>superavit</span> <span class='ocrx_word' id='word_1_382' title='bbox 1161 1946 1422 1994; x_wconf 72' lang='lat' dir='ltr'>magnitudine</span> <span class='ocrx_word' id='word_1_383' title='bbox 1433 1943 1594 1981; x_wconf 83' lang='lat' dir='ltr'>coloflus</span> <span class='ocrx_word' id='word_1_384' title='bbox 1605 1944 1667 1979; x_wconf 90' lang='lat' dir='ltr'>ille</span> <span class='ocrx_word' id='word_1_385' title='bbox 1680 1943 1861 1980; x_wconf 74' lang='lat' dir='ltr'>Rhodio-</span> 
     </span>
     <span class='ocr_line' id='line_1_36' title="bbox 256 1998 1863 2052; baseline -0.004 -10"><span class='ocrx_word' id='word_1_386' title='bbox 256 2017 340 2042; x_wconf 90' lang='lat' dir='ltr'>rum</span> <span class='ocrx_word' id='word_1_387' title='bbox 358 2006 439 2042; x_wconf 85' lang='lat' dir='ltr'>Soli</span> <span class='ocrx_word' id='word_1_388' title='bbox 457 2004 599 2041; x_wconf 85' lang='lat' dir='ltr'>dicatus</span> <span class='ocrx_word' id='word_1_389' title='bbox 612 2033 621 2048; x_wconf 93' lang='lat'>‚</span> <span class='ocrx_word' id='word_1_390' title='bbox 642 2015 757 2052; x_wconf 89' lang='lat' dir='ltr'>quem</span> <span class='ocrx_word' id='word_1_391' title='bbox 772 2003 915 2040; x_wconf 87' lang='lat' dir='ltr'>Chares</span> <span class='ocrx_word' id='word_1_392' title='bbox 928 2003 1069 2050; x_wconf 90' lang='lat' dir='ltr'>Lydius</span> <span class='ocrx_word' id='word_1_393' title='bbox 1081 2015 1125 2038; x_wconf 83' lang='lat' dir='ltr'>xr</span> <span class='ocrx_word' id='word_1_394' title='bbox 1140 2015 1153 2038; x_wconf 87' lang='lat'>1</span> <span class='ocrx_word' id='word_1_395' title='bbox 1169 2002 1271 2038; x_wconf 87' lang='lat' dir='ltr'>annis</span> <span class='ocrx_word' id='word_1_396' title='bbox 1283 1998 1427 2037; x_wconf 87' lang='lat' dir='ltr'>effecit,</span> <span class='ocrx_word' id='word_1_397' title='bbox 1452 2010 1535 2037; x_wconf 86' lang='lat' dir='ltr'>ccc</span> <span class='ocrx_word' id='word_1_398' title='bbox 1558 1999 1724 2036; x_wconf 88' lang='lat' dir='ltr'>talentis:</span> <span class='ocrx_word' id='word_1_399' title='bbox 1756 2002 1863 2045; x_wconf 71' lang='lat' dir='ltr'>euius</span> 
     </span>
     <span class='ocr_line' id='line_1_37' title="bbox 257 2054 1862 2098; baseline -0.004 0"><span class='ocrx_word' id='word_1_400' title='bbox 257 2060 416 2098; x_wconf 85' lang='lat' dir='ltr'>altitudo</span> <span class='ocrx_word' id='word_1_401' title='bbox 428 2059 496 2096; x_wconf 87' lang='lat' dir='ltr'>fuit</span> <span class='ocrx_word' id='word_1_402' title='bbox 516 2071 587 2096; x_wconf 81' lang='lat' dir='ltr'>Lxx</span> <span class='ocrx_word' id='word_1_403' title='bbox 607 2060 837 2096; x_wconf 90' lang='lat' dir='ltr'>cubitorum.</span> <span class='ocrx_word' id='word_1_404' title='bbox 868 2054 986 2094; x_wconf 72' lang='lat' dir='ltr'>Fuere</span> <span class='ocrx_word' id='word_1_405' title='bbox 999 2067 1152 2095; x_wconf 90' lang='lat' dir='ltr'>centum</span> <span class='ocrx_word' id='word_1_406' title='bbox 1163 2057 1222 2092; x_wconf 86' lang='lat' dir='ltr'>alii</span> <span class='ocrx_word' id='word_1_407' title='bbox 1234 2056 1398 2092; x_wconf 83' lang='lat' dir='ltr'>minores</span> <span class='ocrx_word' id='word_1_408' title='bbox 1409 2056 1446 2090; x_wconf 89' lang='lat' dir='ltr'>in</span> <span class='ocrx_word' id='word_1_409' title='bbox 1458 2054 1589 2091; x_wconf 90' lang='lat' dir='ltr'>cadem</span> <span class='ocrx_word' id='word_1_410' title='bbox 1601 2054 1701 2090; x_wconf 89' lang='lat' dir='ltr'>urbe.</span> <span class='ocrx_word' id='word_1_411' title='bbox 1727 2054 1862 2092; x_wconf 82' lang='lat' dir='ltr'>Praeter</span> 
     </span>
     <span class='ocr_line' id='line_1_38' title="bbox 257 2110 1861 2163; baseline -0.004 -10"><span class='ocrx_word' id='word_1_412' title='bbox 257 2116 328 2154; x_wconf 88' lang='lat' dir='ltr'>hos</span> <span class='ocrx_word' id='word_1_413' title='bbox 341 2117 516 2153; x_wconf 87' lang='lat' dir='ltr'>Deorum</span> <span class='ocrx_word' id='word_1_414' title='bbox 527 2115 716 2163; x_wconf 87' lang='lat' dir='ltr'>quinque,</span> <span class='ocrx_word' id='word_1_415' title='bbox 739 2125 837 2163; x_wconf 90' lang='lat' dir='ltr'>quos</span> <span class='ocrx_word' id='word_1_416' title='bbox 858 2114 995 2150; x_wconf 86' lang='lat' dir='ltr'>Briaxis</span> <span class='ocrx_word' id='word_1_417' title='bbox 1007 2112 1106 2149; x_wconf 87' lang='lat' dir='ltr'>fecit.</span> <span class='ocrx_word' id='word_1_418' title='bbox 1140 2113 1242 2149; x_wconf 88' lang='lat' dir='ltr'>Fecit</span> <span class='ocrx_word' id='word_1_419' title='bbox 1253 2113 1292 2148; x_wconf 65' lang='grc' dir='ltr'>ὃ(</span> <span class='ocrx_word' id='word_1_420' title='bbox 1306 2110 1535 2147; x_wconf 86' lang='lat' dir='ltr'>Zenodorus</span> <span class='ocrx_word' id='word_1_421' title='bbox 1546 2112 1583 2146; x_wconf 90' lang='lat' dir='ltr'>in</span> <span class='ocrx_word' id='word_1_422' title='bbox 1597 2110 1726 2147; x_wconf 77' lang='lat' dir='ltr'>Galliae</span> <span class='ocrx_word' id='word_1_423' title='bbox 1738 2112 1861 2147; x_wconf 88' lang='lat' dir='ltr'>civita-</span> 
     </span>
     <span class='ocr_line' id='line_1_39' title="bbox 254 2165 1861 2219; baseline -0.004 -10"><span class='ocrx_word' id='word_1_424' title='bbox 254 2183 290 2210; x_wconf 89' lang='lat' dir='ltr'>te</span> <span class='ocrx_word' id='word_1_425' title='bbox 310 2171 487 2209; x_wconf 85' lang='lat' dir='ltr'>Arvernis</span> <span class='ocrx_word' id='word_1_426' title='bbox 517 2171 749 2207; x_wconf 80' lang='lat' dir='ltr'>Mercurium</span> <span class='ocrx_word' id='word_1_427' title='bbox 769 2169 1048 2219; x_wconf 82' lang='lat' dir='ltr'>quadragenum</span> <span class='ocrx_word' id='word_1_428' title='bbox 1059 2167 1219 2218; x_wconf 86' lang='lat' dir='ltr'>pedum.</span> <span class='ocrx_word' id='word_1_429' title='bbox 1241 2166 1289 2203; x_wconf 82' lang='lat' dir='ltr'>sic</span> <span class='ocrx_word' id='word_1_430' title='bbox 1310 2167 1411 2203; x_wconf 88' lang='lat' dir='ltr'>enim</span> <span class='ocrx_word' id='word_1_431' title='bbox 1431 2167 1631 2215; x_wconf 87' lang='lat' dir='ltr'>legendum</span> <span class='ocrx_word' id='word_1_432' title='bbox 1642 2165 1711 2204; x_wconf 80' lang='lat' dir='ltr'>effe</span> <span class='ocrx_word' id='word_1_433' title='bbox 1731 2167 1861 2203; x_wconf 90' lang='lat' dir='ltr'>docui-</span> 
     </span>
     <span class='ocr_line' id='line_1_40' title="bbox 255 2221 1860 2276; baseline -0.004 -11"><span class='ocrx_word' id='word_1_434' title='bbox 255 2240 353 2265; x_wconf 77' lang='lat' dir='ltr'>muS.</span> <span class='ocrx_word' id='word_1_435' title='bbox 385 2228 440 2264; x_wconf 87' lang='lat' dir='ltr'>At</span> <span class='ocrx_word' id='word_1_436' title='bbox 460 2226 600 2264; x_wconf 87' lang='lat' dir='ltr'>tametsi</span> <span class='ocrx_word' id='word_1_437' title='bbox 612 2226 825 2273; x_wconf 79' lang='lat' dir='ltr'>hujusmodi</span> <span class='ocrx_word' id='word_1_438' title='bbox 837 2225 958 2263; x_wconf 80' lang='lat' dir='ltr'>statuoe</span> <span class='ocrx_word' id='word_1_439' title='bbox 971 2225 1126 2276; x_wconf 67' lang='lat' dir='ltr'>propriae</span> <span class='ocrx_word' id='word_1_440' title='bbox 1139 2222 1250 2260; x_wconf 80' lang='lat' dir='ltr'>essent</span> <span class='ocrx_word' id='word_1_441' title='bbox 1262 2224 1449 2267; x_wconf 87' lang='lat' dir='ltr'>Deorum,</span> <span class='ocrx_word' id='word_1_442' title='bbox 1462 2234 1510 2259; x_wconf 92' lang='lat' dir='ltr'>eo</span> <span class='ocrx_word' id='word_1_443' title='bbox 1522 2221 1731 2260; x_wconf 88' lang='lat' dir='ltr'>discrimine</span> <span class='ocrx_word' id='word_1_444' title='bbox 1743 2221 1860 2259; x_wconf 84' lang='lat' dir='ltr'>subla-</span> 
     </span>
     <span class='ocr_line' id='line_1_41' title="bbox 256 2277 1862 2335; baseline -0.003 -15"><span class='ocrx_word' id='word_1_445' title='bbox 256 2295 298 2322; x_wconf 91' lang='lat' dir='ltr'>to</span> <span class='ocrx_word' id='word_1_446' title='bbox 319 2284 500 2335; x_wconf 87' lang='lat' dir='ltr'>principes</span> <span class='ocrx_word' id='word_1_447' title='bbox 519 2282 645 2319; x_wconf 85' lang='lat' dir='ltr'>iisdem</span> <span class='ocrx_word' id='word_1_448' title='bbox 668 2283 847 2319; x_wconf 87' lang='lat' dir='ltr'>honorari</span> <span class='ocrx_word' id='word_1_449' title='bbox 857 2284 1074 2319; x_wconf 89' lang='lat' dir='ltr'>voluerunt:</span> <span class='ocrx_word' id='word_1_450' title='bbox 1096 2281 1267 2329; x_wconf 87' lang='lat' dir='ltr'>quinimo</span> <span class='ocrx_word' id='word_1_451' title='bbox 1281 2309 1290 2322; x_wconf 89' lang='lat'>,</span> <span class='ocrx_word' id='word_1_452' title='bbox 1305 2289 1346 2315; x_wconf 91' lang='lat' dir='ltr'>ut</span> <span class='ocrx_word' id='word_1_453' title='bbox 1365 2279 1436 2321; x_wconf 76' lang='lat' dir='ltr'>iam</span> <span class='ocrx_word' id='word_1_454' title='bbox 1448 2277 1683 2315; x_wconf 85' lang='lat' dir='ltr'>ostendimus</span> <span class='ocrx_word' id='word_1_455' title='bbox 1696 2307 1705 2322; x_wconf 89' lang='lat'>‚</span> <span class='ocrx_word' id='word_1_456' title='bbox 1727 2277 1862 2315; x_wconf 85' lang='lat' dir='ltr'>statuas</span> 
     </span>
     <span class='ocr_line' id='line_1_42' title="bbox 256 2333 1862 2387; baseline -0.004 -11"><span class='ocrx_word' id='word_1_457' title='bbox 256 2351 406 2383; x_wconf 87' lang='lat' dir='ltr'>omnes,</span> <span class='ocrx_word' id='word_1_458' title='bbox 422 2348 516 2387; x_wconf 91' lang='lat' dir='ltr'>quot</span> <span class='ocrx_word' id='word_1_459' title='bbox 535 2340 630 2375; x_wconf 89' lang='lat' dir='ltr'>olim</span> <span class='ocrx_word' id='word_1_460' title='bbox 648 2337 752 2376; x_wconf 78' lang='lat' dir='ltr'>suiffe</span> <span class='ocrx_word' id='word_1_461' title='bbox 764 2338 973 2381; x_wconf 89' lang='lat' dir='ltr'>traduntur,</span> <span class='ocrx_word' id='word_1_462' title='bbox 986 2336 1242 2386; x_wconf 79' lang='lat' dir='ltr'>magnitudine</span> <span class='ocrx_word' id='word_1_463' title='bbox 1260 2334 1438 2386; x_wconf 83' lang='lat' dir='ltr'>superavit</span> <span class='ocrx_word' id='word_1_464' title='bbox 1457 2334 1546 2371; x_wconf 87' lang='lat' dir='ltr'>illud</span> <span class='ocrx_word' id='word_1_465' title='bbox 1558 2335 1690 2382; x_wconf 90' lang='lat' dir='ltr'>ingens</span> <span class='ocrx_word' id='word_1_466' title='bbox 1712 2333 1862 2370; x_wconf 81' lang='lat' dir='ltr'>simula-</span> 
     </span>
     <span class='ocr_line' id='line_1_43' title="bbox 255 2389 1861 2442; baseline -0.004 -10"><span class='ocrx_word' id='word_1_467' title='bbox 255 2407 362 2432; x_wconf 85' lang='lat' dir='ltr'>crum</span> <span class='ocrx_word' id='word_1_468' title='bbox 374 2396 540 2432; x_wconf 86' lang='lat' dir='ltr'>Neronis</span> <span class='ocrx_word' id='word_1_469' title='bbox 553 2394 678 2442; x_wconf 87' lang='lat' dir='ltr'>‚quod</span> <span class='ocrx_word' id='word_1_470' title='bbox 697 2394 839 2430; x_wconf 79' lang='lat' dir='ltr'>insaniae</span> <span class='ocrx_word' id='word_1_471' title='bbox 858 2394 1021 2432; x_wconf 89' lang='lat' dir='ltr'>modum</span> <span class='ocrx_word' id='word_1_472' title='bbox 1040 2392 1226 2442; x_wconf 78' lang='lat' dir='ltr'>imposuit,</span> <span class='ocrx_word' id='word_1_473' title='bbox 1250 2403 1329 2427; x_wconf 92' lang='lat' dir='ltr'>non</span> <span class='ocrx_word' id='word_1_474' title='bbox 1345 2392 1434 2435; x_wconf 82' lang='lat' dir='ltr'>arti,</span> <span class='ocrx_word' id='word_1_475' title='bbox 1455 2403 1535 2437; x_wconf 88' lang='lat' dir='ltr'>quae</span> <span class='ocrx_word' id='word_1_476' title='bbox 1556 2391 1669 2426; x_wconf 84' lang='lat' dir='ltr'>etiam</span> <span class='ocrx_word' id='word_1_477' title='bbox 1681 2390 1775 2427; x_wconf 84' lang='lat' dir='ltr'>ultra</span> <span class='ocrx_word' id='word_1_478' title='bbox 1795 2389 1861 2427; x_wconf 87' lang='lat' dir='ltr'>has</span> 
     </span>
     <span class='ocr_line' id='line_1_44' title="bbox 255 2445 1859 2501; baseline -0.004 -13"><span class='ocrx_word' id='word_1_479' title='bbox 255 2461 372 2488; x_wconf 81' lang='lat' dir='ltr'>metas</span> <span class='ocrx_word' id='word_1_480' title='bbox 390 2448 617 2501; x_wconf 75' lang='lat' dir='ltr'>progressura</span> <span class='ocrx_word' id='word_1_481' title='bbox 630 2460 704 2487; x_wconf 83' lang='lat' dir='ltr'>erat</span> <span class='ocrx_word' id='word_1_482' title='bbox 717 2449 740 2486; x_wconf 78' lang='lat' dir='ltr'>fi</span> <span class='ocrx_word' id='word_1_483' title='bbox 754 2450 930 2500; x_wconf 91' lang='lat' dir='ltr'>Principis</span> <span class='ocrx_word' id='word_1_484' title='bbox 941 2448 1070 2486; x_wconf 88' lang='lat' dir='ltr'>itidem</span> <span class='ocrx_word' id='word_1_485' title='bbox 1081 2447 1223 2486; x_wconf 81' lang='lat' dir='ltr'>vesania</span> <span class='ocrx_word' id='word_1_486' title='bbox 1234 2446 1417 2497; x_wconf 77' lang='lat' dir='ltr'>potuiss&#39;et.</span> <span class='ocrx_word' id='word_1_487' title='bbox 1454 2445 1530 2483; x_wconf 91' lang='lat' dir='ltr'>Alii</span> <span class='ocrx_word' id='word_1_488' title='bbox 1551 2456 1682 2482; x_wconf 88' lang='lat' dir='ltr'>contra</span> <span class='ocrx_word' id='word_1_489' title='bbox 1701 2445 1859 2483; x_wconf 82' lang='lat' dir='ltr'>exilibus</span> 
     </span>
     <span class='ocr_line' id='line_1_45' title="bbox 254 2502 1858 2558; baseline -0.006 -13"><span class='ocrx_word' id='word_1_490' title='bbox 254 2506 429 2558; x_wconf 89' lang='lat' dir='ltr'>operibus</span> <span class='ocrx_word' id='word_1_491' title='bbox 447 2505 594 2544; x_wconf 88' lang='lat' dir='ltr'>laudem</span> <span class='ocrx_word' id='word_1_492' title='bbox 613 2505 830 2554; x_wconf 73' lang='lat' dir='ltr'>quaeflerunt</span> <span class='ocrx_word' id='word_1_493' title='bbox 843 2535 852 2550; x_wconf 89' lang='lat'>‚</span> <span class='ocrx_word' id='word_1_494' title='bbox 864 2517 904 2542; x_wconf 90' lang='lat' dir='ltr'>ut</span> <span class='ocrx_word' id='word_1_495' title='bbox 925 2505 1197 2554; x_wconf 68' lang='lat' dir='ltr'>Myrmecides,</span> <span class='ocrx_word' id='word_1_496' title='bbox 1218 2505 1322 2549; x_wconf 78' lang='lat' dir='ltr'>cujus</span> <span class='ocrx_word' id='word_1_497' title='bbox 1336 2502 1552 2552; x_wconf 81' lang='lat' dir='ltr'>quadrigam</span> <span class='ocrx_word' id='word_1_498' title='bbox 1572 2513 1660 2538; x_wconf 89' lang='lat' dir='ltr'>cum</span> <span class='ocrx_word' id='word_1_499' title='bbox 1677 2504 1858 2551; x_wconf 79' lang='lat' dir='ltr'>agitatore</span> 
     </span>
     <span class='ocr_line' id='line_1_46' title="bbox 256 2558 1857 2614; baseline -0.004 -14"><span class='ocrx_word' id='word_1_500' title='bbox 256 2564 459 2614; x_wconf 83' lang='lat' dir='ltr'>cooperuit</span> <span class='ocrx_word' id='word_1_501' title='bbox 471 2563 536 2599; x_wconf 85' lang='lat' dir='ltr'>alis</span> <span class='ocrx_word' id='word_1_502' title='bbox 551 2562 687 2599; x_wconf 85' lang='lat' dir='ltr'>musca.</span> <span class='ocrx_word' id='word_1_503' title='bbox 705 2564 742 2598; x_wconf 73' lang='grc' dir='ltr'>ὅ(</span> <span class='ocrx_word' id='word_1_504' title='bbox 753 2562 985 2604; x_wconf 84' lang='lat' dir='ltr'>Callicrates,</span> <span class='ocrx_word' id='word_1_505' title='bbox 1000 2563 1099 2605; x_wconf 79' lang='lat' dir='ltr'>cujus</span> <span class='ocrx_word' id='word_1_506' title='bbox 1111 2560 1357 2597; x_wconf 86' lang='lat' dir='ltr'>formicarum</span> <span class='ocrx_word' id='word_1_507' title='bbox 1374 2558 1487 2608; x_wconf 89' lang='lat' dir='ltr'>pedes</span> <span class='ocrx_word' id='word_1_508' title='bbox 1500 2586 1509 2600; x_wconf 87' lang='lat'>‚</span> <span class='ocrx_word' id='word_1_509' title='bbox 1528 2567 1643 2606; x_wconf 84' lang='lat' dir='ltr'>atque</span> <span class='ocrx_word' id='word_1_510' title='bbox 1656 2558 1723 2594; x_wconf 87' lang='lat' dir='ltr'>alia</span> <span class='ocrx_word' id='word_1_511' title='bbox 1740 2569 1857 2594; x_wconf 90' lang='lat' dir='ltr'>mem-</span> 
     </span>
     <span class='ocr_line' id='line_1_47' title="bbox 255 2612 1859 2668; baseline -0.004 -14"><span class='ocrx_word' id='word_1_512' title='bbox 255 2619 332 2662; x_wconf 87' lang='lat' dir='ltr'>bra,</span> <span class='ocrx_word' id='word_1_513' title='bbox 346 2618 535 2668; x_wconf 88' lang='lat' dir='ltr'>pervidere</span> <span class='ocrx_word' id='word_1_514' title='bbox 549 2629 626 2654; x_wconf 93' lang='lat' dir='ltr'>non</span> <span class='ocrx_word' id='word_1_515' title='bbox 648 2628 733 2654; x_wconf 89' lang='lat' dir='ltr'>erat.</span> <span class='ocrx_word' id='word_1_516' title='bbox 749 2617 984 2655; x_wconf 89' lang='lat' dir='ltr'>Theodorus</span> <span class='ocrx_word' id='word_1_517' title='bbox 996 2618 1108 2653; x_wconf 87' lang='lat' dir='ltr'>etiam</span> <span class='ocrx_word' id='word_1_518' title='bbox 1120 2627 1207 2653; x_wconf 90' lang='lat' dir='ltr'>cum</span> <span class='ocrx_word' id='word_1_519' title='bbox 1225 2614 1257 2651; x_wconf 84' lang='lat' dir='ltr'>se</span> <span class='ocrx_word' id='word_1_520' title='bbox 1276 2626 1317 2650; x_wconf 86' lang='lat' dir='ltr'>ex</span> <span class='ocrx_word' id='word_1_521' title='bbox 1330 2626 1397 2652; x_wconf 78' lang='lat' dir='ltr'>aere</span> <span class='ocrx_word' id='word_1_522' title='bbox 1408 2612 1550 2650; x_wconf 74' lang='lat' dir='ltr'>fudiss&#39;et</span> <span class='ocrx_word' id='word_1_523' title='bbox 1561 2642 1571 2657; x_wconf 91' lang='lat'><em>‚</em></span> <span class='ocrx_word' id='word_1_524' title='bbox 1590 2624 1716 2662; x_wconf 82' lang='lat' dir='ltr'>ptaeter</span> <span class='ocrx_word' id='word_1_525' title='bbox 1734 2612 1859 2649; x_wconf 73' lang='lat' dir='ltr'>simili-</span> 
     </span>
     <span class='ocr_line' id='line_1_48' title="bbox 255 2668 1856 2721; baseline -0.004 -11"><span class='ocrx_word' id='word_1_526' title='bbox 255 2675 425 2711; x_wconf 89' lang='lat' dir='ltr'>tudinem</span> <span class='ocrx_word' id='word_1_527' title='bbox 448 2673 656 2711; x_wconf 90' lang='lat' dir='ltr'>mirabilem</span> <span class='ocrx_word' id='word_1_528' title='bbox 670 2703 679 2717; x_wconf 86' lang='lat'>‚</span> <span class='ocrx_word' id='word_1_529' title='bbox 699 2673 776 2710; x_wconf 92' lang='lat' dir='ltr'>hoc</span> <span class='ocrx_word' id='word_1_530' title='bbox 787 2674 948 2710; x_wconf 83' lang='lat' dir='ltr'>etiamin</span> <span class='ocrx_word' id='word_1_531' title='bbox 968 2684 1017 2710; x_wconf 90' lang='lat' dir='ltr'>eo</span> <span class='ocrx_word' id='word_1_532' title='bbox 1040 2682 1155 2721; x_wconf 90' lang='lat' dir='ltr'>opere</span> <span class='ocrx_word' id='word_1_533' title='bbox 1169 2670 1525 2712; x_wconf 82' lang='lat' dir='ltr'>commendabatur,</span> <span class='ocrx_word' id='word_1_534' title='bbox 1546 2669 1650 2718; x_wconf 90' lang='lat' dir='ltr'>quod</span> <span class='ocrx_word' id='word_1_535' title='bbox 1670 2668 1794 2704; x_wconf 87' lang='lat' dir='ltr'>dextra</span> <span class='ocrx_word' id='word_1_536' title='bbox 1812 2668 1856 2703; x_wconf 90' lang='lat' dir='ltr'>li-</span> 
     </span>
     <span class='ocr_line' id='line_1_49' title="bbox 256 2727 1855 2779; baseline -0.003 -14"><span class='ocrx_word' id='word_1_537' title='bbox 256 2742 357 2766; x_wconf 85' lang='lat' dir='ltr'>mam</span> <span class='ocrx_word' id='word_1_538' title='bbox 370 2739 534 2772; x_wconf 85' lang='lat' dir='ltr'>teneret,</span> <span class='ocrx_word' id='word_1_539' title='bbox 555 2730 644 2766; x_wconf 87' lang='lat' dir='ltr'>laeva</span> <span class='ocrx_word' id='word_1_540' title='bbox 665 2730 780 2766; x_wconf 89' lang='lat' dir='ltr'>tribus</span> <span class='ocrx_word' id='word_1_541' title='bbox 799 2729 920 2779; x_wconf 78' lang='lat' dir='ltr'>digitis</span> <span class='ocrx_word' id='word_1_542' title='bbox 933 2728 1190 2778; x_wconf 67' lang='lat' dir='ltr'>quadrigulam</span> <span class='ocrx_word' id='word_1_543' title='bbox 1209 2736 1318 2764; x_wconf 78' lang='lat' dir='ltr'>tantae</span> <span class='ocrx_word' id='word_1_544' title='bbox 1338 2727 1524 2776; x_wconf 85' lang='lat' dir='ltr'>parvitatis</span> <span class='ocrx_word' id='word_1_545' title='bbox 1538 2753 1548 2769; x_wconf 89' lang='lat'><em>‚</em></span> <span class='ocrx_word' id='word_1_546' title='bbox 1572 2734 1612 2761; x_wconf 88' lang='lat' dir='ltr'>ut</span> <span class='ocrx_word' id='word_1_547' title='bbox 1631 2733 1749 2760; x_wconf 86' lang='lat' dir='ltr'>rotam</span> <span class='ocrx_word' id='word_1_548' title='bbox 1769 2734 1855 2760; x_wconf 81' lang='lat' dir='ltr'>eam</span> 
     </span>
     <span class='ocr_line' id='line_1_50' title="bbox 255 2777 1857 2834; baseline -0.004 -13"><span class='ocrx_word' id='word_1_549' title='bbox 255 2797 480 2834; x_wconf 90' lang='lat' dir='ltr'>currumque</span> <span class='ocrx_word' id='word_1_550' title='bbox 499 2787 536 2822; x_wconf 89' lang='lat'>&amp;</span> <span class='ocrx_word' id='word_1_551' title='bbox 555 2787 719 2834; x_wconf 88' lang='lat' dir='ltr'>aurigam</span> <span class='ocrx_word' id='word_1_552' title='bbox 740 2787 920 2834; x_wconf 84' lang='lat' dir='ltr'>integeret</span> <span class='ocrx_word' id='word_1_553' title='bbox 939 2786 1004 2822; x_wconf 85' lang='lat' dir='ltr'>alis</span> <span class='ocrx_word' id='word_1_554' title='bbox 1025 2783 1136 2821; x_wconf 85' lang='lat' dir='ltr'>fimul</span> <span class='ocrx_word' id='word_1_555' title='bbox 1150 2782 1242 2820; x_wconf 64' lang='lat' dir='ltr'>faeta</span> <span class='ocrx_word' id='word_1_556' title='bbox 1261 2782 1395 2819; x_wconf 87' lang='lat' dir='ltr'>musca.</span> <span class='ocrx_word' id='word_1_557' title='bbox 1429 2780 1659 2829; x_wconf 87' lang='lat' dir='ltr'>Pomponius</span> <span class='ocrx_word' id='word_1_558' title='bbox 1672 2777 1857 2815; x_wconf 80' lang='lat' dir='ltr'>Gauricus</span> 
     </span>
     <span class='ocr_line' id='line_1_51' title="bbox 254 2833 1855 2890; baseline -0.003 -13"><span class='ocrx_word' id='word_1_559' title='bbox 254 2842 292 2877; x_wconf 84' lang='lat' dir='ltr'>in</span> <span class='ocrx_word' id='word_1_560' title='bbox 311 2840 408 2877; x_wconf 90' lang='lat' dir='ltr'>libro</span> <span class='ocrx_word' id='word_1_561' title='bbox 429 2840 473 2876; x_wconf 85' lang='lat' dir='ltr'>de</span> <span class='ocrx_word' id='word_1_562' title='bbox 492 2840 690 2890; x_wconf 86' lang='lat' dir='ltr'>Sculptura</span> <span class='ocrx_word' id='word_1_563' title='bbox 711 2843 924 2879; x_wconf 82' lang='lat' dir='ltr'>annotavit,</span> <span class='ocrx_word' id='word_1_564' title='bbox 949 2840 1084 2877; x_wconf 88' lang='lat' dir='ltr'>statuas</span> <span class='ocrx_word' id='word_1_565' title='bbox 1097 2851 1180 2889; x_wconf 81' lang='lat' dir='ltr'>qua:</span> <span class='ocrx_word' id='word_1_566' title='bbox 1205 2841 1298 2875; x_wconf 88' lang='lat' dir='ltr'>intra</span> <span class='ocrx_word' id='word_1_567' title='bbox 1320 2838 1472 2875; x_wconf 89' lang='lat' dir='ltr'>humani</span> <span class='ocrx_word' id='word_1_568' title='bbox 1488 2836 1631 2872; x_wconf 82' lang='lat' dir='ltr'>habitus</span> <span class='ocrx_word' id='word_1_569' title='bbox 1642 2833 1855 2872; x_wconf 79' lang='lat' dir='ltr'>mensuram</span> 
     </span>
    </p>
   </div>
   <div class='ocr_carea' id='block_1_3' title="bbox 254 2888 1856 2992">
    <p class='ocr_par' dir='ltr' id='par_1_3' title="bbox 254 2888 1856 2992">
     <span class='ocr_line' id='line_1_52' title="bbox 254 2888 1856 2945; baseline -0.004 -11"><span class='ocrx_word' id='word_1_570' title='bbox 254 2895 395 2934; x_wconf 82' lang='lat' dir='ltr'>fierent,</span> <span class='ocrx_word' id='word_1_571' title='bbox 415 2894 514 2945; x_wconf 80' lang='lat' dir='ltr'>figna</span> <span class='ocrx_word' id='word_1_572' title='bbox 523 2898 670 2934; x_wconf 87' lang='lat' dir='ltr'>vocari:</span> <span class='ocrx_word' id='word_1_573' title='bbox 691 2896 867 2935; x_wconf 86' lang='lat' dir='ltr'>cubitales</span> <span class='ocrx_word' id='word_1_574' title='bbox 878 2907 1017 2942; x_wconf 86' lang='lat' dir='ltr'>autem,</span> <span class='ocrx_word' id='word_1_575' title='bbox 1029 2905 1091 2932; x_wconf 84' lang='lat' dir='ltr'>aut</span> <span class='ocrx_word' id='word_1_576' title='bbox 1103 2894 1235 2932; x_wconf 89' lang='lat' dir='ltr'>cubito</span> <span class='ocrx_word' id='word_1_577' title='bbox 1246 2894 1426 2937; x_wconf 85' lang='lat' dir='ltr'>minores,</span> <span class='ocrx_word' id='word_1_578' title='bbox 1436 2891 1564 2940; x_wconf 79' lang='lat' dir='ltr'>figilla:</span> <span class='ocrx_word' id='word_1_579' title='bbox 1579 2888 1724 2939; x_wconf 80' lang='lat' dir='ltr'>pariles,</span> <span class='ocrx_word' id='word_1_580' title='bbox 1737 2901 1856 2939; x_wconf 88' lang='lat' dir='ltr'>quum</span> 
     </span>
     <span class='ocr_line' id='line_1_53' title="bbox 1777 2957 1855 2992; baseline 0.038 -11"><span class='ocrx_word' id='word_1_581' title='bbox 1777 2957 1855 2992; x_wconf 65' lang='lat' dir='ltr'>eius</span> 
     </span>
    </p>
   </div>
  </div>
 </body>
</html>
