2023 3162
680 64 1204 104 V1rnuv1AN1.
1415 99 1418 101 .
1671 81 1741 114 153

161 134 342 182 impares,
361 127 539 178 siquidem
554 128 704 168 altiores
721 129 909 178 stylobatoe
928 131 1101 168 altiorem
1115 160 1125 176 ‚
1144 129 1368 167 humiliores
1393 140 1483 168 vero
1505 130 1748 171 humiliorem

159 186 368 224 scamillum
379 187 570 235 requirunt
579 212 590 226 ,
608 188 646 224 &
659 195 758 223 certe
771 186 848 223 haec
861 198 924 237 per
934 185 1119 224 scamillos
1129 185 1225 223 faeta
1245 186 1414 231 adjectio,
1424 199 1490 237 per
1502 189 1668 226 medium
1681 188 1750 238 sty-

160 243 326 280 lobatam
346 241 504 287 adjee’cio
525 242 739 292 appellanda
756 241 816 279 est.
850 241 1174 295 Qandoquidem
1190 241 1375 279 scamillus
1397 242 1462 293 ipsi
1481 243 1668 291 stylobatae
1686 245 1747 282 ad-

161 298 293 345 jestus,
305 297 476 334 altiorem
488 296 525 333 ὃ(
535 297 788 346 augustiorem
802 322 808 335 ‚
823 307 864 334 ut
875 299 925 333 ita
936 297 1073 342 dicam,
1084 296 1203 347 ipsum
1214 296 1436 344 stylobatam
1448 299 1577 335 reddit.
1607 300 1675 335 His
1685 300 1747 336 de-

161 353 304 390 clararis
315 381 326 398 ‚
345 351 389 389 ad
401 351 664 390 difficillimum
676 353 838 395 ejusdem
850 353 1007 390 austoris
1018 353 1163 392 locum,
1178 354 1242 402 qui
1252 355 1366 403 paulo
1378 353 1472 390 infra
1484 354 1533 391 cst
1545 384 1554 399 ‚
1564 356 1752 391 elucidan-

161 408 253 446 dum
265 408 502 445 accedemus.
539 408 591 444 lta
605 409 705 444 enim
715 407 896 445 obscurus
907 408 974 448 est,
992 418 1032 445 ut
1045 407 1111 445 nisi
1124 409 1170 445 ab
1181 410 1223 445 iis
1233 420 1312 458 quae
1324 408 1464 447 anobis
1475 411 1658 448 declarata
1670 409 1752 446 sunt

160 464 342 502 auxilium
352 473 456 513 petas
467 491 478 507 ,
496 461 624 500 frustra
634 462 708 500 fere
718 465 756 500 in
766 475 814 501 eo
823 463 1066 513 intelligendo
1076 463 1234 501 labores.
1275 465 1439 502 Vitruvii
1450 466 1560 504 verba
1573 466 1752 503 hocloco

162 519 184 555 Ξι
203 519 311 556 nobis
322 520 474 569 repetita
484 519 534 555 ita
544 517 697 556 habent:
722 517 886 570 Capitulis
897 517 1060 571 perfec‘i‘is
1070 544 1078 558 ‚
1091 517 1214 555 deinde
1224 517 1420 570 infiaemmu
1430 520 1667 558 columnarum
1674 520 1753 570 sca-

156 578 209 627 pis
226 587 295 610 noa
313 571 357 608 ad
371 570 517 610 ltbellam
527 602 538 618 ,
548 572 617 623 fid
623 572 671 610 ad
677 572 837 626 aequalem
855 572 1033 610 modulum
1043 573 1201 611 collocatos
1213 599 1220 613 ‚
1245 577 1298 610 uti
1307 588 1377 627 quae
1387 573 1532 624 adjec‘lio
1542 574 1753 628 instylobato's

152 628 254 682 fao-‘la
266 626 404 680 fuerit,
422 625 703 680 infiaperioribus
712 625 869 671 membrbs
878 627 1067 679 respondeat
1074 628 1281 680 symmetria
1296 629 1537 682 epifiyltorum.
1558 632 1754 671 Philandcr

161 685 287 733 judicii
306 685 473 734 alioquin
484 685 651 720 acerrimi
660 686 714 721 vir
726 684 810 721 &in
822 683 897 720 hoc
909 684 1058 721 auctore
1067 685 1280 722 illustrando
1295 688 1433 723 caeteris
1446 687 1624 725 omnibus
1635 689 1751 736 longe

161 739 391 792 praestantior
401 769 412 785 ‚
433 741 565 777 locum
579 740 679 777 hunc
691 738 954 776 difficillimum
965 768 974 782 ‚
998 749 1041 775 ut
1051 750 1163 790 puto,
1182 742 1233 777 rei
1244 740 1461 779 difficultate
1474 744 1681 787 deterritus,
1691 744 1753 781 vel

161 808 211 834 ne
229 796 283 833 bis
304 796 350 832 ad
369 794 526 833 eundem
540 823 550 838 ‚
573 805 615 832 ut
633 796 754 841 ajunt,
775 793 938 843 lapidem
950 791 1179 833 offenderet,
1199 793 1301 831 ficco
1323 797 1416 846 pede
1427 798 1637 846 pertranfiit.
1667 799 1754 835 Bar-

161 852 268 889 barus
280 861 404 889 autem
420 880 431 897 ‚
447 862 494 888 ne
504 850 586 900 quis
595 850 702 888 illum
715 861 763 887 eo
775 851 931 887 nomine
948 849 1253 901 reprehenderet,
1274 862 1356 889 rem
1374 861 1496 890 totam
1515 853 1611 891 hisee
1629 854 1750 893 verbis

164 908 374 958 explicavit.

217 968 324 1000 Locus
341 960 397 999 hic
416 960 563 1000 videtur
573 961 680 1000 locum
697 961 794 1000 illum
804 961 979 1001 declarare
995 962 1032 1000 in
1048 975 1113 1015 quo
1129 960 1223 1001 dixit
1238 960 1279 1000 de
1295 961 1750 1018 adjeth'onestylobatarum.

161 1024 264 1067 Qum
281 1026 394 1055 monet
409 1031 468 1055 nos
478 1018 642 1071 capitulos
658 1017 775 1056 debere
784 1019 939 1056 collocare
950 1032 1018 1055 non
1033 1017 1078 1054 ad
1086 1016 1228 1056 libellam
1240 1048 1250 1064 ‚
1264 1016 1331 1071 scd
1346 1019 1546 1069 refilientes,
1560 1023 1614 1058 uti
1624 1023 1753 1075 respon*

161 1072 263 1111 deant
280 1071 726 1125 adjec‘t'ionistylobatarum.
759 1074 924 1126 Intelltgit
936 1084 1051 1111 autem
1061 1071 1101 1110 de
1109 1071 1161 1111 lobs
1164 1072 1323 1126 partibus
1336 1105 1346 1120 ‚
1363 1074 1546 1128 quaefitpra
1563 1076 1755 1129 capitulum

162 1132 200 1167 in
218 1127 375 1182 epistyliis
385 1128 596 1167 collocantur.
629 1127 838 1182 Namsupra,
856 1128 1044 1182 capitulum
1054 1128 1283 1181 respondentes
1298 1141 1414 1183 partes
1435 1134 1473 1167 m
1493 1131 1652 1184 epistyliis
1673 1131 1751 1182 refi-

159 1184 272 1230 lium,
293 1178 336 1223 ὠ·
347 1194 468 1237 partes
484 1184 682 1237 interpositae
701 1182 950 1233 retrahuntur3
973 1182 1099 1222 habent
1116 1195 1234 1222 tamen
1252 1184 1368 1224 eadem
1388 1184 1540 1223 membra
1560 1182 1605 1226 ἄ·
1622 1186 1755 1240 casdem

155 1250 273 1294 partes
285 1266 292 1279 ,
306 1237 589 1291 quemadmodum
602 1238 742 1292 podium
753 1237 892 1277 habebat
908 1239 1025 1277 eadem
1034 1254 1112 1277 cum
1120 1238 1295 1292 stylobatis
1305 1268 1313 1282 ‚
1327 1239 1460 1293 stilicet
1472 1241 1634 1294 quadras,
1648 1253 1756 1282 trun-

161 1309 214 1335 cos
228 1325 237 1340 ‚
255 1295 329 1348 lysis
341 1324 351 1339 ‚
372 1290 417 1334 (ῥ’
427 1293 525 1332 alias.
555 1298 666 1345 Hujus
685 1294 881 1348 exemplum
897 1295 1116 1349 efificperius
1133 1298 1172 1332 in
1183 1294 1406 1349 descriptione
1415 1296 1535 1335 ultimi
1544 1297 1679 1352 templi,
1696 1296 1756 1336 ubi

155 1350 300 1405 podium
312 1349 460 1404 posttum
471 1353 532 1388 eft.
553 1352 641 1389 Huc
652 1352 766 1402 usque
778 1352 957 1389 Barbarus
969 1381 980 1397 ,
993 1353 1095 1398 cujus
1105 1352 1256 1391 schema
1266 1365 1309 1390 ex
1321 1353 1567 1391 eodem‘loco
1578 1356 1753 1404 petitum,

162 1409 282 1445 oculis
293 1409 531 1458 proponitur.
563 1413 658 1453 (Nos
670 1405 728 1443 hoc
737 1404 877 1458 schema
893 1404 952 1443 hic
971 1404 1093 1444 addere
1112 1410 1364 1459 operaepretium
1376 1422 1442 1445 non
1451 1406 1629 1454 duximus,
1636 1409 1752 1462 fiqml-

161 1461 238 1500 dem
247 1463 286 1499 m
297 1460 436 1499 Barbari
453 1461 596 1500 editione
612 1461 729 1500 videri
738 1462 866 1515 posset.)
898 1463 938 1501 A
949 1463 977 1500 B
997 1464 1163 1502 Seamilli
1180 1465 1280 1513 juxta
1290 1464 1493 1504 Barbarum
1503 1464 1672 1517 epistyliis
1691 1465 1754 1503 ad-

161 1520 244 1567 jecti
255 1528 366 1567 atque
380 1517 588 1556 resilientes.

217 1575 386 1612 Primum
403 1587 529 1624 quaero
538 1604 549 1620 ,
563 1587 653 1616 num
665 1589 710 1615 ex
722 1576 884 1618 Vitruvii
894 1577 1013 1616 verbis
1024 1578 1177 1630 capituli
1190 1578 1249 1617 vel
1259 1577 1421 1628 epistylia
1430 1577 1562 1616 resilire
1578 1577 1752 1617 debeant,

161 1630 240 1669 hoe
251 1630 301 1668 est
318 1631 363 1668 ad
374 1631 538 1670 libellam
549 1644 628 1671 non
640 1635 820 1673 collocari
830 1663 838 1670 .
875 1635 989 1673 Certe
1007 1634 1052 1671 de
1070 1636 1239 1685 capitulis
1249 1634 1416 1683 loquitur
1427 1634 1566 1672 austor.
1586 1635 1638 1671 ita
1651 1633 1757 1670 enim

161 1688 213 1724 ait
225 1716 233 1730 ‚
251 1685 409 1739 capitulos
428 1701 494 1724 non
513 1686 556 1724 ad
575 1685 720 1727 libellam
733 1687 817 1741 ,fid
831 1687 877 1726 ad
890 1689 1052 1742 aequalem
1069 1689 1245 1728 modulum
1256 1690 1427 1730 collocatis,
1444 1682 1517 1728 &a
1540 1689 1644 1726 Idem
1663 1687 1756 1725 fate-

160 1752 220 1780 tur
231 1742 408 1780 Barbarus
422 1743 518 1781 hisce
535 1745 670 1783 verbis:
705 1752 811 1795 Ram
827 1754 940 1782 monet
950 1758 1028 1784 nos,
1050 1744 1208 1798 capitulos
1224 1741 1342 1783 debere
1358 1744 1506 1782 collocari
1519 1743 1566 1781 ad
1581 1741 1727 1781 libellam
1737 1772 1751 1788 ‚

149 1795 219 1849 fid
232 1795 416 1848 resilientes
431 1825 439 1839 ‚
461 1800 514 1836 uti
529 1798 746 1852 respondeant
762 1797 1199 1854 adjec‘Zl'onistylobatarum
1212 1832 1220 1839 .
1252 1802 1346 1852 Qae
1366 1813 1453 1838 cum
1472 1802 1522 1837 ita
1541 1799 1630 1845 (int,
1652 1798 1753 1836 haud

159 1854 256 1890 reete
265 1852 389 1891 facere
399 1854 542 1892 videtur
562 1856 738 1894 Barbarus
752 1883 760 1896 ‚
784 1857 847 1905 qui
859 1869 929 1906 pro
941 1857 1108 1906 capitulis
1130 1856 1291 1906 epistylia
1304 1856 1434 1894 resilire
1445 1856 1544 1894 facit.
1574 1853 1749 1904 Respon-

161 1909 263 1946 debit
273 1907 423 1947 forsitan
434 1936 444 1952 ‚
465 1909 490 1947 fi
502 1912 654 1960 capituli
664 1911 794 1949 resilire
805 1923 882 1949 non
895 1910 1054 1961 possunt,
1068 1911 1229 1963 epistylia
1238 1910 1366 1949 saltem
1376 1911 1449 1960 ipsa
1459 1910 1627 1948 resilient.
1664 1909 1751 1947 Hae-

161 1974 216 2001 ret
225 1964 400 2002 Barbarus
413 1990 421 2003 ,
443 1967 500 2002 vel
511 1967 640 2004 incidit
651 1969 687 2003 in
699 1967 858 2014 Scyllam
870 1995 879 2010 ‚
897 1967 990 2004 dum
1001 1968 1099 2005 vult,
1114 1977 1157 2013 ut
1165 1968 1214 2004 air
1226 1967 1359 2004 Poeta,
1374 1968 1491 2004 vitare
1503 1964 1749 2014 Charybdim.

162 2018 330 2067 Utique,
347 2019 411 2057 etsi
430 2020 620 2059 scamillos
640 2022 810 2073 epistyliis
830 2022 1000 2067 adjicias,
1017 2021 1219 2071 quomodo
1231 2023 1415 2072 capitulos
1432 2022 1477 2058 ad
1494 2021 1657 2058 libellam
1674 2030 1755 2056 non

164 2075 355 2111 collocas?
372 2075 486 2112 Certe
496 2077 540 2113 ad
549 2077 714 2114 libellam
726 2077 920 2116 collocasti
934 2092 941 2115 :
959 2076 985 2114 fi
996 2079 1096 2115 enim
1106 2077 1292 2127 supremas
1303 2088 1436 2114 eorum
1450 2077 1617 2125 planities
1629 2074 1753 2111 libella

163 2128 391 2182 perpendes,
411 2130 457 2166 ad
476 2131 638 2168 libellam
649 2132 842 2180 dispositos
862 2131 931 2168 effe
943 2134 1164 2181 comperies.
1196 2133 1392 2182 Perperam
1414 2133 1524 2180 igitur
1536 2128 1749 2181 explanasti,

164 2184 359 2236 propterea
369 2184 474 2233 quod
485 2196 528 2222 ea
539 2198 621 2234 quae
632 2185 653 2222 ὲι
661 2196 698 2223 te
708 2196 974 2236 proponuntur
985 2212 993 2225 ,
1021 2186 1181 2223 auctoris
1191 2185 1298 2236 ipsius
1308 2186 1428 2223 verbis
1439 2188 1475 2222 δ(
1492 2186 1675 2222 sententiae
1686 2186 1753 2221 mi-

165 2252 233 2278 nus
246 2250 472 2288 congruant.
503 2239 706 2279 Addimus,
721 2251 823 2278 tuam
836 2240 931 2277 hanc
941 2240 1190 2286 adjectionem
1203 2269 1214 2286 ,
1232 2242 1319 2278 lieet
1329 2242 1453 2291 primo
1465 2236 1609 2291 aspe6tu
1623 2238 1755 2290 plaust-

166 2296 281 2334 bilem
295 2325 305 2340 ,
326 2297 492 2345 ineptam
502 2296 647 2344 prorsus
657 2296 749 2339 effe,
766 2297 935 2333 inutilem
957 2297 995 2332 ὅ(
1013 2295 1312 2346 fallitaripenitus
1329 2297 1550 2334 obnoxiam.
1581 2296 1695 2333 Certe
1708 2308 1755 2333 ex

166 2351 552 2401 Vitruviipraescripto
570 2352 638 2388 imi
653 2350 804 2400 epistylii
825 2349 1026 2388 crassitudo
1035 2350 1184 2388 summo
1205 2352 1396 2390 columna:
1415 2351 1524 2402 scapo
1535 2351 1754 2402 respondere

166 2408 288 2445 debet.
311 2406 399 2444 Esto
411 2407 611 2455 itaqueimi
623 2405 773 2456 epistylii
794 2404 1001 2456 superficies
1012 2405 1411 2445 A.B.C.D.summus
1422 2409 1607 2445 columna:
1629 2404 1758 2456 scapus

165 2466 206 2502 E.
220 2464 257 2499 F.
269 2462 488 2511 quadratum
498 2461 605 2512 ipfius
617 2460 858 2511 summiscapi
869 2462 1084 2511 peripheria:
1097 2462 1419 2513 circumscriptum
1441 2463 1488 2500 G.
1500 2464 1546 2500 H.
1561 2464 1586 2498 Ι.
1599 2461 1650 2498 K.
1669 2462 1756 2498 Sca·

166 2520 290 2560 millus
302 2520 402 2564 juxta
413 2516 614 2555 Barbarum
624 2517 783 2555 resiliens
797 2518 843 2554 H.
852 2518 982 2555 L.M.l.
997 2517 1144 2570 Quibus
1155 2519 1206 2555 ita
1216 2517 1355 2568 pofitis,
1367 2530 1447 2568 pars
1457 2518 1529 2567 ipsa
1539 2518 1756 2567 prominens

168 2586 291 2614 vacuo
302 2573 523 2612 inmitium&
533 2573 596 2610 sub
606 2573 649 2611 se,
659 2582 792 2610 eontra
803 2583 967 2610 naturam
977 2573 1197 2623 iplammihil
1208 2573 1319 2611 habet
1329 2573 1442 2611 solidi.
1460 2573 1631 2621 Disquire
1643 2582 1757 2622 quot-

168 2639 264 2680 quot
284 2628 303 2665 a
322 2630 502 2679 temporis
515 2629 698 2666 edacitate
710 2629 832 2666 relicta
852 2628 932 2665 sunt
944 2629 1167 2678 antiquitatis
1185 2630 1334 2678 vestigia
1347 2658 1356 2673 ‚
1379 2630 1415 2665 &
1427 2629 1554 2666 nullibi
1570 2629 1755 2680 perpetuis

169 2685 340 2736 epistyliis
360 2685 550 2722 columnis
570 2682 751 2734 impositis
770 2682 955 2722 scamillos
967 2683 1147 2731 ejusmodi
1160 2713 1170 2729 ‚
1183 2683 1420 2722 refilientesve
1430 2694 1567 2734 partes,
1587 2683 1757 2736 adpa&as

171 2740 240 2780 esse
252 2742 474 2791 comperies,

226 2795 459 2847 Explodatur
467 2796 582 2846 igitur
591 2795 783 2834 Barbarus,
795 2797 869 2845 qui,
886 2795 977 2832 dum
987 2807 1066 2833 rem
1078 2793 1251 2846 improbe
1262 2794 1281 2831 a
1291 2794 1311 2831 s
1305 2808 1324 2833 e
1336 2796 1561 2833 intelleffl1m
1575 2797 1760 2846 explicare

171 2863 338 2892 conatur,
353 2863 489 2889 omnes
500 2851 764 2889 Architee'turae
774 2852 874 2901 leges
885 2860 995 2900 atque
1006 2850 1167 2888 instituta
1179 2853 1364 2902 pervertit.
1393 2852 1572 2889 Bertanus
1584 2877 1591 2890 ,
1608 2862 1648 2888 ut
1661 2854 1696 2887 in
1707 2851 1761 2887 su-

172 2907 378 2959 perioribus
386 2907 504 2947 visum
515 2907 565 2947 est
577 2936 588 2953 ‚
609 2906 733 2946 fascias
743 2907 834 2959 ipsas
845 2907 1096 2959 epistyliorum
1109 2906 1336 2955 adjectiones
1349 2909 1520 2959 appellat.
1553 2906 1672 2960 Ipsum
1684 2917 1758 2953 ego

1111 2967 1146 3001 V
1639 2962 1761 2999 Berra-
