2023 3162
282 74 356 107 160
671 56 1092 99 M.V1-rnuv11
1139 55 1496 94 Portionis

274 147 334 172 am
340 128 496 184 plissima
506 127 756 179 magnitudine
768 155 778 170 ‚
789 124 853 174 qui
864 119 920 173 [u]
935 124 1071 160 Limne
1082 121 1287 173 asphaltitis
1299 122 1629 173 appellatur,habet
1640 122 1658 161 s
1654 135 1868 176 upranatans

273 188 458 238 liquidum
469 187 636 224 bitumen
650 210 657 223 ,
673 194 751 233 quo
767 180 953 217 bitumine
965 179 1002 215 ὃ(
1017 179 1128 215 latere
1138 178 1295 216 testaceo
1306 178 1440 221 strudto
1452 191 1562 216 muro
1573 180 1785 219 Semiramis
1799 186 1869 219 cir-

277 243 468 282 cumdedit
480 241 721 289 Babylonem.
758 238 852 273 Item
869 229 926 284 [x]
940 234 1064 285 loppae
1075 235 1112 270 in
1125 235 1237 282 Syria,
1255 233 1471 283 Arabiaque
1489 235 1750 275 Numidarum,
1765 239 1867 275 lacus

275 300 520 339 suntimmani
532 292 803 344 magnitudine,
824 291 889 340 qui
909 290 1082 326 emittunt
1103 289 1297 327 bituminis
1314 292 1495 327 maximas
1515 290 1656 334 moles,
1677 304 1766 341 quas
1786 293 1869 330 diri-

278 358 396 408 piunt,
408 355 470 403 qui
482 352 647 390 habitant
658 350 764 385 circa.
797 346 840 382 ld
850 354 976 382 antem
986 355 1067 381 non
1080 345 1129 382 est
1142 344 1375 393 mirandum5
1389 357 1475 382 nam
1486 345 1620 383 crebrae
1632 346 1653 383 s
1647 357 1710 384 unt
1720 347 1771 384 ibi
1780 349 1872 400 lapi·

280 414 411 449 cidinae
422 407 611 446 bituminis
624 404 714 440 duri.
747 403 852 440 Cum
872 412 962 449 ergo
983 412 1047 450 per
1064 400 1328 438 bituminosam
1350 412 1483 438 terram
1501 403 1553 439 vis
1575 403 1869 453 erumpit-aquae,

278 467 400 504 secum
412 463 564 501 extrahit
577 489 587 505 ,
607 462 642 497 ὅ(
655 470 742 495 cum
753 457 794 494 sit
813 455 945 507 egteffa
955 466 1058 494 extra
1077 466 1224 502 terram,
1241 458 1441 495 secernitur
1451 485 1460 500 ‚
1474 459 1571 495 &ita
1582 458 1696 505 rejicit
1714 457 1759 495 ab
1775 459 1808 496 se
1820 460 1871 496 bi-

280 533 421 560 tumen.
452 519 645 565 Etiamque
662 513 762 551 estin
773 513 1014 565 Cappadocia
1026 541 1037 558 ,
1050 514 1090 549 in
1106 514 1233 550 itinere
1253 511 1359 562 quod
1370 512 1420 550 est
1431 514 1525 549 inter
1544 515 1618 564 [y]
1630 513 1822 551 Mazacam
1831 514 1870 551 δε

280 579 456 614 Tuanam
470 602 480 617 ‚
491 574 590 609 lacus
600 571 743 621 amplus
754 595 762 610 ,
778 571 816 607 in
827 580 940 619 quem
951 569 1077 606 lacum
1088 580 1168 621 pars
1179 568 1250 606 five
1260 569 1448 607 arundinis
1464 568 1537 607 five
1551 570 1610 606 alii
1620 570 1765 619 generis
1777 568 1802 606 sl
1813 568 1873 607 de-

279 631 379 671 miffa
399 630 528 673 fuerit,
548 630 585 665 ὅ(
605 626 754 678 postero
776 625 834 663 die
846 635 1038 676 exempta,
1058 636 1100 663 ea
1119 636 1218 675 pars,
1244 637 1324 675 quae
1336 624 1442 662 fuerit
1452 634 1644 675 exempta,
1667 626 1873 663 invenietur

279 686 439 737 lapidea:
461 697 540 734 quae
558 695 684 721 autem
704 693 787 735 pars
807 691 907 719 extra
925 692 1062 730 aquam
1080 680 1252 718 manserit
1264 709 1273 724 ,
1296 691 1487 731 permanet
1505 682 1543 717 in
1561 680 1619 718 sua
1632 682 1872 732 proprietate.

281 743 344 781 Ad
362 740 526 779 cundem
545 739 708 778 modum
727 740 796 784 [z]
820 738 1014 787 Hierapoli
1026 737 1189 787 Phrygiae
1208 734 1361 774 effervet
1380 749 1483 785 aquae
1504 736 1629 774 calidae
1650 736 1877 781 multitudo,

277 811 325 836 ‚cx
345 808 419 847 qua
429 798 574 834 circum
584 795 714 833 hortos
727 794 763 831 &
777 794 901 831 vineas
911 791 1013 830 fossis
1025 792 1142 830 duCtis
1154 793 1373 830 immittitur.
1388 792 1479 829 Haec
1488 803 1613 830 autem
1626 791 1782 830 efficitur
1791 790 1874 842 post

278 865 420 891 annum
440 852 555 890 crusta
566 852 729 903 lapidea,
747 852 784 887 ὅ(
804 851 852 887 ita
870 850 1072 898 quotannis
1084 848 1210 885 dextra
1227 860 1271 886 ac
1291 847 1425 886 sinistra
1447 850 1630 897 margines
1652 860 1695 886 ex
1713 858 1806 885 terra
1824 847 1875 885 fa-

277 910 416 947 ciendo
436 909 618 946 inducunt
629 919 711 945 eam
722 936 732 951 ‚
751 908 789 943 ὃ(
801 904 969 943 efficiunt
980 904 1034 941 his
1046 904 1169 942 crustis
1179 906 1218 941 in
1231 905 1325 953 agris
1334 903 1442 955 septa.
1475 904 1563 941 Hoc
1576 914 1704 942 autem
1713 906 1762 942 ita
1773 904 1873 941 vide-

276 976 336 1004 tur
353 965 566 1003 naturaliter
576 963 666 1002 fieri,
679 962 783 1011 qnod
795 963 832 998 in
842 960 896 998 his
908 961 1017 1006 locis,
1030 962 1067 998 &
1079 972 1120 998 ea
1127 970 1232 998 terra,
1246 960 1378 1009 quibus
1393 961 1423 997 is
1433 959 1593 998 nascitur
1602 960 1742 1000 succus,
1757 958 1875 997 subest

278 1022 433 1071 coaguli
445 1031 582 1058 naturae
600 1019 737 1057 similis.
768 1017 916 1054 Deinde
927 1028 1014 1054 cum
1036 1017 1246 1054 commixta
1264 1018 1318 1054 vis
1338 1015 1522 1065 egreditur
1537 1029 1603 1066 per
1622 1016 1746 1053 fontes
1769 1026 1875 1053 extra

277 1088 412 1115 terram
423 1106 433 1122 ‚
455 1076 476 1113 a
487 1075 572 1114 solis
593 1077 631 1113 δε
643 1075 738 1113 aeris
751 1074 876 1112 calore
894 1074 1042 1122 cogitur
1054 1073 1263 1121 congelari,
1286 1081 1326 1109 ut
1336 1074 1445 1109 etiam
1457 1073 1494 1109 in
1505 1074 1596 1110 areis
1617 1074 1694 1118 [A]
1704 1071 1874 1109 salinariis

277 1133 430 1171 videtur.
462 1134 554 1171 Item
565 1130 646 1169 sunt
656 1143 701 1168 ex
713 1140 843 1167 amaro
854 1129 968 1166 succo
979 1138 1079 1166 terrae
1091 1127 1215 1166 fontes
1232 1138 1408 1166 exeuntes
1421 1128 1663 1167 vehementer
1674 1129 1798 1165 amari.
1812 1126 1874 1165 Ut

279 1191 318 1227 in
329 1191 452 1226 Ponto
472 1187 522 1224 est
540 1186 681 1225 flumen
701 1188 783 1232 [B]
805 1185 967 1236 Hypanis
980 1213 990 1229 ‚
1008 1185 1074 1234 qui
1097 1182 1118 1220 a
1139 1186 1257 1235 capite
1269 1184 1422 1234 profluit
1434 1185 1577 1221 circiter
1590 1184 1706 1221 millia
1723 1182 1875 1234 quadra-

267 1246 383 1294 -ginta
393 1244 519 1294 sapore
531 1241 746 1280 dulcissimo
758 1256 764 1278 :
785 1239 916 1278 deinde
936 1251 1022 1276 cum
1034 1242 1198 1289 pervenit
1211 1240 1397 1278 adlocum
1407 1264 1415 1278 ‚
1431 1241 1495 1290 qui
1507 1239 1556 1277 est
1571 1239 1617 1276 ab
1629 1240 1725 1278 ostio
1737 1239 1783 1276 ad
1794 1240 1876 1277 mil-

280 1302 330 1338 lia
343 1308 495 1337 centum
517 1297 697 1347 sexaginta
708 1326 718 1342 ‚
739 1296 962 1333 admiscetur
973 1297 1007 1333 ei
1017 1295 1220 1334 fonticulus
1230 1296 1374 1347 oppido
1386 1308 1500 1345 quam
1523 1296 1712 1346 parvulus.
1742 1297 1773 1333 Is
1787 1307 1874 1333 cum
1894 1342 1896 1347 ‚

280 1357 318 1395 in
336 1366 421 1393 eum
430 1353 672 1400 influit‚tunc
683 1362 822 1392 tantam
840 1352 1135 1402 magnitudinem
1148 1351 1307 1390 fluminis
1326 1351 1415 1390 facit
1427 1364 1600 1390 amaram.
1631 1352 1745 1393 Ideo,
1768 1350 1875 1402 quod
1894 1350 1896 1354 ’

1808 1418 1875 1458 per

277 1519 308 1553 u]
338 1517 488 1546 Philander.
511 1520 555 1548 Est
566 1520 592 1546 in
603 1519 690 1547 Iudaea
698 1518 779 1551 lacus,
789 1519 835 1556 qui
845 1517 860 1546 ἆ.
869 1518 1010 1553 bitumine,
1020 1521 1089 1560 quod
1098 1521 1197 1561 gignit,
1212 1519 1372 1559 Asphaltites
1384 1526 1503 1547 vocatur.
1527 1514 1658 1553 Α”ο-φειλῖφ
1669 1517 1740 1546 enirn
1749 1516 1877 1545 bitumen

319 1560 406 1587 Graeci
416 1559 520 1587 dicunt.
543 1560 623 1588 Illum
634 1568 765 1587 memorat
778 1559 872 1587 Galen.
884 1570 923 1588 iv.
935 1560 1009 1599 fimpl
1032 1572 1087 1600 cap.
1104 1572 1146 1589 ιο.
1158 1561 1172 1589 a
1182 1560 1336 1599 quibusdam
1346 1570 1417 1588 mare
1427 1567 1566 1587 mortuum
1573 1559 1673 1591 vocari,
1684 1557 1817 1586 nonnullis
1827 1558 1878 1585 sta-

317 1609 405 1639 gnum
415 1599 609 1628 bituminosum
620 1621 627 1632 ‚
640 1600 671 1627 ab
679 1599 735 1627 aliis
745 1599 936 1633 Sodomenum,
950 1599 964 1628 εὶ
976 1601 1228 1638 circumjacentibus
1240 1602 1362 1641 stagnum
1372 1598 1519 1630 montibus.
1534 1608 1601 1638 quos
1611 1598 1727 1627 Sodoma
1734 1597 1877 1636 appellant.

318 1640 362 1668 1³.st
374 1644 398 1668 &
410 1641 436 1667 in
448 1639 594 1678 Babylonia
608 1639 766 1679 Asphaltites
776 1640 857 1674 lacus,
868 1639 882 1668 ὲ
892 1642 965 1677 cujus
976 1642 1117 1675 bitumine,
1126 1646 1150 1671 δέ
1161 1643 1242 1670 latere
1253 1644 1367 1670 testaceo
1378 1662 1383 1673 ,
1396 1641 1549 1669 conllrusso
1560 1649 1639 1668 muro
1650 1639 1816 1678 Babylonem
1828 1641 1876 1666 Se-

318 1681 436 1708 miramis
448 1677 556 1708 cinxiffe
564 1678 702 1709 fertur.De
714 1681 844 1708 bitumine
855 1684 879 1709 &
891 1683 973 1710 muris
983 1682 1125 1716 Babylonis
1135 1683 1238 1710 mentio
1247 1682 1283 1710 est
1294 1682 1361 1720 apud
1371 1682 1490 1711 Dionem
1499 1681 1525 1708 in
1537 1680 1616 1719 leio
1625 1681 1873 1718 Traiana-Sequitur

316 1722 345 1746 in
358 1725 384 1747 N
385 1722 429 1747 otis
439 1721 575 1749 Philandri
584 1720 709 1758 Digreffio
719 1722 750 1748 de
757 1724 894 1750 Bitumimn
902 1732 982 1760 quam
994 1723 1099 1760 confidto
1108 1726 1262 1751 omittmms.

280 1771 312 1805 x]
344 1770 428 1798 idem.
451 1774 533 1810 Ioppe
547 1794 553 1804 ,
573 1774 659 1812 inquit
671 1773 775 1801 Solinus
784 1783 842 1812 cap.
855 1770 1306 1814 xtv11.oppidumantiquiffimum
1316 1772 1381 1802 orbe
1393 1781 1454 1803 toto
1464 1794 1471 1807 ‚
1491 1781 1585 1812 utpote
1599 1780 1659 1802 ante
1671 1771 1873 1801 inundationem

318 1811 467 1839 conditum.
492 1813 532 1839 lbi
543 1814 578 1840 est
589 1814 694 1842 &lacus
705 1813 891 1842 bituminosus.

273 1865 307 1902 y]
328 1863 414 1892 Idem.
435 1864 560 1893 Scribunt
571 1865 614 1892 alii
624 1867 752 1894 Mazacam
764 1870 788 1894 8<
799 1869 920 1894 Tuanam
931 1866 1068 1895 accusandi
1079 1867 1145 1896 casu.
1158 1878 1207 1896 nos
1217 1868 1298 1896 etiam
1308 1876 1414 1896 tuemur
1424 1867 1533 1894 Mazaca
1541 1868 1565 1893 3<
1576 1866 1670 1892 Tuana
1680 1872 1793 1892 numero
1804 1862 1874 1890 mul-

313 1905 435 1932 titudinis
445 1915 477 1932 ex
485 1904 614 1933 Strabone
627 1909 651 1933 6<
663 1906 805 1944 Stephano.
827 1908 939 1934 Mazaca
950 1909 1041 1935 vocari
1054 1907 1200 1936 Caesaream
1215 1907 1248 1935 ab
1265 1907 1398 1946 Auguste,
1410 1907 1536 1945 {iramque
1548 1902 1598 1934 effe
1608 1904 1654 1933 sub
1664 1908 1755 1944 Argeo
1769 1912 1871 1938 monte,

314 1945 424 1973 tradunt
434 1947 493 1973 Sex.
503 1943 589 1974 Rufus
600 1948 624 1974 δε
638 1945 762 1973 Eusebius
771 1947 798 1973 in
810 1946 938 1975 chronic.
961 1948 1091 1975 Meminit
1105 1949 1171 1976 Flin.
1181 1948 1229 1976 hb.
1240 1957 1279 1975 v1.
1290 1957 1348 1985 cap.
1360 1956 1383 1981 3.

276 1999 316 2041 z]
337 1997 421 2026 Idem.
443 2001 485 2026 De
495 2008 524 2026 ea
534 2008 611 2037 aqua,
623 2007 718 2037 praeter
725 1999 828 2038 leian.
840 2000 885 2038 qui
895 1999 1017 2027 Pande&
1028 1998 1074 2027 lib.
1086 2009 1174 2028 xrtrr.
1182 2000 1214 2028 de
1223 2009 1290 2039 aqua
1300 1998 1452 2038 quotidiana
1463 1997 1556 2027 hortos
1567 2009 1596 2027 ea
1606 1999 1711 2039 irrigari
1721 1999 1794 2031 dicit,
1804 1998 1876 2028 hunc

318 2037 346 2065 in
358 2038 469 2066 modum
479 2039 557 2066 tradit
568 2040 663 2067 Strabo
672 2039 718 2067 lib.
728 2050 796 2068 xrxr.
819 2042 924 2068 Contra
935 2039 1095 2068 Laodiceam
1105 2040 1270 2079 Hierapolis,
1283 2040 1326 2068 ubi
1337 2049 1410 2079 aquae
1420 2039 1511 2067 calidae
1522 2040 1676 2072 scaturiunt,
1688 2043 1713 2068 δι
1724 2039 1769 2068 ubi
1781 2039 1877 2068 Pluto-

319 2078 394 2106 nium
403 2079 438 2106 est
449 2099 455 2111 ‚
477 2089 534 2117 quae
546 2088 656 2118 utraque
665 2090 719 2107 non
731 2090 837 2118 parvam
845 2081 1049 2108 admirationem
1059 2081 1189 2119 praestant.
1212 2083 1282 2111 Nam
1299 2090 1365 2118 aqua
1375 2080 1440 2108 adeo
1451 2078 1527 2107 facile
1538 2080 1563 2107 in
1575 2080 1688 2117 tophum
1699 2080 1808 2109 duratur
1819 2101 1826 2113 ‚
1845 2089 1875 2109 ut

318 2120 363 2157 qui
372 2119 515 2151 deducunt,
527 2118 644 2157 φρριζιιές
653 2120 783 2155 michinae
796 2142 802 2153 ,
818 2121 842 2148 id
854 2122 889 2149 est
898 2121 978 2149 solida
987 2119 1057 2158 septa
1068 2120 1223 2150 conficiant.
1237 2121 1300 2149 Hoc
1315 2130 1405 2149 autem
1417 2118 1518 2148 necesse
1526 2121 1561 2148 est
1572 2119 1629 2148 fieri
1640 2119 1653 2148 ὲ
1665 2121 1744 2149 fimili
1755 2122 1876 2154 materia,

317 2169 368 2197 qua
378 2159 515 2187 corallium
525 2173 530 2192 ;
542 2160 620 2188 succo
628 2160 728 2189 scilicet
738 2160 922 2200 lapidescente,
932 2162 977 2200 qui
988 2162 1086 2200 stirpes.
1098 2162 1184 2195 flores,
1197 2160 1305 2195 fruetus,
1318 2158 1381 2194 offa,
1392 2160 1560 2193 animalcula,
1571 2161 1749 2195 chirothecas,
1761 2160 1874 2200 specula,

317 2200 438 2239 strigileS,
449 2201 540 2233 vestes,
552 2201 741 2231 calceamenta,
751 2202 870 2234 malleos,
882 2205 905 2230 ὃ(
915 2211 1010 2230 caetera
1018 2202 1043 2229 in
1054 2212 1111 2240 quae
1121 2203 1256 2241 recipitur.
1265 2202 1352 2231 secum
1365 2203 1443 2230 vertit
1455 2202 1481 2229 in
1492 2201 1624 2240 lapidem:
1644 2211 1688 2231 aut
1697 2203 1758 2242 quia
1769 2212 1798 2230 ea
1806 2212 1875 2240 aqua

317 2237 331 2266 ὲ
342 2241 405 2267 saxis
417 2241 562 2279 quidquam
572 2241 704 2274 abraserit,
716 2242 788 2281 quod
797 2242 842 2270 ubi
853 2241 986 2275 resederit,
997 2251 1040 2271 aut
1051 2243 1094 2270 Sol
1104 2243 1287 2275 exsiccaverit,
1297 2251 1340 2270 aut
1351 2252 1424 2281 aquae
1434 2240 1532 2273 fervor,
1543 2243 1615 2281 quod
1626 2244 1712 2283 magis
1722 2243 1817 2282 placet,
1828 2244 1876 2271 sta-

318 2280 368 2308 tim
377 2290 454 2318 quam
466 2283 613 2310 constiterit
623 2292 704 2322 cogat
716 2293 773 2322 quae
784 2283 932 2323 contigerit
943 2284 969 2311 in
981 2283 1095 2322 lapidem
1106 2285 1183 2312 verti.
1207 2286 1288 2313 Certe
1307 2283 1444 2312 Vitruvius
1464 2283 1622 2313 existimavit
1644 2293 1704 2312 eum
1723 2284 1832 2313 succum
1843 2284 1872 2312 in

319 2321 391 2360 aquis
403 2318 492 2352 ineffe,
503 2323 546 2361 qui
556 2323 629 2362 quod
642 2323 787 2364 coagulum
797 2323 867 2357 laffi,
877 2325 904 2352 id
913 2325 985 2362 aquis
996 2324 1136 2362 praestaret.

278 2373 319 2407 A]
341 2371 426 2400 Idem.
445 2373 495 2405 Sal,
507 2382 535 2401 ut
546 2374 581 2401 est
589 2374 656 2411 apud
668 2375 732 2402 Plin.
741 2375 786 2403 lib.
795 2385 871 2403 xxxx.
881 2384 936 2413 cap.
949 2386 976 2409 7.
988 2384 1033 2403 aut
1045 2375 1176 2415 gignitur,
1187 2384 1231 2404 aut
1240 2375 1289 2404 fit:
1312 2376 1356 2415 qui
1367 2373 1483 2404 faetitius
1491 2376 1536 2408 est,
1548 2386 1580 2404 ex
1591 2375 1698 2403 marinis
1706 2375 1778 2414 aquis
1788 2379 1812 2404 &
1822 2374 1876 2405 sal.-

318 2412 350 2442 fis
360 2409 486 2445 fontanis,
496 2414 674 2451 putealibusve
684 2415 709 2443 in
720 2415 805 2444 salinis
818 2415 847 2444 fit
858 2437 865 2446 ,
876 2425 955 2455 atque
963 2416 1044 2444 ctiam
1056 2415 1069 2445 ὲ
1080 2415 1117 2445 sui
1127 2417 1230 2456 generis
1240 2416 1343 2445 lixivio,
1364 2417 1478 2445 Nativus
1489 2427 1551 2444 vero
1563 2414 1630 2445 aute
1643 2417 1779 2456 montibus
1790 2417 1873 2445 caedi-

319 2462 363 2481 tur
374 2474 380 2485 ‚
401 2452 550 2488 cujusmodi
559 2453 616 2482 sunt
626 2455 651 2482 in
663 2465 747 2495 regno
756 2458 876 2484 Taccam
888 2477 894 2488 ,
911 2465 966 2484 tam
977 2458 1084 2497 magni,
1105 2466 1133 2485 ut
1156 2457 1214 2484 orbi
1225 2457 1347 2485 universo
1359 2456 1436 2484 salem
1446 2454 1565 2485 sufficere
1576 2453 1673 2494 poffint
1684 2478 1691 2490 ‚
1712 2457 1729 2485 fi
1738 2458 1873 2486 credimus

319 2495 360 2522 M.
374 2494 454 2522 Paulo
462 2497 568 2522 Veneto
578 2495 624 2522 lib.
636 2504 657 2522 1·
669 2496 701 2523 de
712 2496 872 2524 Orientalib.
884 2497 1031 2536 Regionib.
1057 2500 1111 2525 Aut
1120 2494 1234 2525 fossitius
1242 2498 1277 2525 est
1286 2519 1293 2530 ,
1312 2498 1337 2525 id
1348 2498 1382 2525 est
1395 2496 1409 2524 ὲ
1418 2507 1514 2534 campo
1524 2495 1650 2526 effoditur
1661 2518 1668 2530 ,
1679 2498 1753 2533 cujus
1763 2499 1874 2526 nomine

319 2535 444 2574 intelligo
455 2545 515 2563 eum
525 2536 569 2574 qui
581 2535 627 2563 sub
637 2537 720 2564 arenis
729 2538 846 2576 tegitur:
866 2546 910 2565 aut
922 2538 936 2564 a
945 2535 1022 2565 fonte
1035 2538 1135 2576 petitur
1145 2559 1151 2569 ,
1171 2538 1214 2576 qui
1222 2536 1301 2565 salem
1311 2536 1362 2566 fert
1370 2558 1376 2568 ,
1388 2538 1428 2565 vel
1438 2538 1512 2573 cujus
1523 2537 1600 2566 rivuli
1609 2538 1676 2566 Solis
1685 2539 1772 2566 calore
1782 2538 1873 2567 ficcati

319 2575 346 2602 in
357 2574 434 2603 silem
445 2585 650 2608 convertuntur.
661 2585 703 2604 aut
714 2576 728 2605 a*
740 2578 831 2608 fluvio,
842 2578 886 2615 qui
898 2576 951 2605 salis
963 2587 1082 2606 ramenta
1091 2576 1187 2610 defert,
1197 2579 1238 2606 vel
1247 2579 1319 2613 cujus
1331 2579 1433 2607 summa
1441 2579 1466 2605 in
1477 2578 1554 2606 salem
1565 2577 1707 2606 densantur
1715 2599 1722 2611 ,
1731 2580 1804 2617 aquis
1813 2578 1872 2607 vel-

318 2616 358 2642 uti
369 2614 413 2642 sub
422 2617 508 2655 glacie
519 2617 677 2645 fluentibus:
690 2626 735 2645 aut
747 2615 760 2644 ὲ
772 2618 838 2648 lacu,
849 2617 889 2646 seu
902 2618 1101 2658 stagnumdicas
1110 2639 1116 2649 ,
1129 2620 1174 2657 qui
1186 2619 1226 2646 vel
1237 2627 1310 2647 torus
1319 2620 1345 2646 in
1355 2618 1434 2646 salem
1445 2620 1557 2647 vertitur
1568 2639 1574 2650 ‚
1587 2619 1630 2646 vel
1640 2619 1740 2647 medius
1754 2640 1760 2652 ‚
1772 2619 1813 2647 vel
1823 2628 1873 2647 ex-

318 2663 418 2684 tremus
428 2657 488 2684 hinc
498 2667 578 2696 atque
590 2657 651 2685 hinc
662 2678 669 2690 ,
683 2658 709 2686 id
720 2659 755 2685 est
766 2657 873 2696 superna
884 2657 1021 2687 &inferna
1031 2668 1116 2697 parte,
1131 2659 1171 2686 vel
1183 2658 1232 2687 sale
1241 2660 1329 2687 aestuat
1344 2670 1350 2688 x
1372 2667 1416 2687 aut
1427 2661 1456 2687 ad
1467 2669 1537 2687 mare
1545 2660 1669 2696 gignitur
1680 2660 1766 2687 tenuis
1778 2680 1785 2692 ‚
1798 2659 1822 2687 id
1834 2660 1871 2688 est

317 2695 406 2732 spuma
416 2698 535 2734 quaedam
547 2698 612 2726 ficca
624 2699 710 2729 maris.
721 2699 772 2727 five
783 2698 816 2726 sal
827 2697 840 2727 ὲ
852 2699 930 2726 maris
941 2699 1040 2738 spuma.
1057 2701 1093 2727 Vt
1102 2699 1150 2726 lint
1159 2698 1213 2726 salis
1224 2701 1305 2727 nativi
1314 2710 1426 2739 genera,
1437 2699 1525 2732 «πῶς,
1535 2696 1660 2732 foffirius,
1671 2697 1806 2731 fontanus.
1820 2700 1871 2728 tiu-

317 2736 429 2802 viatili's.
452 2737 566 2766 lacustris
576 2760 582 2769 ,
596 2742 621 2767 3<
633 2739 757 2768 marinus.
779 2739 844 2769 Vide
856 2739 1042 2768 Dioscoridem
1052 2739 1096 2767 lib.
1109 2750 1137 2772 νς
1151 2740 1265 2768 Plinium
1277 2749 1427 2769 memorato
1436 2741 1499 2769 loco
1513 2753 1522 2773 5
1542 2740 1674 2768 Calenum
1684 2740 1730 2768 hb·
1742 2749 1781 2768 ¹2³·
1791 2744 1815 2769 εὖ
1827 2750 1869 2769 ⁸¹*

316 2776 618 2812 Simp,1xledicament.
655 2806 657 2809 .

275 2830 311 2864 Β]
341 2827 488 2857 Philander.
510 2833 550 2858 De
560 2831 611 2859 hoc
620 2833 723 2862 Solinus
736 2842 793 2872 cap.
805 2843 849 2866 24-
866 2836 987 2872 Hypanis,
999 2835 1085 2873 inquit
1096 2857 1102 2868 ‚
1117 2835 1200 2864 amnis
1210 2836 1295 2864 oritur
1305 2836 1373 2863 inter
1384 2833 1516 2863 Auchetas
1527 2855 1533 2865 .
1551 2833 1737 2874 Scythicorum
1746 2834 1870 2864 amnium

315 2868 435 2907 princeps
445 2891 452 2900 ,
472 2880 550 2908 purus
571 2875 595 2899 ἃ
615 2873 704 2901 haustu
712 2874 909 2905 saluberrimus,
929 2874 1008 2913 usque
1018 2877 1187 2914 Callipodum
1196 2877 1271 2904 terris
1282 2874 1409 2904 inferatur
1421 2896 1428 2906 ,
1445 2875 1488 2902 ubi
1500 2877 1649 2913 Exampeus
1659 2873 1718 2903 fons
1727 2873 1832 2903 infamis
1843 2879 1871 2904 &c

315 2918 401 2936 amara
408 2910 566 2950 scaturigine
578 2933 584 2942 ,
595 2915 638 2950 qui
652 2916 800 2952 Exampeus
810 2915 912 2952 liquido
921 2913 1045 2944 admissus
1056 2918 1133 2945 fluori
1144 2938 1151 2949 ,
1172 2926 1276 2944 amnem
1287 2917 1354 2944 vitio
1364 2915 1408 2944 sno
1420 2915 1499 2943 vertit
1508 2937 1514 2948 ‚
1530 2915 1597 2943 adeo
1606 2924 1633 2943 ut
1644 2912 1772 2944 dissimilis
1782 2916 1828 2944 fibi
1838 2917 1870 2944 in

316 2949 396 2978 maria
404 2951 542 2980 condatur.
572 2951 700 2983 Refert&
711 2954 763 2984 hoc
774 2956 848 2984 Mela
856 2955 1035 2997 lib-11.cap.r.
1052 2957 1118 2988 Vide
1128 2957 1170 2987 Cl.
1183 2956 1287 2987 Salmas.
1302 2958 1326 2985 in
1337 2956 1418 2986 Solin.
1431 2967 1456 2996 p.
1469 2966 1538 2990 700.
1549 2960 1573 2985 ξε
1585 2966 1651 2990 703.

1733 2999 1768 3031 C]
1780 2997 1864 3027 Idem.
