2023 3162
156 370 200 398 Al.
210 376 262 405 per-

156 415 271 438 veniant.

290 89 315 121 4
659 63 1488 104 M.V1TRUV11POLL10N15

292 139 434 178 cursus:
456 147 621 188 quorum
632 135 817 171 noticiam
836 132 861 169 fi
876 132 959 178 quis
971 142 1052 167 non
1063 130 1244 171 habuerit,
1256 128 1549 178 horologiorum
1561 131 1748 167 rationem
1760 129 1882 167 omni-

293 209 348 234 no
367 197 452 235 scire
471 206 550 230 non
571 192 717 243 poterit.
750 190 853 225 Cum
873 198 963 233 crgo
974 195 1073 222 tanta
1086 186 1162 223 liaec
1173 182 1358 234 disciplina
1372 184 1412 221 lit
1426 185 1682 222 condecorata
1695 214 1704 230 ,
1720 185 1756 222 &
1770 186 1882 222 abun-

293 253 382 289 dans
391 247 664 287 eruditionibus
687 246 790 280 variis
803 255 846 280 ac
865 242 1044 290 pluribus,
1067 253 1144 278 non
1157 249 1253 290 puto
1275 240 1376 288 poss'c
1400 239 1488 285 iuste
1499 249 1649 289 repente
1670 242 1703 278 se
1714 241 1881 290 profiteri

294 306 531 344 Archite&os
543 333 552 348 ,
579 301 644 340 nisi
667 301 733 348 qui
753 298 799 334 ab
818 306 926 335 aetate
945 296 1074 346 puerili
1093 296 1148 332 his
1166 294 1339 345 gradibus
1359 294 1631 344 disciplinarum
1654 294 1881 340 scandendo,

291 361 609 411 scientiaplurium
629 358 816 393 literatum
827 355 865 389 δ(
877 352 1010 388 artium
1020 352 1146 389 nutriti
1158 380 1167 395 ‚
1187 352 1418 400 pervenerint
1427 351 1472 386 ad
1493 350 1685 388 summum
1707 352 1766 397 [e]
1788 362 1882 389 tem-

293 420 395 471 plum
408 414 687 453 Architefimra:
1026 433 1030 437 -
1765 446 1767 448 ,

352 473 407 510 At
417 467 559 508 fortass'e
572 469 708 505 mirum
718 463 903 501 videbitur
913 462 1091 513 impetitis
1105 461 1340 500 hominibus,
1364 459 1465 511 posse
1477 470 1645 499 naturam
1663 469 1806 501 tantum
1818 474 1883 499 nu-

298 539 445 566 merum
458 525 707 562 doctrinarum
718 519 965 570 perdiscere&
976 519 1161 555 memoria
1175 518 1381 554 continere.
1406 517 1512 555 Cum
1524 527 1647 554 autem
1657 516 1883 554 animadver-

299 586 406 621 terint
420 611 429 625 ‚
440 591 573 618 omnes
585 577 787 626 disciplinas
797 576 891 612 inter
901 574 933 611 se
956 572 1036 624 [f]
1059 573 1370 617 coniunffioncm
1379 584 1503 610 rerum
1516 575 1553 610 ὅ(
1566 574 1884 609 communicatio-

295 651 381 676 nem
396 637 529 673 habere
543 664 552 679 ‚
574 633 652 671 fieri
662 631 761 684 poss'e
773 631 929 667 faciliter
939 629 1118 666 credetur.
1130 629 1332 676 Encyclios
1344 629 1444 665 enim
1463 626 1662 678 disciplina,
1679 629 1730 664 titi
1745 639 1885 677 corpus

296 704 410 730 unum
423 704 466 728 ex
480 690 534 727 his
545 689 738 731 membris,
753 686 803 722 cst
813 684 1035 736 composita.
1053 686 1177 733 Itaque
1188 685 1252 732 qui
1266 683 1286 719 a
1297 685 1429 720 teneris
1439 685 1604 735 aetatibus
1616 683 1886 723 eruditionibus

297 750 405 785 variis
422 746 648 784 instruuntur
668 742 842 780 omnibus
860 742 972 778 literis
985 770 995 784 ,
1013 740 1220 789 agnoscunt
1238 739 1384 776 easdem
1402 750 1513 776 notas
1527 767 1537 783 ,
1568 740 1887 777 communicatio-

298 816 462 852 nemque
473 803 649 839 omnium
661 799 937 849 disciplinarum
950 826 958 840 ‚
981 798 1018 833 δε
1032 808 1075 833 ea
1086 808 1124 832 rc
1135 795 1277 832 facilius
1289 797 1420 832 omnia
1434 793 1685 843 cognoscunt.
1716 793 1887 843 Ideoque

299 860 344 896 de
363 858 544 896 veteribus
564 855 786 894 Architeffis
799 853 987 901 ‚Pythius,
1010 853 1075 900 qui
1095 852 1233 888 Pricnae
1252 851 1370 887 aedem
1381 850 1556 887 Minervae
1575 849 1754 887 nobiliter
1773 849 1822 886 est
1834 861 1888 886 ar-

303 915 520 952 chitestatus
531 942 540 958 ‚
552 914 600 950 ait
608 914 646 948 in
657 911 725 947 suis
737 908 1018 946 commentariis
1033 936 1042 951 ‚
1062 907 1319 944 Architestum
1329 906 1508 943 omnibus
1517 906 1652 942 artibus
1662 907 1698 942 δε
1709 905 1886 942 doctrinis

301 973 383 1021 plns
396 979 572 1020 oportere
584 966 686 1018 poss'e
697 966 816 1003 facere
829 993 838 1008 ‚
857 974 970 1012 quam
980 964 1043 1012 qui
1055 962 1211 1012 singulas
1229 974 1286 999 tes
1297 960 1364 998 suis
1375 959 1557 998 industriis
1567 963 1604 998 ὅ(
1614 962 1889 998 exercitationi-

302 1028 373 1064 bus
384 1027 427 1063 ad
438 1028 619 1062 summam
633 1023 836 1059 claritatem
850 1019 1108 1070 perduxerunt.
1130 1017 1169 1054 Id
1179 1028 1303 1054 autem
1314 1028 1352 1054 re
1363 1028 1440 1053 non
1451 1016 1651 1066 expeditur.
1680 1017 1774 1054 Non
1785 1018 1888 1054 enim

301 1082 495 1119 debetncc
514 1079 634 1130 potest
646 1078 713 1114 effe
734 1075 967 1118 Architectus
985 1074 1280 1112 Grammaticus,
1305 1072 1438 1110 utifuit
1455 1071 1686 1110 Aristarchus
1698 1097 1706 1111 ‚
1728 1071 1788 1109 scd
1807 1083 1888 1110 non

299 1146 569 1186 agrammatos:
590 1145 661 1172 nec
682 1132 863 1170 Musicus,
888 1140 929 1167 ut
945 1129 1189 1166 Aristoxenus
1200 1157 1210 1173 ‚
1232 1127 1292 1165 sed
1308 1139 1388 1165 non
1406 1126 1554 1164 amusos
1576 1142 1584 1165 :
1613 1139 1686 1165 nec
1706 1127 1826 1177 pistor
1845 1138 1888 1165 ut

300 1194 454 1243 Apelles
468 1221 477 1236 ‚
494 1190 554 1227 sed
566 1189 766 1239 graphidos
786 1199 863 1223 non
875 1187 1082 1234 impetitus:
1103 1196 1173 1220 nec
1184 1183 1313 1234 plastes
1330 1183 1654 1232 quemadmodum
1677 1184 1817 1230 Myron
1827 1181 1888 1221 seu

299 1249 527 1295 Polycletus,
539 1245 596 1281 sed
608 1245 762 1282 rationis
773 1242 928 1293 plasticae
939 1253 1018 1277 non
1029 1241 1175 1289 ignarus
1188 1253 1195 1275 ε
1207 1252 1277 1276 nec
1289 1239 1419 1276 denuo
1439 1239 1607 1276 medicus
1618 1248 1658 1275 ut
1679 1239 1889 1288 Hippocra-

301 1314 369 1347 tes,
387 1302 536 1339 sednon
552 1300 862 1348 aniatrologicos:
881 1308 952 1333 nec
970 1299 1007 1333 in
1021 1296 1161 1333 caeteris
1180 1295 1355 1333 doctrinis
1366 1290 1592 1344 singulariter
1602 1294 1787 1331 excellens
1799 1319 1807 1333 .
1829 1293 1889 1332 sed

301 1360 348 1406 in·
362 1359 415 1395 liis
435 1370 512 1395 non
535 1358 736 1407 imperitus.
769 1354 863 1391 Non
873 1354 974 1389 enim
986 1353 1022 1388 in
1034 1352 1145 1397 tantis
1156 1363 1279 1389 rerum
1288 1351 1523 1388 varietatibus
1534 1375 1542 1390 ‚
1555 1350 1753 1400 elegantias
1763 1348 1888 1398 fingu-

299 1415 391 1451 lares
404 1413 596 1463 qnisquam
609 1411 786 1459 consequi
796 1408 928 1459 potest,
941 1407 1047 1456 quod
1058 1419 1185 1444 earum
1197 1406 1505 1444 ratiocinationes
1517 1403 1747 1455 cognoscere
1757 1407 1794 1442 ὃς
1806 1416 1888 1454 per-

299 1471 421 1519 cipere
434 1470 497 1507 vix
509 1469 608 1506 cadit
619 1469 656 1503 in
669 1465 901 1516 potestatem.
932 1464 1018 1501 Nec
1029 1473 1155 1500 tamen
1174 1474 1252 1500 non
1262 1472 1407 1500 tantuin
1426 1460 1630 1501 Architeffi
1646 1472 1727 1499 non
1737 1460 1888 1510 possunt

297 1526 336 1562 in
348 1526 522 1562 omnibus
541 1525 652 1562 rebus
671 1523 806 1559 habere
826 1520 1016 1557 summum
1032 1517 1205 1556 effectum
1219 1547 1229 1562 ,
1249 1516 1432 1555 sedetiam
1451 1516 1514 1568 ipsi
1535 1517 1599 1566 qui
1618 1518 1791 1568 privatim
1802 1527 1887 1566 pro-

297 1582 469 1630 prietates
479 1589 606 1616 tenent
617 1581 752 1615 artium
765 1604 773 1617 ,
797 1588 875 1613 non
885 1575 1073 1615 efficiunt,
1094 1585 1133 1612 ut
1145 1574 1305 1613 habeant
1316 1585 1449 1612 omnes
1460 1572 1651 1611 summum
1661 1572 1779 1610 laudis
1791 1573 1888 1621 prin-

299 1638 476 1685 cipatum.
510 1637 610 1683 Ergo
621 1633 689 1669 siin
703 1633 847 1682 singulis
857 1620 1033 1669 doetrin‘is
1044 1630 1172 1680 singuli
1182 1629 1335 1668 artifices
1348 1659 1357 1674 ‚
1376 1641 1496 1678 neque
1507 1640 1664 1666 omnes,
1686 1627 1747 1669 sed
1758 1628 1887 1678 pauci,

298 1702 378 1726 aevo
390 1700 570 1740 perpetuo
582 1688 817 1725 nobilitatem
837 1688 896 1723 vix
908 1686 986 1724 sunt
1005 1686 1216 1729 consecuti,
1241 1685 1565 1736 quemadmodum
1574 1682 1696 1734 potest
1713 1682 1886 1723 Archite-

298 1746 397 1782 &us⁷
421 1747 483 1793 qni
495 1745 657 1794 pluribus
669 1743 808 1781 artibus
826 1741 938 1779 debet
947 1741 1016 1779 effe
1037 1745 1172 1792 peritus
1185 1770 1194 1785 ‚
1215 1753 1293 1778 non
1312 1740 1476 1791 idipsum
1496 1742 1637 1778 mirum
1657 1741 1886 1787 &magnum

297 1801 420 1837 facere
432 1829 441 1843 ‚
460 1811 504 1836 ne
516 1799 606 1848 quid
618 1811 662 1836 cx
676 1798 731 1835 his
742 1798 924 1846 indigeam
946 1797 1003 1834 scd
1015 1799 1126 1834 etiam
1139 1807 1178 1834 ut
1188 1808 1324 1834 omnes
1346 1795 1502 1833 artifices
1515 1795 1656 1844 superet
1677 1794 1739 1841 qui
1763 1793 1885 1843 [ingu-

296 1858 341 1893 lis
352 1855 531 1893 doe‘trinis
542 1852 787 1891 assiduitatem
800 1864 891 1889 cum
901 1852 1072 1889 industria
1083 1852 1225 1888 summa
1235 1851 1497 1901 praestiterunt?
1518 1851 1627 1899 Igitur
1636 1850 1673 1885 in
1684 1848 1754 1886 hac
1765 1860 1802 1886 re
1814 1849 1884 1899 Py-

299 1912 395 1949 thius
407 1909 531 1948 errasse
543 1909 686 1947 viderur
698 1938 708 1953 ,
729 1907 837 1957 quod
854 1919 936 1944 non
952 1907 1252 1944 animadverterit
1262 1919 1305 1944 ex
1324 1905 1467 1942 duabus
1486 1906 1595 1942 rebus
1618 1904 1772 1954 singulas
1790 1915 1885 1942 artes

298 1968 368 2004 effe
382 1965 611 2016 compositas
625 1995 634 2009 ‚
652 1977 697 2002 ex
707 1975 819 2013 opere
833 1965 870 2000 δε
883 1974 958 2008 ejus
968 1963 1266 1999 ratiocinatione.
1296 1964 1348 2000 Ex
1360 1961 1413 1998 his
1426 1971 1550 1999 autem
1562 1972 1677 1997 unum
1687 1961 1885 2010 proprium

299 2022 366 2059 css'e
386 2035 518 2059 corum
533 2048 541 2061 ,
562 2023 626 2070 qui
636 2020 791 2069 *singulis
810 2018 918 2055 rebus
938 2018 1021 2055 sunt
1039 2018 1246 2057 exercitati,
1275 2017 1312 2054 id
1331 2017 1381 2054 est
1398 2018 1521 2066 operis
1538 2015 1705 2053 effeetus:
1727 2017 1885 2054 alterum

300 2089 503 2115 commune
514 2089 601 2114 cum
612 2075 793 2113 omnibus
805 2074 939 2118 doctis,
949 2073 984 2109 id
995 2072 1044 2110 est
1054 2074 1314 2111 ratiocinatio:
1337 2074 1388 2110 uti
1399 2072 1559 2109 Medicis
1570 2074 1607 2110 ὃς
1627 2071 1778 2109 Muficis
1789 2073 1826 2109 ὅ(
1837 2071 1884 2108 de

300 2145 476 2171 venarum
488 2132 638 2180 rythmo
651 2132 686 2167 δε
699 2131 743 2167 de
753 2130 891 2180 pedum
902 2139 1023 2167 motu.
1053 2129 1106 2167 At
1124 2129 1150 2166 si
1170 2129 1304 2166 vulnus
1323 2129 1483 2172 mederi,
1504 2138 1566 2165 aut
1583 2139 1723 2176 aegrum
1743 2128 1883 2177 eripere

299 2189 344 2225 de
358 2189 526 2239 periculo
537 2188 756 2239 oportuerit,
770 2197 849 2222 non
861 2184 1016 2222 accedet
1027 2184 1208 2229 Mulieris,
1219 2184 1279 2222 sed
1289 2184 1325 2220 id
1336 2196 1430 2235 opus
1442 2184 1635 2234 proprium
1647 2185 1714 2219 erit
1724 2182 1880 2219 Medici.

297 2245 394 2281 Item
404 2246 441 2280 in
450 2255 596 2292 organo
609 2273 617 2286 ‚
632 2255 710 2279 non
722 2241 891 2278 Medicus
901 2241 961 2278 secl
975 2239 1137 2277 Miificus
1156 2239 1436 2278 modulabitur,
1459 2250 1499 2277 ut
1510 2250 1615 2276 aures
1626 2238 1726 2276 suam
1742 2239 1881 2275 cantio-

295 2301 403 2337 nibus
413 2300 591 2348 recipiant
603 2298 885 2344 jucunditatem.
903 2296 1080 2333 Similiter
1092 2307 1177 2332 cum
1190 2295 1399 2344 Astrologis
1411 2297 1448 2332 δε
1460 2296 1501 2332 M
1507 2294 1612 2331 usicis
1623 2293 1671 2331 est
1682 2291 1879 2342 disputatio

297 2357 513 2393 communis
525 2354 569 2390 de
578 2352 779 2403 sympathia
790 2352 989 2390 Stellarum
1007 2353 1044 2389 ὃς
1055 2350 1374 2401 Symphoniarum
1385 2353 1453 2403 [g]
1462 2352 1497 2387 in
1509 2349 1693 2400 quadratis
1703 2351 1741 2385 ὅτ.
1763 2350 1881 2397 trigoae

1806 2414 1880 2448 nis,

294 2500 326 2532 e]
350 2495 470 2524 Phil-ind.
487 2495 632 2532 Templum
644 2504 693 2532 pro
707 2493 823 2521 culmine
835 2494 909 2526 dixit,
931 2496 1059 2533 quoniam
1071 2494 1170 2533 templa
1190 2494 1215 2521 in
1228 2493 1304 2521 testis
1317 2491 1389 2529 supr-³
1402 2492 1533 2519 canterios
1545 2497 1691 2528 ponuntur,
1702 2497 1731 2516 ut
1742 2497 1773 2515 ex
1785 2486 1829 2515 lib.
1839 2497 1877 2514 iv.

336 2548 393 2575 cap.
407 2546 441 2563 ii.
452 2535 650 2575 cognoscimus.
671 2537 763 2562 Sextus
775 2536 917 2573 Pompeius
935 2534 1073 2566 obscurius
1091 2533 1261 2574 significavit.
1284 2531 1433 2569 Templum,
1450 2531 1551 2569 inquit,
1568 2529 1666 2565 lignum
1677 2550 1684 2560 ,
1701 2528 1769 2568 quod
1784 2526 1876 2555 inadi-

334 2579 391 2613 ficto
400 2577 574 2613 transversum
581 2578 690 2613 ponitur.

290 2618 326 2654 f]
350 2618 418 2645 Cori.
430 2617 556 2645 Aiundcl.
568 2617 765 2644 connexionem
775 2625 865 2643 rerum
876 2619 900 2643 δε
912 2615 1132 2651 conjunftionem
1141 2614 1166 2641 li.
1176 2612 1194 2642 f.
1207 2625 1232 2653 p.
1243 2611 1260 2640 f.
1278 2612 1394 2642 credent.
1418 2614 1488 2649 Qae
1500 2611 1593 2639 melior
1603 2609 1683 2638 leffio
1696 2610 1809 2638 videtur.

293 2661 333 2695 g]
358 2659 475 2685 Philand,
498 2660 569 2685 Cum
580 2656 671 2697 figuris
689 2656 773 2684 tribus
784 2665 892 2683 utantur
902 2656 1054 2693 Astrologi,
1072 2650 1185 2695 trigono
1198 2676 1204 2686 ‚
1220 2663 1379 2693 tetragono,
1397 2656 1421 2680 δε
1442 2652 1585 2691 hexagono
1595 2672 1602 2683 ‚
1620 2651 1721 2689 sintque
1731 2650 1799 2687 apud
1811 2649 1876 2677 Mu-

335 2698 400 2725 iicos
418 2699 569 2725 diastemata
580 2719 586 2729 ,
602 2698 627 2724 id
638 2697 673 2724 est
685 2717 691 2728 ,
710 2696 847 2724 intervalla
867 2696 992 2733 simplicia
1003 2690 1218 2734 symphoniarum
1228 2696 1342 2722 maxima
1353 2714 1359 2725 ‚
1380 2690 1538 2720 diatessaron
1547 2691 1728 2730 proportionis
1739 2689 1877 2728 sesquiter-

334 2739 378 2765 tiae
390 2759 396 2769 ,
416 2738 538 2776 diapente
558 2737 744 2776 sesquialterae,
763 2736 885 2775 diapason
903 2737 1003 2774 duplat,
1024 2736 1067 2763 lias
1083 2737 1270 2774 proportiones
1290 2736 1314 2762 in
1327 2733 1472 2773 figurarum
1489 2733 1592 2760 illarum
1609 2731 1728 2770 angulis.
1748 2730 1828 2770 lignis
1847 2733 1874 2757 Sc

335 2778 461 2818 gradibus
472 2780 596 2817 reperiri,
608 2788 685 2805 autor
695 2779 731 2805 est
741 2779 863 2816 antiquus
874 2780 980 2805 Graecus
992 2777 1114 2814 idemque
1132 2777 1311 2804 innominatus
1324 2774 1461 2801 Ptolemaei
1479 2774 1606 2810 interpres
1617 2771 1684 2798 libro
1696 2772 1782 2808 primo
1797 2769 1875 2797 >fa-rile-

338 2817 489 2853 zscsta'wu,
504 2819 573 2856 quod
589 2819 812 2856 quadripartitum
824 2827 930 2846 vocant.
951 2819 1088 2852 Ttizoniis
1100 2819 1187 2855 itaque
1197 2817 1298 2844 constat
1309 2815 1409 2855 angulo
1425 2823 1480 2842 uno
1490 2815 1564 2841 reete
1574 2816 1597 2839 &
1609 2812 1713 2838 triente.
1735 2813 1875 2850 Tetrago-

337 2869 383 2885 niis
395 2869 448 2885 uno
460 2861 533 2887 recto
542 2859 625 2885 solum
638 2879 643 2889 ,
665 2859 819 2896 hexagonus
839 2860 914 2886 unius
927 2859 991 2886 reni
1002 2849 1128 2895 ‘Qu-9¹22&
1141 2858 1165 2885 id
1182 2858 1216 2884 est
1230 2877 1236 2888 ‚
1255 2853 1343 2883 beffah
1358 2855 1467 2894 angulo.
1491 2853 1612 2892 Angulus
1630 2852 1732 2888 trigoni
1743 2852 1774 2878 ad
1785 2861 1873 2891 angu-

336 2899 392 2926 lum
405 2901 538 2937 tctragoni
549 2897 716 2936 sesquitertia·
726 2893 761 2926 est
771 2900 962 2937 proportionis,
975 2908 1036 2926 cum
1047 2893 1108 2926 eum
1119 2897 1219 2935 superet
1232 2898 1339 2926 triente,
1349 2899 1373 2922 δι
1386 2898 1414 2922 lit
1425 2890 1598 2921 diatessaron:
1611 2892 1723 2932 angulus
1734 2892 1873 2930 tetragoni

334 2940 366 2968 ad
377 2935 500 2967 beffalem
512 2939 644 2978 hexagoni
655 2958 662 2970 ,
682 2938 869 2978 sesquialterae;
889 2939 1010 2968 eontinet
1020 2939 1090 2968 enim
1107 2937 1190 2976 ipsum
1203 2941 1226 2965 &
1238 2932 1385 2969 scmiffem,
1404 2939 1429 2964 &
1440 2934 1468 2963 fit
1478 2934 1618 2972 diapente:
1638 2934 1740 2972 trigoni
1756 2931 1869 2973 angulus

1822 2971 1872 3015 ‘ad
