2023 3162
446 94 1068 133 DfiARcHITECTVRA
1125 94 1417 136 L·11³.V111.
1656 110 1730 151 167

130 163 234 200 ,ribus
245 162 467 206 valentibus,
481 161 676 199 coloribus
688 161 824 199 nitidis,
839 161 1005 198 cruribus
1018 173 1098 199 non
1107 162 1261 208 vitiosis,
1270 176 1348 202 non
1359 166 1466 216 lippis
1477 169 1610 209 oculis,
1625 183 1732 211 erunt

136 216 396 268 probatissimi.
412 220 465 255 lte
479 217 502 254 si
512 218 597 255 fons
607 229 729 254 novus
741 217 852 253 fuerit
864 216 1031 263 foss'ns,&
1044 218 1082 254 in
1093 229 1156 257 vas
1168 216 1219 271 [b]
1237 220 1574 267 Corinthium,s1ve
1583 226 1728 266 alterius

135 275 291 322 generis,
304 275 412 322 quod
422 276 489 311 crit
500 286 542 310 ex
555 286 623 311 aere
633 274 740 310 bono
757 298 764 311 ‚
778 284 821 310 ea
830 284 926 321 aqua
936 273 957 309 s
950 274 1049 325 patsa
1060 277 1246 313 maculam
1257 289 1334 314 non
1343 277 1483 323 fecerit,
1495 281 1639 329 optima
1649 285 1726 320 erit.

136 333 310 378 Itemque
323 332 359 367 in
371 330 493 367 aheno
507 329 531 366 si
543 341 584 366 ea
593 341 689 378 aqua
703 328 944 367 defervefacta
954 358 964 374 ‚
978 329 1015 366 &
1026 331 1150 381 postea
1163 335 1327 382 requieta
1338 335 1374 372 ὅ(
1387 333 1507 374 defusa
1518 334 1628 373 fuerit
1641 362 1648 376 ‚
1663 350 1728 375 ne-

136 388 261 435 quein
281 388 357 429 ejus
368 386 474 424 aheni
485 385 603 422 fundo
614 396 724 421 arena
736 414 746 429 ,
764 395 825 421 aut
840 386 949 422 limus
959 387 1185 428 inveniatur,
1210 400 1252 427 ea
1263 400 1358 438 aqua
1374 392 1541 429 erititern
1559 392 1725 442 probata,

131 444 229 482 Item
244 441 268 478 si
279 444 464 491 legumina
475 443 512 477 in
522 452 583 478 vas
595 453 682 478 cum
695 452 736 477 ca
747 452 842 489 aqua
853 442 1025 487 conjecta
1035 442 1080 478 ad
1091 445 1218 492 ignem
1229 445 1360 495 posita,
1373 447 1542 485 celeriter
1552 450 1726 498 percoCta

136 498 286 536 fuerint,
301 497 519 535 indicabunt
530 509 613 534 eam
626 508 762 545 aquam
774 496 844 534 effe
857 497 998 534 bonam
1018 499 1056 535 ὃς
1068 497 1261 537 salubrem.
1294 503 1387 539 Non
1398 503 1508 540 etiam
1520 506 1643 543 minus
1656 506 1727 556 ipsa

135 566 231 604 aqua
245 581 252 594 ,
267 566 347 603 quae
360 555 426 590 etit
443 555 481 591 in
502 553 620 597 fonte,
635 551 660 588 si
673 552 784 589 fuerit
801 552 952 603 limpida
965 551 1001 588 δε
1013 554 1218 603 perlucida,
1229 558 1267 593 <Sc
1277 569 1512 609 quocunque
1523 564 1728 609 pervenerit

137 621 199 647 aut
210 610 430 660 pertinxerit,
442 609 465 646 si
477 608 621 646 muscus
632 621 708 645 non
719 606 896 647 nascetur,
908 620 1030 657 neque
1039 611 1182 656 juncus,
1193 623 1312 661 neque
1322 616 1534 663 inquinatus
1545 616 1589 653 ab
1599 618 1727 667 aliquo

136 668 424 714 inquinamento
447 669 477 702 is
495 667 604 702 locus
626 663 735 702 fuerit
746 693 755 708 ,
775 663 835 700 sed
845 675 976 714 puram
987 664 1157 704 habuerit
1166 667 1186 703 s
1178 670 1326 718 peciem
1337 698 1347 714 ,
1364 671 1540 710 innuetur
1552 671 1607 711 his
1618 673 1728 724 signis

138 721 208 760 css'e
219 724 350 767 tenuis,
362 721 396 758 &
408 722 446 759 in
455 721 601 760 summa
610 719 827 758 salubritate.

789 824 932 864 CAP
991 825 1068 863 VI.

313 917 394 966 De
412 909 804 987 perdm‘z'ionibus
831 911 895 970 Εἴ
916 910 1249 967 librationibus
1279 935 1556 992 aquaram,

591 1003 646 1042 (φ
675 993 935 1050 instrumentis
959 991 1015 1036 ad
1031 991 1131 1037 hunc
1148 997 1264 1055 ustam.

140 1105 319 1190 NUne
331 1105 375 1141 de
386 1101 690 1154 perduffionibus
701 1102 746 1139 ad
756 1102 1002 1141 habitationes
1014 1105 1233 1154 moeniaque
1244 1131 1251 1144 ‚
1273 1116 1315 1143 ut
1326 1105 1403 1143 fieri
1414 1116 1606 1157 oporteat,
1619 1107 1729 1158 expli-

231 1161 342 1206 cabo,
357 1162 458 1206 cujus
471 1160 564 1196 ratio
576 1159 625 1196 cst
637 1161 754 1209 prima
765 1161 818 1208 [a]
835 1161 1063 1210 pei-libratio.
1087 1158 1143 1207 [h]
1164 1161 1341 1200 Libratur
1352 1172 1477 1200 autem
1489 1164 1656 1213 dioptris,
1670 1174 1734 1201 aut

140 1216 238 1255 libris
261 1218 415 1267 aquariis
430 1239 438 1253 ‚
462 1226 521 1252 aut
536 1214 764 1254 chorobate,
787 1214 847 1252 sed
867 1217 1078 1266 diligentius
1090 1215 1252 1255 efficitur
1268 1231 1332 1269 pei·
1343 1218 1590 1256 chorobatem
1604 1247 1612 1261 ,
1630 1219 1735 1268 quod

140 1274 294 1324 diopttae
305 1275 478 1322 libraeque
491 1269 632 1309 fallunt.
655 1271 893 1310 Chorobates
904 1284 1029 1310 autem
1040 1272 1089 1310 est
1099 1275 1226 1322 regula
1237 1274 1351 1324 longa
1364 1276 1511 1312 circiter
1522 1275 1661 1326 pedum
1673 1287 1733 1312 xx.

141 1340 182 1366 ea
194 1330 304 1368 haber
315 1332 373 1375 [c]
388 1338 552 1366 ancones
563 1330 600 1365 in
611 1328 793 1378 capitibus
803 1332 975 1366 extremis
985 1330 1113 1379 aequali
1123 1330 1243 1367 modo
1256 1330 1440 1381 perfestos
1452 1360 1464 1379 ,
1474 1333 1588 1380 inque
1598 1332 1732 1378 regulae

140 1387 322 1437 capitibus
333 1385 377 1422 ad
389 1395 563 1422 normam
581 1395 866 1434 coagmentatos
878 1411 886 1424 ‚
911 1384 948 1422 &
965 1386 1058 1423 inter
1079 1386 1247 1436 regulam
1261 1389 1299 1425 ὃ(
1312 1399 1477 1424 ancones
1490 1387 1510 1423 a
1523 1385 1731 1425 cardinibus

140 1443 338 1492 compasta
350 1440 591 1479 transversaria
607 1467 615 1480 ‚
637 1454 720 1490 quae
732 1440 871 1478 habent
888 1441 1003 1478 lineas
1015 1441 1061 1480 ad
1080 1444 1392 1493 perpendiculum
1409 1444 1506 1481 reete
1525 1443 1736 1492 descriptas,

139 1499 414 1549 pendentiaque
433 1510 477 1534 ex
497 1497 620 1546 regula
639 1497 902 1548 perpendicula
911 1499 950 1535 in
960 1497 1110 1547 singulis
1132 1500 1295 1549 partibus
1304 1500 1456 1550 lingula.
1476 1512 1570 1549 quse,
1584 1509 1736 1535 cumre»

139 1555 224 1603 gula
235 1553 342 1592 fuerit
353 1555 550 1592 collocata,
566 1565 680 1602 eaque
692 1564 843 1604 tangent
853 1565 956 1604 aeque
967 1556 1100 1605 pariter
1111 1555 1226 1592 lineas
1239 1555 1506 1607 descriptionis,
1517 1555 1735 1592 indicabunt

139 1611 308 1648 libratam
328 1611 587 1647 collationem.
618 1609 682 1646 Sin
703 1620 827 1648 autem
839 1621 969 1648 ventus
988 1611 1294 1661 interpellaverit,
1318 1612 1355 1648 &
1373 1611 1608 1648 motionibus
1628 1610 1736 1647 lineae

137 1679 217 1703 non
228 1669 419 1716 potuerint
432 1677 573 1704 certam
582 1665 892 1715 significationem
903 1667 1024 1704 facere
1037 1696 1048 1712 ‚
1067 1677 1159 1704 tunc
1172 1667 1351 1705 habeatin
1363 1666 1546 1717 superiore
1556 1675 1661 1717 parte
1672 1677 1736 1702 ca-

140 1724 263 1759 nalem
275 1724 432 1772 longum
446 1722 557 1771 pedes
569 1724 750 1772 quinque,
765 1723 881 1759 latum
893 1723 1068 1772 digitum,
1078 1724 1196 1760 altum
1207 1721 1492 1773 sesquidigitum‚
1506 1733 1629 1770 eoque
1640 1732 1736 1769 aqua

138 1778 367 1824 infundatur,
381 1779 416 1816 ὃ(
428 1778 452 1816 si
464 1780 652 1828 aeqnaliter
662 1790 758 1828 aqua
768 1778 1054 1833 canalis-summa
1064 1779 1154 1816 libra
1166 1789 1292 1829 tanget
1304 1808 1315 1824 ,
1326 1777 1458 1816 scietur
1468 1779 1525 1816 eff
1518 1791 1537 1815 e
1548 1778 1735 1814 libratum.

1683 1833 1738 1871 Ita

148 1923 150 1925 ’
179 1922 248 1951 utili,
259 1925 314 1951 erit.
330 1928 397 1951 Item
407 1923 433 1960 fi
441 1925 570 1962 legumina
578 1929 624 1954 cito
636 1926 735 1954 valebit
744 1936 896 1965 excoquere,
912 1927 956 1955 vel
967 1926 995 1964 st
1001 1927 1078 1956 colore
1080 1927 1204 1966 pellucido
1215 1936 1310 1959 carens,
1320 1926 1403 1963 musto
1413 1923 1445 1958 &f
1454 1929 1522 1955 omni
1530 1926 1586 1955 labe
1599 1926 1740 1962 pollutionis

181 1963 274 1991 aliena.
297 1962 460 1993 Referuntur
471 1970 494 1994 St
507 1967 552 1994 ista
561 1978 575 1994 a
589 1967 654 1994 Plin.
665 1967 710 1994 lib.
721 1977 805 1994 xxxr.
817 1977 874 2005 cap.
885 1977 909 2001 3.

141 2003 168 2039 h]
199 2004 282 2032 ldem.
306 2005 335 2033 ld
346 2006 381 2034 est
393 2007 448 2033 aeris
460 2007 605 2039 Corinthii,
617 2008 688 2046 quod
700 2008 810 2035 maximi
820 2007 920 2046 semper
928 2005 1029 2036 &Cium
1038 2009 1072 2037 est
1083 2006 1115 2035 ab
1125 2008 1250 2047 antiquis.
1274 2006 1440 2037 confatione
1449 2006 1507 2037 fieri
1515 2008 1571 2036 auri
1580 2029 1587 2040 ,
1599 2007 1739 2047 argenti&

175 2046 242 2075 aeris.
253 2045 366 2084 probant
378 2047 455 2074 Plinii
465 2048 525 2076 loca
536 2048 582 2076 lib.
593 2059 632 2076 ix.
643 2058 699 2086 cap.
710 2059 746 2076 11.
759 2052 782 2076 ἃ
792 2048 838 2075 lib.
850 2058 960 2076 xxxvii.
971 2058 1029 2087 cap.
1042 2059 1068 2084 3.
1084 2049 1147 2084 Ejus
1158 2050 1208 2076 tria
1219 2059 1317 2089 genera
1329 2049 1408 2077 tradit
1418 2049 1464 2077 lib.
1476 2058 1576 2077 xxxiv.
1588 2058 1672 2086 capa..
1681 2049 1740 2075 No-

176 2094 238 2112 men
247 2087 348 2124 accepit
359 2087 384 2113 id
394 2097 488 2126 genus.
500 2089 572 2126 quod
583 2088 688 2117 incensa
699 2088 845 2120 Corintho,
853 2099 957 2120 aurum,
968 2093 1152 2130 argentum,&
1163 2099 1197 2117 ες
1208 2091 1234 2117 in
1245 2100 1328 2117 unum
1339 2091 1526 2119 confluxerint,
1539 2089 1646 2127 perustis
1655 2087 1740 2126 pluri—

177 2125 226 2152 mis
238 2126 325 2154 statuis
335 2135 412 2164 atque
423 2127 574 2161 limulicris,
585 2130 623 2157 uti
634 2129 700 2168 apud
712 2130 820 2157 Florum
831 2130 876 2157 lib.
888 2140 923 2157 ιι.
935 2140 991 2168 cap.
1004 2131 1169 2169 16.le9‚imus
1182 2151 1189 2163 ,
1202 2131 1323 2158 &innuit
1337 2130 1402 2157 Plin.
1414 2131 1487 2157 dieto
1497 2130 1568 2156 loco.
1593 2128 1654 2155 Alio
1665 2129 1737 2155 enim

176 2163 364 2197 referridebet.
374 2168 446 2206 quod
459 2168 564 2198 Pausan.
575 2169 677 2201 scribit,
692 2180 770 2209 aquas
782 2171 894 2208 Pyrenes
903 2167 1067 2210 frigidissimi
1076 2163 1159 2199 sontis
1169 2170 1361 2198 acrocorinthii
1372 2190 1379 2200 ,
1399 2170 1426 2197 id
1435 2170 1471 2197 est
1482 2169 1547 2197 arcis
1558 2167 1694 2198 Corinthi,
1706 2169 1739 2196 ad

176 2207 337 2247 tingendum
349 2217 381 2234 :es
393 2205 444 2236 effe
453 2218 536 2246 aptas,
547 2210 564 2237 fi
577 2211 691 2238 candens
700 2212 727 2237 in
737 2221 778 2238 cas
790 2209 903 2238 mersum
914 2211 1099 2250 restinguatur.
1121 2210 1256 2238 Pausanias
1265 2209 1498 2248 autemsubjungit
1509 2230 1515 2241 ,
1536 2211 1585 2236 'cml
1599 2207 1701 2245 χαλκός
1711 2220 1737 2243 γε

175 2245 222 2275 cfr»
234 2248 263 2276 ἰς-ι
275 2245 420 2282 Kafstffi'm.
434 2249 504 2276 Mihi
515 2251 619 2278 videtur
630 2249 856 2289 [ignificare,aqua
868 2251 971 2278 Pirenes
981 2260 1098 2289 caeptum
1109 2251 1178 2289 tingi
1187 2251 1405 2288 aes,posteaqu.1m
1415 2258 1594 2289 temperatum
1604 2249 1665 2278 illud
1677 2251 1735 2277 Co-

174 2288 372 2328 rinthiizhabere
380 2289 522 2317 delierunt.
546 2291 619 2318 Scitu
630 2301 684 2317 non
697 2291 851 2330 indignum.
864 2291 938 2329 quod
947 2290 993 2317 lib.
1007 2301 1047 2318 ιν.
1058 2290 1167 2319 Tuscul.
1176 2292 1266 2328 quaest.
1276 2292 1363 2319 innuit
1377 2291 1476 2319 Cicero
1487 2311 1493 2321 .
1515 2301 1549 2319 aes
1559 2289 1736 2318 Corinthium

174 2329 273 2357 tardius
284 2339 431 2369 aeruginem
442 2329 607 2358 contrahere.
630 2333 670 2358 lta
681 2330 751 2358 casus
763 2340 885 2358 naturam
895 2332 1015 2359 imitatus
1026 2332 1071 2360 est,
1083 2340 1141 2369 quae
1149 2331 1374 2359 etiaminterdum
1384 2331 1424 2359 vel
1433 2340 1547 2370 quatuor
1559 2331 1667 2359 metalla
1677 2329 1739 2358 mis-

177 2379 235 2397 cet:
260 2380 341 2408 quern
350 2369 450 2398 rursum
460 2381 499 2398 ars
511 2374 536 2398 8.-
545 2369 614 2399 fraus
625 2372 774 2403 imitantur,
786 2372 856 2399 varia
865 2371 971 2399 metalla
981 2370 1166 2409 permiscendo
1177 2375 1201 2400 ἂι
1211 2373 1395 2411 temperando.

143 2424 176 2458 a]
198 2422 345 2451 Philander.
368 2422 477 2451 Librare
487 2433 582 2461 aquarn
594 2433 647 2450 non
657 2423 727 2451 aliud
738 2423 782 2455 est,
794 2433 874 2462 quam
885 2421 1006 2452 conferre
1013 2420 1183 2452 altitudinem
1193 2423 1334 2456 loci,unde
1344 2423 1498 2463 concipitur
1505 2433 1572 2463 aqua
1582 2444 1588 2456 ‚
1607 2431 1670 2450 cum
1679 2421 1744 2450 loco
1755 2431 1867 2464 Cap,v1,

188 2473 244 2501 quo
253 2463 407 2491 deducenda
415 2464 460 2496 est,
475 2463 527 2491 live
536 2464 562 2491 id
575 2462 619 2491 fiat
631 2464 708 2492 rectis
719 2464 794 2492 lineis
806 2465 856 2492 live
867 2464 994 2503 obliquis.

144 2503 173 2538 b]
195 2505 280 2532 idem.
303 2505 427 2542 Diopua,
438 2513 614 2543 praeterquam
628 2504 698 2542 quod
707 2505 743 2531 est
753 2505 964 2537 instrumentum,
975 2515 1030 2544 quo
1039 2507 1204 2537 Geometras,
1213 2513 1307 2533 autore
1318 2504 1440 2539 Suida,ex
1451 2504 1592 2532 intervallo
1602 2503 1742 2542 explorant

186 2545 356 2574 altitudinem
367 2547 492 2575 turrium.
503 2549 527 2573 &
537 2545 812 2584 propugnaculorum.
823 2555 902 2584 atque
911 2545 1057 2573 universam
1065 2543 1195 2580 ejusmodi
1203 2546 1396 2574 dimenlionem
1408 2567 1414 2577 ,
1423 2546 1496 2584 quod
1508 2555 1590 2584 genus
1608 2544 1665 2572 sunt
1677 2554 1743 2583 qua·

187 2586 264 2614 drans
275 2587 457 2625 geometricus
468 2607 476 2617 ,
487 2585 552 2613 l'cala
561 2586 695 2613 altimetra
704 2607 710 2617 ,
724 2586 830 2614 baculus
842 2586 922 2614 iacob
934 2608 941 2619 ,
960 2590 985 2615 ἅ*
996 2587 1046 2614 alia
1055 2587 1207 2614 innumera:
1231 2587 1266 2614 est
1279 2591 1302 2615 ἃ
1314 2588 1518 2615 instrumentum
1531 2586 1657 2613 librandis
1668 2586 1742 2623 aquIs

187 2627 436 2659 accommodatum,
447 2626 493 2654 >323
502 2625 525 2657 ΞΓ
535 2624 657 2660 aufidi&
666 2647 672 2657 ,
685 2627 710 2654 id
721 2627 765 2658 est.
778 2627 810 2654 ab
822 2627 983 2666 inspiciendo
993 2627 1208 2666 explorandoque
1218 2627 1329 2655 dierum.
1354 2628 1425 2655 Illius
1436 2627 1540 2654 mentio
1551 2627 1586 2654 est
1597 2626 1665 2664 apud
1677 2627 1745 2653 Pto-

156 2697 158 2699 >
187 2667 323 2698 lemaeum.
335 2667 490 2700 Theonem,
500 2668 644 2695 Proculum
654 2669 681 2695 in
692 2668 940 2706 Astrolabimatque
949 2668 1064 2696 Plinium
1072 2667 1118 2696 lib.
1131 2678 1166 2695 11.
1175 2673 1282 2706 cap.69.
1293 2671 1464 2706 Vocaturque
1478 2666 1591 2695 Arabice
1599 2666 1741 2704 altyidada.

189 2708 257 2736 Vide
269 2708 399 2735 Lexicon.

152 2751 177 2784 c]
216 2748 300 2776 Idem.
334 2750 384 2775 Ἷυί
405 2748 601 2788 propendentes
619 2759 680 2777 cum
701 2749 802 2785 aajeeta
813 2751 882 2778 resta
899 2750 1006 2789 regula,
1025 2749 1175 2777 normalem
1191 2749 1317 2788 angulum
1334 2747 1436 2776 faciunt
1448 2769 1455 2781 ,
1475 2748 1546 2777 idest
1556 2748 1677 2778 testum.
1697 2757 1746 2775 ceu

190 2788 272 2817 flexus
283 2789 318 2817 est
326 2790 409 2817 cubiti
422 2810 429 2821 ‚
448 2790 492 2827 qui
503 2791 604 2818 Graecis
614 2787 807 2821 aiszaivdicitur.
836 2792 900 2828 Qa
910 2793 937 2818 in
947 2790 1141 2830 significatione
1152 2788 1209 2817 usus
1219 2791 1254 2817 est
1262 2790 1294 2817 ad
1302 2788 1383 2816 finem
1392 2790 1438 2817 lib,
1450 2799 1499 2817 ιιι.
1523 2798 1626 2817 normae
1647 2788 1747 2816 scilicet

191 2837 328 2866 utramque
339 2830 458 2869 regulam
468 2840 501 2858 eo
511 2831 619 2859 nomine
628 2830 789 2871 intelligens.
811 2830 963 2870 Hesychius
981 2831 1071 2859 scribit
1092 2833 1174 2858 ctiam
1186 2839 1325 2858 murorum
1337 2830 1419 2858 flexus
1431 2830 1520 2858 vocari
1543 2824 1654 2862 dmm.
1676 2831 1747 2857 Nam

191 2868 249 2897 loca
259 2868 309 2898 effe
319 2868 418 2899 offious
429 2871 504 2908 plena
516 2871 698 2911 Etymologus
708 2873 801 2900 auc‘lor
811 2872 855 2900 cst.
881 2873 914 2900 Et
934 2871 986 2911 ipse
1004 2873 1140 2899 Vitruvius
1151 2870 1197 2898 lib.
1208 2880 1246 2897 1v.
1257 2881 1314 2909 cap.
1325 2876 1351 2897 6.
1372 2881 1487 2899 ancones
1508 2879 1588 2898 vocat
1607 2880 1649 2898 eas
1666 2869 1749 2896 veluti

193 2909 319 2939 mensulas
331 2932 337 2944 ‚
352 2921 411 2950 qua!
429 2912 456 2939 in
473 2912 603 2941 ostiorum
619 2914 832 2952 antepagmentis
847 2911 939 2940 dextra
954 2922 984 2940 ac
994 2913 1092 2940 sinistra
1100 2913 1131 2939 ad
1143 2912 1189 2939 imi
1209 2910 1340 2949 supercilii
1350 2911 1540 2940 libramentum
1550 2919 1644 2950 praeter
1655 2908 1750 2938 folium

194 2951 366 3020 propengent.
385 2955 449 2981 Sunt
470 2957 496 2982 ὃ(
514 2964 632 2983 ancones
650 2952 708 2982 vasa
726 2955 870 2992 Papinnno
888 2953 1066 2983 Pandcst.lib.
1079 2961 1184 2981 xxxiii.
1204 2952 1237 2981 de
1246 2950 1475 2982 fundoinstrud'to.
1497 2955 1539 2982 De
1551 2951 1646 2991 quibus
1659 2949 1753 2978 Catel-

207 2999 277 3018 mnus
313 3000 380 3020 otta.

1624 3030 1655 3065 α’]
1665 3027 1747 3057 idem,
