2023 3162
330 53 793 93 Vocanvtonvii·
859 48 1417 97 V1Tnuv12xN0n'vM.
1645 75 1690 108 73

117 122 284 175 angusta,
304 133 348 161 ut
360 123 515 161 duarum
535 135 683 162 tantum
703 136 942 175 metoparum
963 127 1000 163 ὅ(
1021 127 1126 163 unius
1136 125 1328 178 triglyphi,
1348 137 1407 164 eas
1425 125 1698 179 distinguentiS,

117 182 186 220 sint
197 180 365 230 capacia,
389 181 569 217 mediano
587 182 880 218 intercolumnio
893 191 1052 231 excepto
1065 208 1073 221 ‚
1093 184 1132 218 in
1144 193 1221 231 quo
1233 181 1285 218 ob
1301 182 1491 220 laxitatem
1503 184 1603 235 spatii
1620 198 1694 225 tres

115 247 278 286 metopae
290 235 428 272 cadunt
439 238 475 273 ὅ(
487 236 562 273 duo
572 236 756 286 triglyphi.
774 237 827 273 Ex
841 248 888 273 eo
899 239 1007 286 igitur
1017 237 1122 286 quod
1133 239 1265 275 unicus
1278 238 1481 288 triglyphus
1493 240 1580 278 duas
1600 243 1636 278 in
1648 254 1692 280 ea

115 302 290 341 metopas
315 290 509 340 distinguat
531 320 541 335 ,
568 292 661 328 dicta
684 291 733 328 est
759 292 851 329 aedes
876 292 1182 343 monotriglypha
1194 322 1202 337 ‚
1222 305 1265 330 ac
1284 292 1309 330 si
1330 295 1617 346 unitriglypham
1634 299 1694 334 vel

114 347 403 398 solitriglypham
415 348 565 385 diceres.
588 347 775 397 Corruptir
786 347 937 385 codices
949 359 1082 386 contra
1100 349 1260 386 anaor-is
1271 359 1439 386 mentem
1451 353 1488 388 ὅς
1499 353 1691 389 veritatem

113 403 227 453 ipsam
239 432 248 446 ‚
268 407 347 440 imo
360 405 397 439 δε
418 413 548 439 contra
560 403 727 440 nominis
747 404 931 440 rationem
941 403 1124 441 habebant
1135 433 1144 448 ‚
1166 397 1353 456 &metopae
1363 402 1454 444 dux,
1475 399 1693 460 &triglyphi

113 457 204 496 bini.
228 471 340 507 quem
352 458 488 507 lapsum
509 458 615 494 bono
628 459 703 504 jure
723 459 894 496 emendat
913 459 1118 505 Philander‚
1141 461 1178 496 ὅ(
1189 471 1260 510 pro
1281 461 1360 497 bini
1378 460 1528 499 restituit
1547 462 1691 513 singuli.

115 516 219 561 cujus
230 515 470 551 autoritatem
483 514 623 550 secutus
636 513 685 550 est
697 514 888 551 Barbarus.

169 571 357 608 MORTA
371 583 391 606 R
406 581 416 605 1
430 580 504 606 VM.
539 569 622 605 Lib.
635 581 671 606 v.
692 581 771 620 cap.
791 582 851 605 12.
884 576 930 606 Et
957 572 1126 606 caementis
1145 581 1190 605 ex
1218 573 1382 609 mortario
1408 573 1554 609 materia
1569 573 1694 611 mixta.

113 625 267 663 Baldus:
287 625 509 662 Mortarium
531 625 645 673 vulgo
666 636 727 662 vas
737 627 901 674 ligneum
914 623 972 662 seu
985 625 1193 675 lapideum,
1214 628 1252 662 in
1264 639 1342 676 quo
1361 627 1495 677 pistillo
1513 628 1634 667 ferreo
1653 631 1698 666 li-

112 693 262 731 gneove
275 691 329 716 res
341 679 435 716 durae
449 681 484 716 ὃ(
497 679 706 728 frangibiies
718 690 896 717 teruntur.
908 691 1052 717 nomen
1064 682 1082 717 a
1095 692 1248 718 moreto
1260 685 1481 721 mortarium
1492 685 1593 732 quasi
1612 696 1698 722 mo-

112 740 300 775 retarium.
319 735 429 786 Apud
439 734 677 772 Architcetos
688 747 777 772 vero
789 747 934 772 nomen
946 734 1086 785 duplici
1098 735 1364 784 significatione
1375 739 1576 789 usurpatur.
1595 741 1699 778 vide‹

112 794 201 831 licet
210 804 279 842 pro
289 793 385 834 lacu,
398 789 455 827 seu
466 793 741 842 conceptaculo
753 819 762 834 ‚
773 792 811 827 in
824 802 902 840 quo
914 792 991 828 calx
1003 800 1223 835 maceratur,
1234 791 1426 840 subigitur,
1444 797 1481 831 ὅ(
1494 796 1698 834 asservatur:

111 851 203 886 item
215 860 282 898 pro
295 848 445 884 materia
457 845 528 896 ipsa
549 857 731 884 macerata
741 849 778 884 &
790 845 945 884 subacta.
977 846 1052 883 Pro
1073 846 1157 884 lacu
1169 848 1316 896 accepit
1328 848 1519 887 Vitruvius
1540 852 1579 887 in
1593 861 1701 889 textu

112 906 228 942 citato
243 933 252 948 ‚
273 905 364 941 item
386 903 445 939 lib.
468 914 490 938 v
500 914 512 937 1
526 915 539 937 1
554 915 583 938 1.
609 914 685 952 cap.
704 915 737 945 7.
772 901 859 938 Calx
880 914 983 954 quam
1003 898 1298 952 vehementiſsima
1318 905 1480 940 mortario
1505 903 1697 954 misceatur.

111 961 183 997 Pro
196 960 266 1011 ipsa
279 960 428 995 materia
439 957 576 994 eodem
588 958 681 995 loco
691 958 805 1008 paulo
817 959 910 1008 post:
923 957 1096 994 Mortario
1104 967 1305 995 caemcnttim
1314 955 1477 996 addatur.
1490 961 1537 998 Et
1547 961 1631 998 lib.v
1641 974 1654 998 1
1667 974 1680 997 1
1691 990 1700 998 .

112 1028 190 1065 cap.
206 1025 238 1054 3.
259 1011 422 1066 calcisque
431 1012 501 1049 dua
506 1023 621 1065 partes
631 1013 676 1049 ad
685 1027 837 1066 qumque
847 1014 1018 1050 mortarii.
1048 1013 1184 1050 Plinius
1195 1014 1320 1063 primo
1332 1014 1432 1052 sensu
1442 1016 1523 1054 usus
1536 1015 1585 1053 est
1597 1014 1617 1053 ὲ
1633 1017 1703 1054 Vi-

111 1072 233 1108 ttuvio
244 1069 304 1107 lib.
322 1081 456 1106 xxxvi.
470 1080 550 1119 cap.
568 1083 585 1105 2
596 1084 628 1114 3.
650 1076 693 1106 In
705 1071 830 1106 Gracia
847 1070 981 1107 teftorii‘
993 1072 1095 1105 etiam
1106 1078 1288 1105 armatum
1307 1068 1398 1121 quod
1405 1068 1588 1109 induciari
1602 1069 1702 1125 fimi,

102 1129 205 1179 prius
223 1139 261 1161 m
272 1127 435 1162 mortario
454 1123 571 1178 ligneis
583 1123 928 1177 vefflibussiibigunt.
961 1125 1137 1162 Haecille.
1170 1124 1229 1161 Cl.
1243 1124 1441 1164 Salmasius
1458 1128 1495 1163 in
1518 1128 1702 1165 Solinum

109 1195 145 1232 p.
165 1196 179 1225 3
191 1196 252 1226 79·
276 1182 467 1218 Vitruvius
478 1183 701 1218 mortarium
711 1193 781 1231 pro
793 1181 921 1218 rudere
935 1179 1072 1232 pinsito
1085 1180 1120 1216 δε
1132 1179 1283 1218 subacto
1295 1181 1440 1230 aliquot
1449 1183 1546 1220 locis
1563 1183 1701 1232 posuit,

109 1238 296 1286 hodieque
310 1248 380 1274 nos
392 1247 581 1273 arenatum
595 1249 685 1274 cum
698 1238 803 1274 calce
813 1238 862 1273 ita
875 1248 1069 1274 vocamus.
1090 1237 1163 1273 Sed
1175 1235 1212 1272 &
1223 1236 1374 1275 alveum
1384 1239 1421 1274 in
1433 1250 1512 1287 quo
1521 1237 1702 1287 subigitur

110 1303 299 1331 arenarum
311 1293 436 1329 dixere
454 1293 676 1330 mortarium
689 1322 698 1336 ‚
717 1294 802 1330 inde
816 1295 853 1330 &
865 1305 936 1331 nos
953 1290 1172 1340 oiqulss’owov
1193 1291 1243 1329 fic
1260 1292 1428 1330 dicimus.
1458 1296 1701 1331 <saturianum

110 1347 216 1398 quasi
228 1350 488 1392 moretarinm‚
499 1350 536 1385 in
548 1361 625 1398 quo
636 1348 869 1398 subigebatur
880 1357 1050 1386 moretum
1061 1377 1070 1392 ‚
1080 1348 1185 1397 quod
1197 1360 1311 1398 genus
1323 1350 1397 1386 eibi
1407 1350 1567 1385 intritam
1584 1350 1701 1387 etiam

110 1404 308 1442 vocabant.
327 1406 585 1441 oarioret'arium
597 1406 707 1441 etiam
718 1405 933 1442 vocitarunt
943 1405 1002 1442 vel
1011 1405 1216 1441 mortarium
1226 1404 1353 1441 cibum
1364 1404 1494 1455 ipsum.
1509 1405 1701 1442 Donatus:

109 1464 178 1496 Hoc
188 1462 281 1495 inter
301 1458 436 1509 asticos
445 1456 485 1495 de
495 1459 606 1496 alliato
617 1462 782 1497 mortario
793 1459 862 1496 dici
867 1457 958 1511 solet
968 1486 977 1500 ,
997 1453 1041 1498 (ὦ
1050 1456 1133 1496 bene
1143 1458 1274 1509 intristi
1284 1472 1295 1495 .-
1308 1461 1447 1512 proprie
1456 1461 1549 1497 enim
1569 1457 1628 1497 hoc
1643 1472 1702 1513 ge-

108 1529 174 1553 nus
184 1513 251 1551 cibi
259 1516 386 1552 intrita
396 1513 534 1552 dicitur.
564 1517 692 1566 Vulgo
707 1514 861 1568 farciam
876 1527 1060 1554 vocamus
1079 1515 1157 1552 hoc
1175 1526 1291 1564 genus
1310 1517 1453 1554 intritae.
1485 1515 1576 1553 Inde
1596 1515 1633 1552 &
1645 1518 1703 1551 in-

109 1574 195 1608 trita
215 1573 254 1607 &
273 1572 477 1607 mortarium
497 1583 577 1619 quo
597 1573 752 1622 parietes
770 1571 987 1610 farciuntur.
1020 1573 1063 1608 In
1083 1571 1160 1608 hoc
1179 1572 1404 1607 mortarium
1425 1570 1702 1609 addebantur&

109 1628 294 1676 fragmina
303 1636 590 1665 coementorum
601 1653 609 1666 ‚
622 1627 659 1664 id
671 1627 720 1664 est
731 1657 740 1672 ‚
752 1627 918 1679 lapidum
926 1628 985 1666 vel
996 1638 1106 1677 parva
1116 1635 1306 1663 coementa
1317 1654 1327 1670 ‚
1348 1635 1387 1662 ut
1397 1637 1442 1662 ex
1452 1627 1596 1676 aliquot
1606 1628 1702 1664 locis

110 1683 278 1720 Vitruvii
298 1685 333 1720 ὅ(
346 1683 451 1719 Plinii
474 1682 624 1721 constat.
655 1683 936 1733 Rudusipsum,
957 1682 1065 1732 quod
1082 1683 1302 1720 mortarium
1321 1682 1479 1731 appellat
1490 1684 1700 1722 Vitruvius,

111 1751 157 1776 ex
170 1737 260 1775 saxis
272 1737 433 1776 contusis
448 1738 759 1790 componebatur.
792 1739 879 1776 Inde
896 1738 1064 1788 estquod
1081 1738 1310 1774 recentiores
1333 1745 1536 1774 coementum
1556 1749 1626 1787 pto
1643 1738 1703 1773 in-

109 1796 196 1831 trita
215 1793 287 1843 ipsa
299 1796 335 1831 &
348 1794 551 1832 ferrumine
571 1795 787 1846 usurparunt
797 1823 808 1841 ,
829 1795 1074 1832 &caementare
1091 1805 1161 1845 pto
1172 1791 1309 1844 lapides
1319 1792 1415 1832 inter
1423 1791 1458 1831 se
1475 1793 1514 1830 in
1525 1792 1702 1831 strustuta

111 1850 255 1887 neerere
269 1849 304 1885 &
317 1849 568 1889 ferruminare.

166 1905 210 1942 M
222 1916 273 1942 vs
284 1918 304 1942 c
316 1918 337 1941 A
348 1916 392 1943 R1
406 1918 419 1942 1
456 1906 491 1944 C
507 1920 525 1943 L
538 1919 559 1943 Α
571 1919 632 1944 v1.
663 1908 801 1947 Lib.vi
815 1920 845 1945 1.
857 1920 937 1960 cap.
953 1922 986 1953 3.
1015 1914 1111 1946 Tunc
1128 1907 1166 1945 in
1183 1917 1288 1961 opere,
1310 1919 1423 1944 canna
1440 1901 1551 1943 clavis
1570 1900 1704 1957 musta-

112 1960 172 1997 riis
177 1969 345 2013 perpetuae
355 1960 527 2013 figantur.
560 1962 624 1998 Ad
643 1962 744 2001 hunc
755 1967 889 2002 locum
907 1967 956 2001 ita
966 1963 1180 2001 Philander:
1201 1961 1319 1999 clavos
1330 1958 1514 2012 muscarios
1532 1962 1702 2012 interpre-

114 2024 165 2052 tor
176 2045 186 2060 ‚
205 2016 265 2067 qui
272 2015 350 2065 fini
359 2013 546 2061 umbellati,
567 2015 603 2053 id
618 2019 689 2064 eft,
711 2017 876 2071 capitibus
884 2016 1059 2056 latioribus
1079 2015 1122 2062 ὠ·
1133 2017 1272 2071 expassis
1291 2018 1328 2055 in
1339 2013 1448 2054 orbem
1458 2012 1700 2053 cacuminibus,

113 2068 273 2122 quomodo
291 2069 487 2108 umbellatos
512 2073 698 2119 Faenz‘culi',
720 2071 880 2111 sambuci·
898 2068 943 2113 (θ’
954 2073 1042 2124 anisi
1057 2071 1200 2111 dicimus
1209 2072 1316 2126 flores
1328 2085 1341 2108 .·
1368 2084 1450 2109 nam
1468 2084 1538 2123 qiiae
1563 2066 1700 2120 Diosc'o-

114 2123 205 2162 rides
224 2121 385 2168 σκιαῖἆᾶαι,
410 2125 449 2161 id
464 2129 512 2162 eft
526 2155 536 2171 ,
564 2141 674 2166 comas
693 2124 737 2168 &¹
755 2127 937 2169 umbellas,
959 2131 1053 2166 Plin.
1073 2129 1138 2165 lib.
1151 2143 1194 2166 xi
1207 2141 1240 2166 1.
1265 2140 1345 2177 cap.
1362 2132 1425 2165 26.
1453 2134 1556 2161 vocat
1573 2122 1704 2174 muſsa-

114 2183 199 2218 rias.
223 2181 315 2218 Haec
334 2183 405 2219 illc.
425 2181 500 2218 Cui
519 2181 725 2233 astipulatur
744 2184 888 2235 Lipsius
909 2184 992 2220 l.de
1012 2183 1308 2234 Amphitheatro
1328 2193 1407 2230 cap.
1423 2189 1482 2218 18.
1518 2180 1587 2217 His
1605 2179 1706 2218 addit

115 2237 308 2274 Barbarus,
328 2237 365 2272 iit
371 2235 499 2289 grandi
516 2250 707 2274 marmorea
716 2251 812 2277 arca,
833 2239 959 2274 Mariae
969 2238 1112 2273 Honorii
1121 2244 1209 2289 Imp.
1228 2239 1375 2289 conjugis
1386 2232 1544 2288 stpulcro
1560 2233 1703 2275 credita,

115 2291 233 2329 clavos
246 2302 393 2344 repertos
395 2288 519 2344 fuisse,
529 2293 567 2327 in
577 2305 721 2343 quorum
732 2293 905 2329 cacumine
918 2288 1070 2344 expressa
1082 2301 1156 2328 erat
1166 2290 1280 2343 musta
1291 2318 1300 2332 ,
1322 2289 1364 2334 ώ-
1373 2289 1549 2328 nonnullos
1554 2288 1705 2345 putaffi’,

115 2347 157 2384 de
166 2345 218 2385 his
230 2349 435 2384 Vitruvium
444 2345 654 2396 intellexisse.
687 2348 820 2386 Baldus
833 2362 840 2385 ε
871 2348 945 2385 Sed
954 2348 1106 2397 optimo
1116 2349 1196 2394 jure
1206 2347 1285 2384 haec
1297 2347 1414 2393 rejicit
1424 2346 1602 2384 Barbarus
1614 2374 1621 2387 ,
1638 2348 1704 2395 qui

116 2405 222 2441 usum
233 2405 544 2441 Vitruvianorum
554 2403 749 2442 clavorum
767 2406 806 2441 in
816 2404 942 2440 cannis
952 2402 1106 2452 figendis
1118 2402 1356 2440 considerans
1366 2428 1375 2442 ‚
1394 2414 1463 2440 nec
1473 2415 1520 2440 ex
1533 2403 1631 2440 ferro
1642 2412 1706 2440 aut

115 2461 275 2498 metallo
287 2461 412 2510 aliquo
425 2486 432 2498 ‚
457 2458 515 2496 sed
527 2456 547 2495 ὲ
559 2460 662 2508 ligno
672 2460 791 2498 fastos
803 2459 903 2496 fuiss'e
913 2469 1032 2509 putat.
1065 2459 1258 2496 Nostrates
1271 2460 1435 2496 minutos
1445 2459 1532 2496 istos
1545 2458 1703 2495 clavicu-

117 2518 178 2554 los
190 2545 199 2561 ‚
219 2515 353 2565 quibus
364 2513 494 2565 passim
513 2514 560 2551 ad
581 2515 715 2554 diversa
726 2525 898 2555 utuntur,
914 2512 1084 2560 bullatas,
1096 2515 1201 2565 quod
1210 2515 1445 2555 vocabulum
1457 2513 1597 2551 Etrusci
1610 2513 1706 2550 usur-

116 2582 206 2624 pant
220 2602 229 2616 ,
251 2574 287 2622 Se
298 2568 504 2614 brochettas,
516 2580 557 2608 ut
565 2571 624 2608 alii
636 2572 728 2615 Itali,
740 2572 936 2623 appellant.

173 2629 219 2666 M
230 2640 255 2665 v
270 2642 295 2663 τ
308 2640 331 2665 v
344 2639 367 2665 L
382 2641 407 2664 1.
439 2625 522 2664 Lib.
543 2639 555 2662 1
564 2638 596 2663 v.
620 2639 699 2678 cap.
709 2640 741 2663 2.
754 2633 811 2664 Ex
819 2639 854 2663 eo
866 2653 874 2666 ,
896 2628 950 2664 uti
959 2625 976 2664 b
986 2625 1158 2681 lignorum
1167 2623 1425 2679 dispffitionibus
1436 2621 1614 2678 triglyphi,
1627 2625 1677 2662 ita
1688 2623 1707 2663 ὲ

117 2686 349 2720 canteriorum
354 2683 570 2734 projetturis,
584 2681 800 2719 mutulorum
809 2679 877 2734 fiib
887 2688 1012 2720 coronia
1022 2685 1113 2720 ratio
1121 2685 1171 2719 eft
1181 2685 1343 2719 inventa.
1372 2681 1505 2719 Baldus
1516 2695 1523 2716 :
1539 2680 1707 2734 Qidam

119 2749 241 2777 textus
253 2738 390 2776 habent
399 2735 526 2782 mutili,
538 2749 606 2774 nec
617 2739 720 2776 aliter
729 2740 789 2776 ille
800 2751 878 2788 quo
890 2739 971 2776 usus
982 2739 1031 2776 est
1042 2739 1248 2783 Philander‚
1259 2738 1381 2788 quide
1393 2736 1448 2774 his
1460 2737 1520 2775 lib.
1535 2751 1568 2782 3.
1582 2748 1662 2787 cap.
1671 2751 1686 2782 3
1697 2766 1707 2774 .

120 2795 232 2832 verba
243 2794 381 2832 faciens
395 2824 404 2839 ‚
425 2795 488 2837 ait,
497 2791 635 2829 mutilos
647 2792 749 2846 nestri
762 2795 848 2832 Galli
859 2807 977 2830 corvos
991 2819 999 2833 ,
1018 2792 1100 2831 Itali
1109 2792 1302 2831 modiliones
1314 2791 1490 2847 appellant.
1518 2790 1708 2845 Repraefin-

121 2857 198 2885 tant
208 2860 321 2887 autem
327 2849 507 2900 ſsnuatam
518 2850 749 2886 canteriorum
754 2849 1000 2900 projeiiuram.
1030 2849 1170 2886 Mutuli
1180 2877 1190 2893 ‚
1208 2861 1373 2898 quorum
1383 2848 1479 2899 apud
1489 2849 1707 2889 Vitruvium

122 2907 288 2952 mentio,
305 2907 561 2957 prominentes
581 2915 702 2957 partes
720 2905 824 2953 sunt,
841 2917 914 2944 eeu
934 2906 1189 2944 canteriorum
1208 2906 1329 2958 capita
1346 2906 1385 2944 in
1406 2906 1558 2944 coronis
1570 2902 1708 2941 Dorici

698 2958 702 2960 ’
1046 2964 1079 2998 I<
1551 2957 1706 2997 ordinis.
