2023 3162
523 99 1136 140 nnARcutTEchRA
1194 99 1398 140 Lialx.
1683 113 1757 153 189

158 166 386 218 disciplinam
396 166 580 219 patefecit,
603 169 650 205 ita
660 167 709 205 est
720 167 909 219 professus,
920 168 1035 218 pilam
1045 167 1112 205 effe
1125 179 1168 205 ex
1180 168 1329 207 dimidia
1339 178 1440 220 parre
1454 170 1688 214 candentem,
1701 188 1757 213 re-

156 224 254 272 quua
265 224 399 261 habere
414 225 574 262 caeruleo
587 225 729 261 colore.
761 224 863 261 Cum
873 234 996 262 autem
1011 223 1154 262 cursum
1167 226 1306 263 itineris
1318 226 1369 263 sui
1382 238 1539 276 pergens
1549 229 1681 268 subiret
1695 244 1756 269 or-

156 280 244 317 bem
256 277 337 317 solis
352 309 361 322 ,
381 289 470 316 tunc
480 291 561 316 eam
573 280 699 319 radiis,
721 279 910 330 &impetu
930 281 1062 316 caloris
1076 282 1229 331 corripi,
1257 284 1500 332 convertique
1512 285 1750 326 candentem,

156 344 312 385 propter
323 338 398 381 ejus
410 336 671 385 proprietatem
682 335 834 372 luminis
846 335 891 371 ad
901 338 1040 372 lumen.
1071 338 1176 374 Cum
1187 346 1316 375 autem
1327 350 1369 376 ea
1380 350 1535 377 evocata
1545 340 1589 378 ad
1598 341 1679 378 solis
1692 355 1752 379 or-

155 391 219 428 bes
230 389 415 439 superiora
426 390 665 441 spectet,tuiic
675 390 891 428 inferiorem
904 402 1048 441 partem
1060 393 1258 441 ejus‚qu0d
1269 393 1429 431 candens
1440 407 1518 432 non
1531 395 1582 436 fit,
1600 408 1753 448 propter

155 447 250 484 aeris
263 446 543 484 similitudinem
555 446 750 484 obscuram
762 447 983 494 videri3cum
995 446 1039 484 ad
1048 449 1360 498 perpendiculum
1371 453 1535 496 extet‚ad
1544 453 1619 498 ejus
1629 455 1754 491 radios

156 511 288 540 totum
299 503 424 539 lumen
439 502 483 538 ad
494 500 719 550 superiorem
731 503 890 552 speciem
901 503 1059 541 retineri,
1082 502 1118 538 &
1130 513 1220 541 tunc
1233 516 1316 542 eam
1329 508 1634 558 vocariprimam.
1649 510 1753 548 Cum

155 560 362 608 praeteriens
374 558 474 595 vadit
484 557 529 593 ad
541 557 703 595 Orientis
717 559 797 595 caeli
807 568 926 608 partes
940 587 950 602 ‚
967 558 1119 595 relaxari
1130 558 1175 595 ab
1186 561 1327 609 impetu
1338 561 1422 599 solis
1434 592 1445 607 ‚
1470 574 1752 615 extremamque

157 616 232 659 ejus
246 626 385 665 partem
396 613 597 650 candentiae
608 614 752 665 oppido
762 625 878 662 quam
897 616 999 651 tenui
1018 615 1112 651 linea
1121 615 1166 652 ad
1186 625 1320 653 terram
1341 618 1487 655 mittere
1502 619 1751 670 splendorem,

155 672 193 707 ὃ(
203 672 252 707 ita
270 682 312 706 ex
324 682 372 706 co
391 681 474 706 eam
494 667 695 706 secundam
717 671 856 706 vocari.
893 670 1122 721 Qotidiana
1143 681 1269 708 autem
1288 673 1503 711 versationis
1524 677 1752 722 remissione,

155 727 316 763 tertiam,
329 735 495 774 quartam
506 724 621 761 indies
632 728 826 762 numerari:
837 723 993 774 septimo
1005 725 1064 761 die
1074 726 1143 761 Sol
1155 737 1243 764 cum
1254 726 1294 763 sit
1306 728 1352 764 ad
1363 730 1628 777 Occidentem,
1647 738 1752 770 Luna

155 791 281 818 autem
292 782 385 817 inter
397 781 592 817 Orientem
605 782 642 818 ὅ(
654 780 907 817 Occidentem
919 781 1059 817 medias
1070 781 1146 817 caeli
1157 790 1279 819 teneat
1289 786 1472 832 regiones,
1487 787 1592 834 quod
1602 789 1752 827 dimidia

155 847 258 887 parte
270 839 347 874 cccli
358 837 469 887 spatio
483 835 586 873 distet
605 837 625 873 a
646 835 721 873 sole
730 862 738 876 ,
767 837 860 873 item
881 836 1076 873 dimidiam
1097 836 1299 876 candentiae
1320 841 1540 878 conversam
1558 843 1692 882 habere
1706 844 1752 883 ad

154 902 300 930 terram.
335 894 432 929 Inter
443 893 570 929 Solem
581 903 671 928 vero
683 891 718 928 Sc
730 892 880 928 Lunam
891 903 979 929 cum
993 892 1095 929 distet
1116 901 1243 930 totum
1255 895 1386 932 mundi
1397 895 1554 946 spatium
1576 901 1612 936 ὅ(
1628 900 1749 939 Luna,

155 948 319 1000 Orientis
331 947 462 985 orbem
475 949 541 985 Sol
554 948 809 998 retrospiciens
823 973 830 987 ‚
855 959 943 985 cum
954 947 1081 985 transit
1092 949 1137 985 ad
1150 949 1417 997 Occidentem,
1434 963 1528 991 eam,
1549 955 1656 1002 quod
1668 956 1751 992 lon-

154 1006 237 1053 gius
254 1002 354 1043 abiit,
373 1005 392 1041 a
402 1004 507 1041 radiis
528 1002 709 1041 remiss'am
723 1033 732 1048 ‚
752 1003 1031 1052 quartadecima
1054 1004 1113 1047 die
1133 1005 1239 1055 plena
1260 1016 1340 1044 rora
1351 1010 1468 1044 totius
1480 1009 1582 1045 orbis
1604 1012 1752 1049 mittere

145 1059 402 1110 splendorem,
422 1058 657 1109 reliquosque
671 1060 746 1097 dies
767 1058 1009 1096 decrescentia
1027 1061 1244 1109 quotidiana
1263 1061 1308 1098 ad
1325 1062 1592 1113 perfeffioneni
1613 1067 1751 1105 lunaris

155 1114 288 1153 menfis
301 1144 310 1159 ‚
328 1115 592 1154 versationibus
612 1116 649 1152 &
668 1116 784 1159 cursu,
808 1115 827 1151 a
841 1114 916 1153 sole
929 1117 1232 1154 revocationibus
1252 1118 1369 1155 subire
1388 1130 1512 1157 rotam
1527 1150 1536 1165 ‚
1557 1121 1753 1172 radiosque

155 1174 228 1215 eius
241 1172 352 1208 etiam
372 1172 570 1209 menstruas
590 1171 734 1209 dierum
753 1170 899 1209 efficere
917 1173 1094 1209 rationes.
1126 1174 1328 1211 Vtiautem
1343 1175 1574 1214 Aristarchus
1589 1179 1751 1224 Samius,

152 1227 592 1278 Mathematicus,vigore
605 1240 746 1277 magno
759 1229 918 1265 rationes
930 1229 1112 1266 varietatis
1123 1227 1317 1280 disciplinis
1327 1231 1373 1268 de
1384 1232 1514 1270 eadem
1525 1233 1684 1283 reliquit,
1694 1247 1754 1273 ex-

155 1294 310 1333 ponam.
342 1285 421 1329 [aa]
441 1285 537 1321 Non
548 1286 648 1321 enim
661 1286 745 1321 latet
759 1313 768 1327 ‚
791 1284 939 1320 Lunam
957 1283 1061 1321 suum
1073 1287 1344 1336 propriumque
1365 1300 1446 1326 non
1458 1288 1592 1326 habere
1610 1291 1754 1335 lumen,

155 1336 216 1375 sed
227 1338 295 1375 csse
308 1341 360 1376 nti
373 1339 561 1390 speculum
575 1370 584 1385 ,
604 1342 641 1378 &
655 1339 675 1376 a
688 1340 783 1377 Solis
795 1342 936 1393 impetu
949 1342 1112 1391 recipere
1121 1341 1370 1392 splendorem.
1403 1345 1582 1395 Namque
1595 1349 1698 1383 Luna
1709 1346 1756 1383 de

155 1393 294 1445 septem
305 1395 402 1432 astris
414 1398 594 1446 circulum
604 1399 817 1447 proximum
830 1407 929 1435 terrae
939 1398 978 1433 in
992 1396 1155 1435 cursibus
1167 1400 1368 1438 minimum
1381 1411 1610 1451 pervagatur.
1627 1402 1756 1450 Itaque

156 1462 252 1500 quot
264 1450 449 1489 mensibus
463 1448 536 1504 [bb]
544 1452 606 1490 sub
620 1464 743 1490 rotam
755 1452 838 1490 solis
847 1452 1040 1503 radiosque
1051 1454 1176 1504 primo
1188 1454 1247 1492 die
1258 1466 1458 1506 antequam
1470 1459 1628 1507 praeterit
1637 1458 1756 1495 lateus

156 1506 390 1546 obscuratur,
413 1508 448 1544 ἃ
461 1510 641 1558 quoniam
651 1510 701 1546 est
711 1522 798 1546 cum
811 1509 898 1549 sole,
912 1521 1012 1547 nova
1022 1520 1201 1547 vocatur:
1215 1512 1365 1561 postero
1377 1524 1503 1551 autem
1516 1513 1586 1553 die,
1600 1525 1677 1562 quo
1688 1525 1757 1550 nu-

155 1573 317 1600 meratur
328 1565 494 1609 secunda,
519 1568 722 1616 praeteriens
738 1565 756 1602 a
766 1567 854 1605 sole,
868 1564 1116 1604 visitationem
1127 1565 1217 1603 facit
1228 1576 1381 1606 tenuem
1394 1579 1565 1606 extremae
1577 1568 1758 1606 rotunda-

155 1620 280 1655 tionis.
314 1620 415 1657 Cum
426 1622 589 1658 triduum
598 1621 744 1660 recessit
756 1623 774 1659 a
785 1621 860 1659 sole
872 1648 880 1662 ‚
901 1622 1047 1661 crescit,
1068 1621 1105 1658 δέ
1120 1623 1199 1672 plus
1210 1623 1459 1660 illuminatur:
1482 1624 1651 1673 quotidie
1662 1636 1755 1662 vero

156 1673 343 1712 discedens
354 1689 441 1714 cum
454 1680 619 1727 pervenit
630 1677 674 1715 ad
686 1677 785 1714 diem
795 1677 997 1728 septimum
1009 1704 1017 1717 ,
1031 1677 1163 1715 distans
1176 1677 1195 1713 a
1206 1677 1293 1715 Sole
1305 1680 1507 1717 occidente
1520 1681 1666 1716 circiter
1675 1692 1754 1717 me-

155 1730 232 1766 dias
247 1733 325 1768 caeli
337 1733 511 1782 regiones
523 1762 532 1776 ‚
552 1733 705 1770 dimidia
717 1734 817 1771 lucet
830 1759 838 1773 ‚
861 1735 898 1771 ὅ(
914 1735 993 1780 ejus
1004 1746 1085 1782 quae
1097 1732 1141 1769 ad
1152 1732 1269 1771 solem
1290 1745 1370 1784 pars
1381 1734 1537 1785 spectat‚
1561 1747 1602 1772 ea
1612 1735 1662 1772 est
1673 1736 1754 1772 illu-

153 1787 309 1823 minata.
341 1789 489 1839 Qarto
500 1800 624 1826 autem
634 1789 787 1826 decimo
798 1788 856 1825 die
868 1817 878 1832 ,
888 1790 1026 1826 cumin
1037 1789 1221 1826 diametro
1230 1789 1347 1840 spatio
1359 1792 1474 1828 totius
1486 1790 1617 1828 mundi
1627 1789 1716 1828 absit
1729 1790 1751 1827 ὲ

154 1839 230 1877 sole
240 1870 249 1885 ‚
262 1842 451 1891 perficitur
461 1847 578 1894 plena,
592 1845 628 1881 &
639 1846 755 1881 oritur
767 1856 854 1882 curn
866 1845 931 1881 Sol
943 1843 983 1882 fit
992 1844 1038 1882 ad
1047 1844 1313 1890 Occidentem,
1323 1845 1411 1882 ideo
1422 1845 1527 1895 quod
1539 1856 1662 1884 toturn
1675 1847 1752 1897 spa-

153 1898 249 1934 tium
261 1898 389 1935 mundi
399 1899 530 1936 distans
542 1899 704 1937 consistit
716 1911 860 1939 contra,
875 1899 912 1936 &
921 1901 1063 1949 impetu
1073 1898 1158 1936 solis
1168 1901 1284 1937 totius
1293 1902 1396 1938 orbis
1408 1902 1447 1938 in
1457 1902 1490 1938 se
1501 1903 1630 1951 recipit
1638 1901 1751 1954 splen-

155 1952 300 1990 dorem.
331 1956 660 2005 Septimodecimo
671 1956 728 1992 die
740 1968 826 1993 cum
837 1955 902 1992 Sol
913 1957 1030 1992 oritur
1041 1983 1051 1999 ,
1073 1967 1114 1993 ea
1128 1955 1248 2005 vpress'a
1270 1956 1320 1993 est
1331 1956 1376 1993 ad
1398 1957 1654 1995 Occidentem
1667 1987 1676 2002 ,
1697 1959 1753 1996 vi-

157 2007 299 2055 gesimo
321 2012 358 2047 &
378 2012 494 2048 altero
514 2012 572 2048 die
591 2023 681 2048 cum
700 2012 767 2048 Sol
778 2010 827 2047 est
838 2021 989 2048 exortus
1001 2040 1011 2055 ,
1030 2012 1139 2049 Luna
1149 2020 1250 2048 tenet
1269 2013 1415 2050 circiter
1433 2012 1573 2050 medias
1596 2015 1673 2051 caeli
1693 2026 1752 2051 re-

158 2065 288 2112 giones
301 2093 312 2109 ‚
334 2066 417 2103 &id
427 2067 533 2117 quod
546 2067 678 2120 spesiat
687 2067 731 2105 ad
741 2067 858 2106 solem
871 2093 879 2108 ‚
902 2066 1011 2104 habet
1028 2066 1217 2115 lucidum3
1241 2067 1280 2103 in
1290 2070 1439 2118 reliquis
1456 2068 1531 2106 obs
1525 2080 1625 2105 cura.
1656 2070 1751 2106 Item

1004 2122 1042 2159 A
1053 2134 1073 2160 a
1106 2133 1120 2164 3
1651 2136 1757 2174 quo-¹

154 2233 187 2267 z]
208 2231 325 2261 Philaud.
341 2231 488 2262 Zodiacum
498 2234 550 2263 live
560 2236 717 2277 ligniferum
725 2239 837 2277 appellat
849 2239 962 2269 Zonam,
973 2238 1100 2266 Manilius
1113 2247 1177 2267 vero
1186 2236 1324 2265 baltheum
1337 2240 1359 2264 St
1372 2234 1485 2264 fasciam.
1500 2235 1561 2271 Ejus
1572 2233 1628 2263 sunt
1641 2233 1735 2264 verba:

562 2289 611 2314 Sed
620 2291 682 2315 nitet
693 2291 790 2325 ingenti
801 2289 916 2323 stellatus
927 2288 1045 2316 baltheus
1056 2288 1134 2316 orbo
1142 2310 1148 2321 ,

558 2327 733 2366 Infignemque
747 2329 815 2365 facit
826 2329 908 2355 calata
919 2328 1012 2356 lumine
1022 2329 1148 2356 mundum
1157 2349 1164 2361 ‚

560 2372 595 2395 Et
613 2376 652 2396 ter
668 2379 771 2396 vicenas
786 2376 871 2405 partes
881 2376 955 2405 patet
964 2377 1043 2408 atque
1060 2377 1185 2397 trecentas

564 2413 595 2436 In
605 2409 723 2446 longum.
742 2409 777 2436 bu
786 2409 834 2445 fix
849 2409 946 2445 latescit
956 2409 1041 2447 fascia
1054 2418 1155 2447 partes.

154 2462 203 2496 aa]
225 2460 307 2489 Idem.
330 2464 427 2490 Praeter
436 2463 502 2491 alios
513 2472 608 2490 omnes
619 2483 625 2494 ,
649 2461 748 2488 Plinius
765 2461 809 2488 lib.
822 2471 856 2488 rr.
869 2471 926 2500 cap.
941 2471 979 2489 ix.
999 2460 1085 2490 asserit
1097 2464 1199 2491 Lunam
1208 2462 1235 2490 in
1247 2471 1338 2492 totum
1346 2469 1466 2490 mutuata
1477 2461 1491 2490 :i
1503 2461 1561 2490 Sole
1572 2460 1629 2488 luce
1640 2457 1757 2498 fulgere,‘

197 2511 358 2540 tantumque
377 2507 401 2531 &-
419 2505 494 2531 terris
508 2503 657 2534 ostendere,
679 2511 808 2540 quantum
820 2512 850 2529 ex
861 2503 921 2530 Sole
940 2501 996 2541 ipso
1008 2503 1153 2542 concipiat.
1175 2504 1238 2531 Hoc
1250 2505 1320 2532 idem
1337 2504 1403 2532 dicit
1421 2501 1615 2530 Galenuslibro
1627 2500 1753 2528 tertiode

195 2543 289 2570 diebus
299 2544 465 2571 decretoriis.
487 2544 559 2571 Hinc
572 2542 636 2570 illud
658 2543 797 2571 Ciceronis
815 2542 954 2570 insomnio
971 2545 1101 2582 Scipionis
1114 2565 1121 2576 ,
1138 2544 1239 2572 Vltima
1250 2545 1322 2573 coelo
1337 2565 1343 2577 ,
1363 2544 1455 2572 citima
1466 2543 1558 2573 terris,
1581 2540 1752 2568 lucelucebat

195 2584 289 2611 aliena.
313 2585 449 2622 Euripides
461 2585 487 2611 in
500 2580 639 2612 Phoeniffis
659 2585 761 2611 Lunam
774 2583 841 2610 Solis
851 2581 902 2611 effe
911 2582 991 2611 filiam
1001 2585 1066 2612 dicit
1076 2606 1082 2617 ‚
1102 2585 1174 2622 quod
1183 2585 1216 2613 ab
1226 2585 1358 2613 columen
1372 2592 1490 2612 mutuata
1500 2581 1700 2621 quodammodo
1709 2582 1754 2620 gi-

195 2625 242 2663 gni
254 2624 382 2652 videatur.
400 2628 427 2654 O
437 2624 490 2653 filia
499 2626 566 2653 Solis
579 2627 652 2652 Luna
674 2624 788 2662 (inquit)
811 2622 941 2662 εἷθύγκπξ
953 2624 1028 2653 omis
1040 2624 1139 2653 naalia.
1161 2626 1209 2653 Sed
1220 2626 1284 2664 quid
1296 2624 1420 2664 prohibet
1438 2627 1462 2651 &
1473 2623 1537 2650 istud
1549 2632 1580 2650 ex
1593 2624 1754 2650 Graecorum

197 2666 407 2703 Latinorumque
417 2666 617 2693 commentariis
627 2665 720 2692 addere
733 2685 739 2696 ,
763 2666 866 2692 Lunam
876 2666 902 2692 in
913 2665 987 2693 coitu
1005 2661 1058 2693 effe
1077 2666 1128 2693 live
1140 2666 1212 2694 silere
1227 2667 1290 2698 dici,
1302 2665 1407 2704 quando
1418 2665 1443 2690 in
1455 2664 1546 2691 eadem
1557 2671 1630 2701 parte
1639 2664 1688 2690 erit
1701 2683 1707 2694 ,
1726 2662 1754 2689 in

197 2715 249 2743 qua
257 2706 302 2733 Sol
314 2716 319 2732 z
340 2708 422 2733 Varro
443 2706 677 2734 intermenstruurn
690 2726 697 2737 ,
718 2705 848 2733 Fi'rmicus
866 2706 1004 2734 Maternus
1025 2705 1179 2744 synodicam
1190 2727 1196 2738 ,
1216 2707 1259 2734 alii
1280 2705 1453 2733 interlunium
1466 2712 1572 2732 vocant.
1594 2704 1754 2731 Genituram

198 2755 263 2773 vero
272 2746 387 2785 intelligi
398 2768 404 2778 ,
425 2756 487 2774 cnm
498 2746 512 2775 :i
523 2747 582 2774 Sole
591 2745 658 2773 abest
670 2754 754 2783 partes
765 2756 810 2773 xv.
832 2748 944 2777 Ortum,
956 2756 1018 2774 cum
1030 2747 1099 2774 abest
1111 2756 1196 2785 partes
1208 2757 1269 2774 xxX.
1286 2744 1419 2782 μῦκιοειὸιῖ,
1441 2744 1492 2772 live
1504 2744 1699 2772 corniculatam
1710 2751 1756 2771 aut

197 2794 306 2814 curvam
315 2788 341 2814 in
352 2797 462 2819 cornua,
473 2797 535 2815 cum
546 2787 616 2814 abest
628 2795 713 2824 partes
726 2796 772 2814 tx.
782 2785 1005 2826 sexangulamque
1014 2784 1078 2814 facit
1090 2787 1182 2814 mundi
1191 2787 1222 2815 ad
1233 2787 1323 2815 Solem
1333 2785 1463 2825 figuram.
1484 2783 1619 2823 :Algi-ivpffl,
1629 2785 1679 2811 live
1693 2783 1760 2821 Algi-

198 2839 270 2861 ·ημθν
281 2849 287 2858 ,
309 2828 334 2855 id
346 2828 380 2856 est
391 2828 525 2855 dividuam
538 2849 544 2860 ,
564 2828 615 2855 five
626 2837 699 2865 aequa
719 2828 843 2864 portione
853 2826 962 2854 divisam
977 2848 983 2859 ‚
1002 2836 1064 2855 curn
1074 2827 1158 2855 aberit
1168 2836 1254 2866 partes
1269 2837 1319 2854 xc-
1330 2826 1444 2863 quadran
1468 2825 1591 2864 ulamque
1599 2822 1682 2853 efficit
1695 2833 1758 2852 cum

198 2867 258 2894 Sole
267 2866 389 2907 figuram.
412 2869 561 2904 οἰμωίκυιῗςν
574 2889 580 2899 ‚
600 2867 651 2895 live
662 2867 773 2895 dimidio
795 2867 861 2895 orbe
880 2868 1009 2902 majorem
1023 2888 1029 2899 ,
1048 2877 1110 2895 cum
1131 2878 1203 2895 cxx.
1225 2867 1401 2906 partesaSole
1411 2866 1444 2894 ab
1458 2867 1543 2898 uerit,
1563 2870 1586 2894 Sc
1597 2864 1760 2905 triangulam

199 2904 262 2934 facit
273 2909 362 2935 mundi
373 2909 404 2936 ad
415 2909 496 2947 ipsum
508 2909 631 2949 figuram.
654 2906 813 2938 vium-rabam,
824 2907 850 2934 id
860 2908 895 2935 est
904 2908 1031 2936 linuatam
1040 2909 1066 2935 iu
1077 2908 1182 2940 orbem,
1195 2908 1247 2936 live
1257 2908 1362 2948 plenam
1371 2929 1378 2943 ,
1400 2917 1463 2936 cum
1472 2908 1545 2936 estin
1554 2908 1688 2935 diametro
1697 2913 1760 2933 cum

200 2947 270 2977 Sole,
280 2948 399 2986 abestque
413 2960 524 2978 ctxxx.
539 2958 634 2988 partes.
656 2951 730 2987 Lege
740 2948 929 2976 Marcellinum
942 2949 1116 2977 Ammianum
1127 2949 1196 2978 libro
1210 2960 1261 2978 xx.

159 2986 204 3023 bh]
225 2988 310 3017 Idem.
329 2991 370 3018 De
381 2989 432 3019 hoc
442 2990 547 3019 dicendi
558 3000 657 3031 genere
671 2988 772 3019 affatim
782 2989 871 3018 dicam
882 2988 927 3017 lib.
940 2999 966 3018 x.
978 2999 1034 3028 cap.
1047 2999 1100 3019 vir.
1656 3026 1686 3060 a]
1698 3022 1761 3052 Phi-
