2023 3162
286 81 359 121 1'62
665 74 1508 116 M.V1rnuv11P02L10N1s

283 151 350 186 bus
361 147 517 188 infusus,
533 147 669 185 enutrit
679 146 869 182 materiam
880 170 890 186 ‚
904 153 967 191 per
980 152 1096 190 quam
1108 141 1296 190 egrediens
1308 140 1352 177 ad
1365 152 1548 178 cacumen
1563 167 1570 181 ‚
1588 142 1782 192 profundit
1791 156 1882 195 pro.

282 206 406 255 prium
416 205 494 241 Ioci
506 203 542 239 δέ
553 203 695 253 generis
716 201 765 237 sui
777 197 912 235 fructus
926 200 961 234 ὃ(
974 197 1155 246 saporem.
1189 196 1307 247 Qiod
1317 196 1341 232 si
1353 207 1445 232 terra
1457 198 1655 246 generibus
1667 200 1878 238 humorum

283 272 362 298 non
372 260 456 297 essct
464 258 643 296 dissimilis
655 259 691 294 ὃ(
703 254 877 305 disparata
890 282 900 297 ,
912 264 998 299 ²non
1010 263 1155 289 tantum
1176 253 1215 289 in
1225 253 1326 301 Syria
1340 252 1375 289 ὃς
1387 252 1528 289 Arabia
1537 255 1574 289 in
1598 255 1668 299 [K]
1688 256 1878 293 arundini-

285 317 356 353 bus
369 346 378 361 ‚
398 318 434 353 ὃ(
448 316 563 358 iuncis
576 343 585 357 ‚
606 311 795 359 herbisque
812 308 988 346 omnibus
999 306 1108 346 essent
1119 308 1278 348 odores,
1293 320 1415 356 neque
1428 308 1577 345 arbores
1592 306 1656 361 [L]
1670 310 1851 349 thuriferae
1863 342 1875 359 ,

285 383 408 421 neque
429 373 532 415 [M]
553 368 684 419 piperis
694 366 821 404 darent
832 365 968 401 baccas
979 393 989 408 ‚
1008 376 1077 400 nec
1088 364 1242 412 myri-hec
1255 364 1432 414 glebulaS‚
1445 376 1514 401 nec
1528 365 1683 413 Cyrenis
1697 368 1733 402 in
1751 366 1877 405 ferulis

285 426 372 466 laser
391 426 613 463 nasceretur:
637 421 745 458 sedin
756 421 934 458 omnibus
944 430 1044 457 terrae
1056 420 1272 469 regionibus
1284 423 1320 457 εἴ(
1333 421 1440 463 locis,
1455 421 1593 458 eodem
1604 432 1739 471 genere
1750 427 1878 461 omnia

286 490 579 533 procrearentur.
597 477 672 515 Has
683 488 812 515 antem
823 477 1012 514 varietates
1023 475 1234 525 regionibus
1246 479 1283 514 &
1295 478 1388 513 locis
1400 477 1595 514 inclinatio
1608 476 1757 516 mundi,
1772 480 1808 515 ὃς
1819 479 1877 517 so*

287 539 330 574 lis
350 540 530 587 impetus,
554 534 706 584 propius
727 532 944 582 autlongius
957 529 1105 569 cursum
1117 531 1290 569 faciendo
1305 561 1314 576 ‚
1335 534 1425 569 tales
1438 532 1553 570 efficit
1571 543 1675 570 terrae
1687 532 1876 576 humores,

287 606 369 642 quae
379 591 568 640 qualitates
578 600 656 625 non
668 588 791 626 solum
802 590 839 625 in
850 588 904 625 his
916 588 1047 625 rebus,
1062 587 1119 624 sed
1133 590 1244 625 etiam
1256 590 1291 625 in
1303 589 1501 638 pecoribus
1512 588 1549 625 δέ
1568 591 1742 626 armentis
1754 587 1880 627 discer-

286 657 438 684 nuntur.
452 646 543 682 Haec
554 646 693 683 nonita
703 643 921 681 disfimiliter
931 641 1178 684 efficerentur,
1192 643 1258 680 nisi
1269 645 1512 694 proprietates
1530 644 1755 693 singularum
1769 653 1880 683 terta—

286 714 369 749 rum
388 704 423 738 in
436 700 651 750 regionibns
664 700 708 738 ad
718 700 800 738 solis
810 698 1033 750 potestatem
1049 709 1355 750 temperarentur.
1374 700 1465 737 Sunt
1478 702 1576 737 enim
1589 701 1746 738 Boeotiae
1757 699 1882 738 flumi-

286 770 331 795 na
351 759 445 803 [N]
462 756 651 807 Cephysus
665 783 673 796 ,
696 758 734 794 &
746 757 867 794 Melas
881 785 890 799 ‚
911 756 1088 793 Lucaniae
1109 758 1196 801 [0]
1218 755 1367 793 Crathis
1379 785 1388 800 ‚
1408 757 1535 793 Troiae
1547 755 1718 793 Xanthus
1731 785 1740 800 ‚
1764 757 1882 805 inque

287 817 380 864 agris
394 813 735 851 Clazomeniorum
750 842 760 857 ‚
772 815 808 850 ὅ(
821 811 1097 860 Erythraeorum
1110 838 1117 851 ,
1132 813 1167 849 δε
1184 811 1471 849 Laodicensium
1485 838 1493 851 ,
1508 812 1630 849 fontes
1643 824 1686 849 ae
1702 811 1881 850 flumina:

288 881 374 907 cum
387 881 525 919 pecora
544 867 613 906 suis
624 869 860 918 temporibus
872 868 958 905 anni
969 877 1140 918 parantur
1153 867 1197 904 ad
1207 868 1500 918 conceptionem
1512 878 1651 918 partus,
1665 879 1729 917 per
1741 869 1778 905 id
1790 878 1883 915 tem-

286 937 353 975 pus
367 926 562 974 adiguntur
573 937 621 962 eo
633 925 803 974 quotidie
813 932 1014 975 potum‚ex
1027 936 1113 972 eoq3
1127 925 1296 972 quamvis
1308 923 1377 960 sint
1387 923 1685 973 alba‚procreant
1697 925 1774 960 aliis
1785 924 1881 960 locis

287 983 357 1027 [P]
370 980 676 1032 leiicophaea‚aliis
688 982 782 1018 locis
795 978 991 1029 pulla,aliis
1003 982 1101 1029 [0⁶3]
1113 981 1292 1016 coracino
1304 980 1443 1017 colore.
1455 980 1505 1017 Ita
1516 981 1716 1030 proprietas
1727 980 1883 1029 liquoris

289 1048 376 1074 cum
390 1038 455 1074 init
466 1039 502 1073 in
514 1049 664 1087 corpus,
676 1036 899 1088 proseminat
909 1035 1100 1072 intinctam
1112 1033 1161 1073 sui
1173 1035 1348 1084 cuiusque
1358 1036 1500 1086 generis
1514 1037 1746 1084 qualitatem.
1767 1037 1882 1085 Igitur

288 1095 469 1140 quoniam
481 1094 517 1130 in
529 1094 669 1143 campis
681 1093 856 1139 Trojanis
868 1093 1039 1142 proxime
1050 1091 1191 1128 flumen
1202 1102 1367 1129 armenta
1379 1091 1514 1129 rufa&
1525 1102 1661 1142 pecora
1670 1091 1882 1142 leucophea

287 1148 508 1186 nascuntur:
530 1149 618 1186 ideo
628 1149 665 1186 id
686 1148 825 1185 flumen
836 1146 978 1184 Ilienses
992 1149 1063 1194 [R]
1078 1146 1270 1184 Xanthum
1281 1147 1511 1198 appellavisse
1522 1148 1707 1185 dicuntur.
1738 1148 1879 1184 Etiam-

286 1215 358 1252 que
368 1205 608 1242 inveniuntur
619 1216 723 1254 aquae
734 1214 868 1253 genera
880 1203 1088 1241 mortifera,
1111 1215 1191 1252 quae
1203 1215 1265 1254 per
1276 1202 1488 1240 maleficum
1509 1203 1667 1240 succum
1682 1213 1784 1241 terrae
1796 1215 1880 1253 per-

288 1261 471 1296 currentia
481 1261 662 1310 recipiunt
673 1261 709 1296 in
719 1260 751 1296 se
762 1261 837 1297 vim
848 1270 1078 1296 venenatam:
1089 1261 1141 1297 uti
1153 1258 1251 1296 fuisse
1263 1259 1395 1297 dicitur
1407 1260 1619 1296 Terracinae
1629 1258 1730 1304 fons,
1740 1260 1804 1309 qui
1817 1271 1882 1297 vo-

289 1314 441 1352 cabatur
455 1317 522 1361 [S]
537 1316 765 1365 Neptunius,
776 1327 820 1352 ex
831 1326 910 1363 quo
924 1316 986 1364 qui
999 1313 1167 1353 biberant
1178 1314 1436 1365 imprudentes
1449 1316 1519 1352 vita
1531 1313 1784 1364 privabantur:
1798 1327 1885 1364 qua-

286 1380 439 1421 propter
457 1372 600 1420 antiqui
612 1383 696 1409 eum
716 1369 927 1410 obstruxiss'e
937 1371 1124 1410 dicuntur.
1157 1371 1203 1408 Et
1214 1370 1310 1422 apud
1322 1372 1398 1418 [T]
1413 1371 1587 1421 Cychros
1608 1371 1646 1407 in
1657 1370 1822 1409 Thracia
1833 1372 1882 1408 la-

713 1446 715 1449 .
1798 1438 1875 1467 cus,

285 1510 324 1543 Κ]
353 1508 438 1536 Idem.
462 1510 547 1548 Qod
557 1510 713 1539 arundinem
724 1510 838 1543 dixerit,
853 1512 950 1540 mirum
961 1512 1043 1540 videri
1053 1522 1106 1540 non
1117 1511 1205 1540 deber.
1217 1512 1350 1551 Siquidem
1361 1521 1415 1538 non
1425 1511 1508 1539 caruit
1520 1510 1664 1539 imitatore.
1677 1513 1718 1539 Ita
1727 1512 1800 1539 enim
1812 1511 1882 1540 Pliu.

325 1548 372 1577 lib.
383 1559 443 1577 xiv.
453 1559 510 1588 cap.
526 1560 561 1578 11.
572 1553 688 1584 vocavit,
699 1562 779 1590 quem
791 1552 837 1580 lib.
847 1563 902 1580 κη.
912 1562 970 1591 cap.
981 1563 1023 1580 ιι.
1033 1556 1056 1581 St
1067 1552 1113 1580 lib.
1125 1563 1193 1581 x111.
1205 1563 1261 1592 cap.
1274 1563 1308 1580 11.
1322 1552 1454 1580 calamum
1466 1551 1607 1579 odoratum
1621 1552 1722 1580 dixerat
1733 1573 1739 1582 .
1756 1561 1785 1580 ut
1797 1552 1883 1580 Solin-

325 1591 413 1628 postea
424 1600 481 1628 cap.
494 1596 537 1625 65.
560 1591 635 1619 Idem
649 1602 801 1621 memorato
811 1603 868 1633 cap.
882 1604 924 1621 22.
937 1593 1036 1632 prodit,
1048 1603 1221 1622 communem
1233 1590 1284 1621 effe
1294 1592 1498 1634 Arabiaexlndiae
1509 1596 1532 1620 &
1544 1594 1635 1631 Syriae.
1649 1591 1885 1621 Dioi'corid.lib.1.

286 1634 289 1637 ’
325 1640 382 1669 cap.
394 1640 434 1663 17.
445 1630 473 1657 iu
485 1632 558 1659 India
569 1631 637 1660 nasei
649 1634 773 1666 testatur,
794 1635 984 1673 prxcipuaeque
994 1632 1044 1662 esse
1062 1634 1188 1663 bonitatis
1199 1632 1316 1666 fulvum,
1330 1634 1460 1674 geniculis
1473 1631 1668 1672 frequentibus.
1683 1637 1707 1661 &
1718 1634 1763 1672 qui
1773 1631 1882 1662 assulose

325 1668 457 1711 frangitur
467 1692 474 1703 ,
493 1672 569 1710 plena
578 1683 736 1701 araneorum
746 1673 838 1707 fistula,
849 1676 1020 1707 albicantem,
1040 1675 1145 1703 lentum
1154 1676 1181 1703 in
1193 1675 1343 1703 mandendo
1353 1679 1376 1702 S<
1387 1675 1588 1714 astringentem.
1610 1676 1780 1713 QSerenus,
1791 1674 1836 1702 lib.
1848 1674 1881 1701 de

327 1712 467 1744 medicina,
479 1713 609 1742 calamum
621 1714 774 1753 fimpliciter
786 1716 919 1744 nominat.
936 1716 1119 1754 Hippocrates
1129 1714 1279 1754 μυξεφηρν,
1290 1716 1316 1743 id
1324 1716 1359 1743 est
1371 1736 1377 1746 ‚
1398 1715 1608 1755 unguentarium
1619 1715 1670 1743 live
1681 1715 1881 1742 aromatarium.

327 1751 455 1778 Meminit
466 1753 620 1790 Xenephon
631 1754 677 1782 lib.
689 1765 709 1783 1.
727 1755 888 1794 αᾸαέαίζι-ως.
913 1759 1006 1796 Qem
1017 1756 1148 1784 calamum
1158 1757 1338 1785 aromaticum
1349 1753 1466 1783 officinae
1486 1764 1584 1784 vocant
1593 1777 1600 1788 ‚
1618 1756 1690 1783 radix
1700 1756 1734 1783 est
1745 1775 1751 1786 ,
1769 1765 1824 1782 non
1835 1764 1881 1782 ca-

327 1790 421 1818 lamus.
433 1794 457 1819 8<
466 1789 574 1821 fortasse
584 1796 618 1822 est
629 1806 731 1824 acorus.
744 1806 829 1835 neque
840 1799 910 1825 enim
922 1798 1025 1825 aliunde
1036 1797 1066 1825 ad
1076 1807 1123 1825 nos
1134 1807 1213 1836 quam
1223 1807 1255 1825 ex
1268 1799 1373 1835 Europa
1382 1793 1508 1824 adfertur.
1528 1796 1660 1831 Etjuncis.
1676 1795 1808 1834 intelligit
1819 1794 1882 1830 jun-

328 1840 390 1859 cum
402 1831 555 1867 odoratum5
566 1835 610 1872 qui
621 1835 635 1862 a
647 1838 747 1864 Graeci's
759 1840 871 1875 σχοῖνὲᾓυ,
883 1838 908 1866 id
920 1839 955 1866 est
964 1838 1057 1873 juncus
1067 1848 1112 1875 per
1122 1838 1308 1865 excellentiam
1319 1837 1465 1869 dicitur‚ab
1477 1837 1604 1864 Aeruario
1614 1834 1782 1874 espzvaaeae'9&,
1796 1834 1810 1862 a
1821 1836 1883 1863 Pla-

329 1874 423 1901 teano,
437 1873 552 1901 Nicolao
562 1876 712 1913 praeposito.
725 1881 749 1904 ὃ(
762 1875 888 1910 officinis,
901 1879 1085 1916 Squinantum.
1100 1880 1142 1905 De
1153 1888 1185 1905 eo
1196 1878 1263 1905 Plin.
1275 1878 1444 1914 lib.x11.cap.
1456 1887 1497 1903 22.
1513 1875 1663 1907 Dioscorid.
1676 1875 1721 1902 lib.
1731 1885 1752 1903 1.
1768 1886 1825 1914 cap.
1840 1881 1880 1903 16.

330 1910 422 1939 Celsus
439 1911 484 1939 lib.
497 1924 533 1941 iv.
553 1917 577 1941 &
588 1925 611 1941 v.
624 1916 820 1953 vocatjuncum
830 1919 985 1946 rotundum.
1007 1917 1104 1945 Scribit
1114 1927 1204 1946 antem
1226 1918 1318 1946 Galen.
1333 1917 1378 1945 lib.
1392 1917 1425 1945 de
1436 1917 1612 1954 Hippocratis
1621 1915 1758 1945 vocabulis
1769 1937 1776 1949 ,
1795 1916 1880 1956 ipsum

328 1952 457 1991 appellare
468 1956 555 1991 σχίῖνον
568 1951 706 1990 ήΜωο-μον,
718 1956 744 1983 id
754 1958 797 1989 est,
809 1957 886 1985 suave
898 1958 1027 1985 olentem.

286 1993 321 2027 L]
343 1994 428 2020 Idem.
448 1994 548 2022 Thuris
567 1994 689 2023 arborem
701 1997 780 2024 tradit
801 1997 1049 2035 Theophr.lib.1x.
1063 1997 1131 2025 Hist.
1143 1997 1225 2036 plant.
1245 1998 1330 2036 quinis
1342 1995 1395 2025 fere
1410 1996 1506 2025 cubitis
1516 1997 1614 2024 attolli.
1633 1998 1722 2025 Solam
1741 1997 1879 2030 Arabiam,

319 2043 368 2061 nec
379 2041 470 2061 tamen
479 2034 624 2063 universam
635 2035 696 2064 thus
708 2038 824 2067 mittere,
836 2040 955 2066 auctores
966 2037 1023 2066 sunt
1036 2038 1102 2065 Plin.
1113 2038 1157 2065 lib.
1170 2048 1223 2065 xii.
1240 2048 1297 2076 cap.
1308 2048 1350 2072 14.
1364 2042 1389 2066 δε
1404 2038 1488 2066 Solin.
1498 2047 1555 2076 cap.
1567 2044 1614 2071 46.
1632 2038 1783 2067 Dioscorid.
1795 2038 1841 2066 lib.
1857 2049 1879 2065 1.

320 2083 378 2112 cap.
389 2083 436 2106 70.
447 2075 528 2103 etiam
539 2075 622 2103 Indici
632 2076 716 2104 thuris
726 2079 859 2110 meminit,
874 2082 924 2106 ἅτ.

285 2115 331 2148 Μ]
354 2117 393 2142 De
406 2115 495 2152 Pipere
506 2117 617 2155 Antiqui
629 2117 712 2146 multa
721 2116 836 2146 fabulosi
848 2119 1022 2147 tradiderunt.
1034 2119 1127 2148 melius
1135 2119 1167 2147 de
1176 2128 1209 2146 eo
1221 2119 1383 2148 recentiores
1395 2135 1402 2154 ς
1423 2119 1468 2159 qui
1480 2119 1642 2148 consulendi.
1664 2120 1711 2149 Vti
1721 2124 1746 2149 &
1757 2120 1789 2149 de
1798 2122 1878 2161 Myr-

319 2153 374 2185 rha,
384 2158 407 2182 δι’
417 2155 572 2195 Laserpitio,
582 2168 612 2185 ne
623 2157 665 2185 hic
675 2167 752 2186 notas
761 2170 913 2188 oneremus.

284 2196 326 2229 N]
349 2195 432 2223 Idem.
454 2199 495 2224 De
504 2198 535 2225 iis
550 2198 615 2226 Pliu.
628 2198 713 2226 lib.11.
725 2209 781 2238 cap.
795 2199 854 2235 10⁴3.
868 2202 906 2228 ita
916 2200 997 2228 dicit:
1023 2202 1054 2228 In
1065 2200 1173 2228 Boeotia
1181 2200 1267 2229 amnis
1277 2201 1361 2229 Melas
1372 2210 1436 2229 oves
1444 2211 1567 2240 procreat
1578 2201 1665 2242 nigras
1679 2222 1686 2235 ‚
1704 2201 1832 2241 Cephisus
1843 2213 1876 2231 ex

315 2235 411 2263 eodem
422 2236 478 2265 lacu
490 2237 624 2275 profluens
636 2239 714 2267 albas.
1313 2262 1319 2269 .

285 2276 323 2310 O]
347 2276 431 2303 Idem.
454 2278 610 2306 Callimachi
622 2279 777 2308 scholiastes
788 2277 878 2308 scribit
890 2281 1048 2309 Crathidem
1060 2281 1169 2309 fluvium
1180 2279 1231 2310 effe
1242 2282 1370 2314 Arcadiae;
1382 2282 1518 2311 Herodor.
1529 2293 1593 2311 vero
1603 2282 1649 2310 lib.
1659 2292 1680 2310 1.
1701 2282 1874 2317 Achaeorum,

317 2315 332 2344 ai
343 2326 396 2354 quo
407 2318 487 2354 quiin
501 2319 575 2346 Italia
583 2321 618 2347 est
630 2331 729 2349 nomen
741 2321 884 2358 acceperit:
907 2322 999 2360 inquo
1009 2323 1088 2350 tradit
1100 2323 1195 2350 Strabo
1215 2323 1260 2351 lib.
1272 2333 1312 2351 vr.
1327 2323 1450 2350 homines
1460 2324 1533 2351 lotos
1543 2324 1644 2352 cassatio
1653 2323 1779 2351 candidos
1791 2328 1813 2352 δε
1828 2326 1876 2353 fla-

315 2367 363 2384 vos
373 2354 454 2385 effici.
477 2358 569 2387 Vibius
586 2362 720 2399 chucster
738 2363 808 2389 aurei
825 2362 933 2390 coloris.
958 2363 1055 2390 Plinius
1065 2372 1155 2390 autem
1167 2362 1180 2391 ὲ
1191 2363 1331 2402 Theophr.
1344 2361 1430 2391 afferit
1441 2365 1585 2392 candorem
1597 2364 1681 2391 bobus
1691 2373 1719 2391 ac
1733 2365 1876 2402 pecoribus

317 2395 419 2425 faeere:
431 2399 495 2436 quin
504 2402 529 2427 ἃ
542 2399 673 2432 homines,
687 2402 773 2440 quiex
783 2412 816 2429 eo
824 2401 925 2433 bibant„
936 2403 1072 2435 candidos,
1083 2404 1269 2443 mollioresque
1279 2415 1307 2432 ac
1319 2405 1440 2443 porre&a
1451 2402 1502 2433 ess‘e
1511 2415 1598 2433 conia.
1618 2404 1746 2432 Meminit
1756 2408 1780 2433 δε
1792 2406 1876 2434 AElia-

317 2448 375 2466 nus.
391 2444 413 2466 A
425 2438 548 2467 Pausania
557 2441 583 2467 in
595 2443 692 2469 Brutiis
703 2442 861 2475 collocatur,
870 2443 903 2471 ab
914 2444 970 2471 aliis
984 2445 1009 2471 in
1020 2443 1172 2475 Calabria‚;i
1187 2446 1311 2474 Vitruvio
1321 2447 1347 2472 in
1357 2445 1481 2473 Lucania.

281 2481 317 2513 P]
338 2479 422 2507 Idem.
443 2480 473 2507 Id
483 2481 527 2512 est,
539 2482 667 2509 cineracei
677 2483 784 2514 coloris,
797 2486 821 2510 &
833 2492 861 2512 ut
873 2485 953 2512 nostri
965 2484 1112 2522 loquuntur
1125 2507 1131 2517 ,
1151 2484 1235 2524 grisea
1247 2508 1253 2518 ,
1273 2495 1301 2514 ut
1313 2485 1371 2513 Itali
1381 2485 1510 2519 beretina,
1533 2486 1625 2514 colore
1636 2487 1723 2513 mixto
1734 2496 1766 2514 ex
1776 2485 1836 2514 albo
1849 2490 1875 2515 δε

324 2517 413 2553 fusco,
425 2530 457 2548 ex
474 2522 589 2550 nominis
599 2524 739 2551 notatione
753 2534 759 2550 :
774 2523 842 2552 unde
854 2526 941 2552 acacia
958 2525 1110 2563 leucophaea
1121 2527 1219 2554 dicitur
1229 2527 1294 2555 Plin.
1304 2526 1349 2554 lib.
1360 2535 1434 2553 xxii.
1444 2536 1502 2566 cap,
1512 2537 1553 2555 10.
1564 2527 1682 2554 Martiali
1691 2528 1771 2554 etiam
1782 2528 1876 2556 leuco-

324 2560 441 2598 phaeatus
450 2560 494 2589 Iib.
511 2571 530 2588 1.
541 2563 632 2603 Epigr.
643 2563 675 2591 :id
687 2565 849 2596 Maternum,
860 2565 988 2593 cinericio
999 2566 1090 2594 colore
1102 2567 1217 2595 indutus.

284 2602 322 2636 Q]
342 2601 423 2629 Idem.
444 2601 540 2630 Strabo
559 2603 605 2631 lib.
616 2615 652 2631 iz.
673 2605 705 2632 de
715 2605 918 2633 Laodiccnfium
937 2606 1076 2644 pecoribus
1096 2607 1206 2646 loquens
1220 2607 1354 2645 ›wa->malalee
1365 2608 1448 2647 ἢςόευκ
1459 2617 1554 2641 vocat,
1575 2607 1724 2643 cujusmodi
1734 2607 1834 2637 scilicet
1843 2609 1872 2637 in

325 2642 412 2668 corvis
421 2642 591 2681 conspicitur,
601 2644 627 2672 id
637 2645 682 2677 est,
692 2647 877 2685 nigerrimum.

283 2681 320 2714 R]
342 2681 424 2709 Idem.
440 2683 537 2711 Scribit
559 2685 624 2712 Plin.
637 2686 682 2713 lib.
694 2696 729 2714 11.
744 2696 800 2725 cap.
813 2696 871 2720 ¹03·
889 2684 957 2714 rufis
977 2697 1040 2715 oves
1059 2688 1131 2720 juxta
1152 2689 1230 2717 Ilium
1251 2688 1393 2717 Xanthum
1411 2686 1517 2716 efficere
1527 2710 1533 2720 ‚
1551 2689 1620 2717 unde
1638 2694 1661 2718 ὃ(
1682 2699 1781 2717 nomen
1791 2689 1873 2716 amni.

324 2721 411 2751 Ξαωῖδς
420 2723 491 2751 enim
502 2722 590 2753 rufum
601 2726 740 2765 fignificat.
753 2728 862 2755 Aristot.
874 2727 971 2755 lib.111.
983 2728 1015 2756 de
1026 2729 1292 2757 Hirr.Aninial..-iiitor
1302 2731 1346 2761 est,
1356 2729 1544 2757 Scamandrum
1553 2740 1658 2758 amnem
1670 2730 1751 2757 flavas
1763 2731 1873 2757 reddere

321 2770 384 2805 oves
397 2763 466 2806 credi
479 2784 484 2795 ,
505 2773 534 2792 ut
552 2767 692 2795 Xanthum
705 2778 753 2806 pro
772 2769 934 2796 Scamandro
944 2778 1125 2808 nuncupatum
1137 2770 1169 2798 ab
1188 2771 1313 2798 Homero
1331 2771 1509 2798 existimatum
1522 2770 1560 2797 iit.
1582 2772 1648 2799 Vide
1659 2770 1752 2797 Claud.
1764 2771 1874 2807 Salmas]

323 2810 349 2827 in
360 2801 442 2828 Solin.
453 2813 513 2843 pag.
524 2815 586 2839 273.
598 2811 622 2834 5<
634 2817 702 2842 1155.

281 2841 311 2875 S]
334 2841 415 2869 Idem.
428 2845 580 2887 'Boccatius
592 2846 636 2874 lib.
648 2848 679 2875 de
689 2847 786 2876 sontib.
798 2849 896 2886 prodit,
911 2852 1046 2878 Anxurem
1057 2849 1162 2879 fontem
1170 2847 1222 2878 esse
1235 2851 1392 2880 Volscorum
1403 2850 1469 2879 haud
1481 2851 1563 2891 longe
1573 2850 1587 2879 ,ἰ
1602 2853 1745 2879 Terracina
1754 2874 1760 2883 ,
1778 2855 1872 2880 Anxur*

322 2883 476 2951 ante-hdic‘ta
486 2905 492 2917 ,
512 2885 597 2923 qui-ab
608 2898 639 2915 eo
649 2889 720 2926 quod
732 2890 830 2929 ignaris
840 2889 963 2918 lethalem
975 2890 1094 2920 haustum
1105 2891 1244 2931 praeberet,
1256 2892 1289 2919 ab
1300 2892 1396 2920 incolis
1407 2893 1509 2927 injeffis
1520 2892 1648 2930 lapidibus
1661 2897 1685 2920 Se
1696 2902 1765 2921 terra
1777 2893 1873 2932 opple-

323 2930 388 2950 tuse
413 2944 420 2951 .

280 2963 318 2998 T]
338 2962 421 2992 Idem.
440 2967 482 2994 De
493 2962 543 2994 hoc
554 2965 591 2994 ita
603 2967 669 2996 Plin.
680 2968 811 3000 lib.xxxt.
823 2980 882 3011 cap.
894 2981 929 2999 11.
948 2973 1050 3001 Necare
1060 2982 1138 3011 aquas
1158 2971 1350 3012 Theopompus
1362 2975 1385 3001 ἃ
1397 2971 1423 3000 in
1444 2971 1560 3001 Thracia
1571 2973 1638 3011 apud
1659 2974 1782 3014 Cychros
1793 2974 1871 3002 dicit.

1803 3015 1870 3044 Hoc
