2023 3162
525 82 1135 122 neARcriiTEc‘rvizii
1194 83 1399 123 Lii3.IX.
1689 99 1762 134 199

166 162 231 202 per
239 150 419 201 hybernas
429 151 543 188 lineas
553 180 563 196 ,
584 150 655 189 sive
663 163 727 201 per
738 151 870 189 aestivas
883 181 893 196 ,
914 151 986 189 sive
997 164 1061 203 per
1073 153 1347 202 aequinoffiales
1359 183 1368 198 ,
1388 155 1573 192 autetiam
1586 166 1650 205 per
1660 169 1762 195 men-

164 208 278 244 struas
290 233 298 247 ‚
319 209 357 244 in
367 205 652 252 subjectionibus
663 209 806 245 ratione
827 207 1001 245 horarum
1013 220 1119 247 erunt
1141 221 1185 246 ex
1205 211 1479 248 Analemmatis
1500 210 1756 253 describendae.

164 262 474 312 subjicienturque
485 264 523 300 iri
533 275 581 300 eo
594 263 717 300 multae
728 265 937 309 varietates,
951 265 987 301 &
1000 276 1133 314 genera
1145 265 1450 315 horologiorum,
1462 269 1499 304 δε
1511 266 1760 306 describentur

163 319 367 355 rationibus
379 318 433 356 his
445 318 660 356 artificiosis.
690 321 874 357 Omnium
885 331 1011 357 autem
1030 320 1233 370 figurarum
1253 321 1619 373 descriptionumque
1632 335 1758 361 earum

163 372 315 413 effeetus
327 387 433 420 unu5‚
445 374 586 412 utidies
597 376 864 424 aequinoctialis
878 405 887 421 ‚
905 376 1153 426 brumalisque
1165 408 1175 423 ‚
1195 379 1362 428 itemque
1371 380 1606 417 solstitialisin
1619 380 1759 417 duode-

165 432 241 467 cim
251 442 372 482 partes
385 431 572 479 aequaliter
583 430 625 468 fit
634 431 775 469 divisus.
810 433 914 484 Qas
925 444 980 469 res
991 445 1069 469 non
1081 435 1226 484 pigritia
1236 435 1445 475 deterritus,
1460 434 1684 486 praetermisi,
1700 434 1760 473 sed

161 497 209 523 ne
222 488 341 524 multa
354 485 547 523 scribendo
559 485 747 525 offendam
759 517 768 531 ‚
783 488 802 525 a
815 487 1019 537 quibusque
1030 490 1178 527 inventa
1189 490 1210 526 s
1204 502 1269 528 unt
1281 500 1413 541 genera
1424 491 1760 542 descriptionesque

162 540 452 592 horologiorum
466 567 473 580 ‚
493 553 694 593 exponam.
725 545 863 593 Neque
883 556 1090 582 nuncnova
1108 557 1244 594 genera
1256 548 1422 586 invenire
1433 548 1595 599 possum,
1607 559 1675 585 nec
1694 547 1756 593 [k]

163 599 280 636 aliena
297 610 366 650 pro
379 599 470 635 meis
480 598 714 647 praedicanda
724 600 904 638 videntur.
938 602 1066 650 Itaque
1077 614 1158 651 quae
1175 602 1287 640 nobis
1307 605 1438 642 tradita
1454 604 1551 645 sunt,
1575 604 1595 640 ὲ
1615 604 1752 654 quibus

164 652 234 691 fint
245 656 405 700 inventa,
417 652 550 690 dicam.

807 722 894 759 Cir
927 736 959 760 P.
1017 723 1091 760 IX.

337 811 420 863 De
432 808 805 884 Horologiornm
823 800 1012 863 rationo
1030 809 1093 868 65
1107 810 1220 887 ufir,
1243 827 1394 887 atque
1417 833 1582 866 eorum

576 891 806 935 inventione
820 920 830 936 ‚
844 887 893 938 ’ὅ
907 888 1041 955 quibus
1051 890 1331 938 inventoribus.

162 1007 252 1090 H
264 1007 292 1043 E
303 1021 333 1046 iri
345 1020 355 1047 1
365 1020 391 1047 c
403 1019 425 1047 Y
438 1020 463 1047 c
473 1020 495 1046 L
506 1019 517 1046 1
529 1021 554 1047 v
565 1021 593 1045 M
614 1018 836 1046 excavatum
857 1021 900 1046 ex
911 1010 1093 1059 quadrato
1107 1039 1117 1055 ‚
1140 1010 1185 1048 ad
1196 1011 1434 1060 enclimaque
1445 1009 1622 1048 succisum
1641 1011 1755 1048 Bero-

261 1063 315 1101 sus
327 1064 524 1103 Chaldaeus
536 1065 669 1102 dicitur
688 1065 882 1109 iuveniss'e3
914 1068 976 1112 [a]
994 1066 1152 1116 scaphen
1170 1066 1241 1103 sive
1260 1066 1556 1116 hemisphaerium
1571 1096 1581 1112 ‚
1600 1066 1757 1104 Aristar-

160 1117 251 1155 chus
266 1120 417 1157 Samius.
450 1121 553 1157 Idem
566 1122 677 1158 etiam
699 1120 841 1159 discum
863 1122 899 1158 in
912 1123 1063 1173 planitia
1076 1151 1086 1166 ,
1106 1123 1290 1160 arachnen
1310 1123 1490 1160 Eudoxus
1511 1122 1756 1172 Astrologus:

158 1177 331 1213 nonnulli
341 1176 472 1213 dicunt
481 1177 747 1227 Apollonium.
774 1177 979 1215 Plinthium
991 1178 1062 1216 sive
1080 1179 1255 1226 lacunar(
1267 1179 1373 1228 quod
1383 1180 1496 1215 etiam
1509 1180 1546 1215 in
1557 1181 1662 1216 circo
1676 1179 1756 1216 Fla-

159 1231 278 1267 minio
299 1232 349 1269 cst
365 1232 551 1282 politum)
573 1229 653 1279 [b]
673 1233 814 1283 Scopas
832 1234 1042 1282 Syracusius
1056 1263 1066 1280 ‚
1095 1230 1142 1285 [c]
1163 1232 1248 1277 περὶ
1261 1232 1302 1270 τα)
1317 1231 1497 1286 ἱςυρέμῆυοι
1509 1235 1751 1276 Parmenion,

159 1281 244 1328 vetis
257 1288 317 1323 miv
335 1290 450 1337 κλίμα.
470 1288 716 1327 Theodosius.
733 1291 771 1326 ὅ(
783 1289 965 1327 Andreas.
1003 1290 1193 1328 Patrocles
1205 1292 1404 1343 pelecinon
1416 1317 1425 1330 ‚
1450 1290 1755 1339 Dionysiodorus

161 1353 322 1381 conum,
346 1344 598 1396 Appollonius
620 1346 848 1396 pharetram.
874 1348 1019 1396 aliaque
1038 1350 1192 1396 genera,
1217 1347 1254 1384 ὃς
1272 1349 1336 1397 qui
1354 1345 1580 1398 suprascripti
1593 1347 1694 1391 sunt,
1716 1347 1755 1384 &

159 1398 219 1435 alii
232 1400 355 1449 plures
375 1403 524 1439 inventa
534 1400 778 1450 reliquerunt,
801 1404 854 1440 uti
872 1403 1107 1452 gonarchen.
1130 1414 1371 1453 erigonaton¹
1386 1403 1634 1440 antiboreum.
1655 1403 1751 1439 Item

158 1466 202 1490 ex
212 1455 266 1491 his
277 1456 471 1504 generibus
481 1457 632 1494 viatoria
645 1456 792 1508 pensilia
809 1459 864 1496 uti
882 1459 1011 1496 fierent
1023 1489 1032 1504 ‚
1050 1460 1171 1510 plures
1187 1458 1317 1510 scripta
1327 1460 1575 1508 reliquerunt:
1595 1470 1641 1497 ex
1658 1469 1752 1507 quo-

157 1511 372 1557 rumlibriS‚
394 1512 514 1562 siquis
525 1513 612 1550 velit
622 1512 866 1558 subjeffiones
885 1515 1070 1560 invenire,
1089 1517 1248 1566 poterit,
1270 1515 1484 1553 dummodo
1495 1514 1580 1552 sciat
1590 1515 1754 1551 analem-

97 1607 102 1611 ,
156 1577 280 1604 matos
293 1567 567 1620 descriptiones.
586 1569 683 1606 Item
702 1567 782 1607 sunt
795 1583 840 1609 ex
849 1582 942 1620 aqua
955 1571 1167 1620 conquisita:
1177 1572 1223 1608 ab
1235 1570 1370 1608 eisdem
1383 1571 1621 1622 scriptoribus
1633 1569 1753 1606 horo-

155 1623 347 1673 logiorum
369 1627 552 1662 rationes:
573 1626 814 1676 primumque
834 1625 898 1673 [d]
910 1627 930 1664 a
943 1627 1110 1666 Ctesibio
1120 1626 1371 1665 Alexandrino
1382 1652 1390 1666 ‚
1405 1629 1469 1676 qui
1479 1628 1592 1663 etiam
1603 1626 1749 1677 spiritus

1639 1691 1749 1717 natu-

186 1795 228 1822 Ad
239 1805 350 1824 omnem
369 1797 458 1824 Solem
466 1796 531 1824 dicit
546 1797 749 1825 accommodari
757 1796 896 1837 horologii
906 1796 1028 1834 lapirlem.
1040 1796 1072 1823 ad
1082 1796 1200 1824 aestivum
1211 1795 1372 1824 nimitum&
1383 1795 1533 1824 brumalem
1542 1814 1548 1826 ,
1571 1791 1745 1830 aequinostia-

186 1835 292 1874 lemque
302 1845 381 1875 atque
394 1837 514 1864 omnium
526 1838 664 1865 mentium.
687 1838 754 1865 Vide
765 1838 877 1865 eundem
889 1840 912 1865 δι
925 1846 985 1876 pag.
994 1843 1054 1872 650.
1220 1858 1222 1862 ,
1692 1848 1694 1851 ·

150 1878 177 1911 k]
204 1877 288 1904 ldem.
307 1877 459 1917 Benignum
469 1880 493 1905 ὅ(
504 1877 612 1915 plenum
622 1876 791 1917 ingenuiess'e
801 1878 907 1915 pudoris
918 1877 1006 1905 scribit
1018 1878 1118 1905 Plinius
1128 1877 1155 1905 in
1165 1875 1320 1916 praefatione
1331 1875 1454 1904 naturalis
1465 1874 1589 1906 historiae,
1599 1871 1688 1906 fateri.
1698 1883 1742 1912 per

183 1927 249 1954 quos
262 1915 419 1956 profeceris:
440 1917 552 1945 obnoxii
564 1928 656 1946 contra
668 1919 757 1951 animi,
768 1917 932 1956 infelicisque
941 1919 1053 1956 ingenii,
1063 1918 1223 1955 deprehendi
1235 1918 1262 1944 in
1270 1915 1343 1945 furto
1353 1917 1439 1948 malle,
1458 1925 1539 1954 quam
1549 1923 1675 1943 mutuum
1687 1915 1748 1942 red-

185 1959 255 1985 dere.
280 1958 342 1986 Inde
354 1958 422 1985 vitio
433 1958 535 1986 versum
545 1959 580 1986 est
592 1959 746 1990 Aristoteli,
759 1959 831 1998 quod
841 1968 899 1997 qua:
910 1958 943 1986 ab
951 1959 1008 1985 aliis
1018 1954 1169 1995 accepisset,
1181 1967 1290 1995 accepta
1302 1956 1381 1985 ferret
1393 1956 1502 1987 nemini,
1516 1956 1578 1994 quin
1589 1956 1688 1993 potius,
1701 1955 1748 1983 ubi

184 2007 292 2035 peccare
303 1995 469 2026 existimaffet
479 2020 486 2032 ‚
505 2000 665 2027 nominatim
676 2009 794 2037 carperet
806 2020 812 2031 ,
835 2003 859 2026 δι’
871 1998 1052 2027 inseftaretur.
1071 1998 1139 2027 lllud
1149 2008 1202 2038 ego
1215 1996 1317 2026 secutus
1326 1997 1382 2026 sum
1394 1997 1473 2025 nimis
1485 1993 1594 2025 fortaffe
1601 1998 1678 2024 anxie
1688 2016 1695 2029 ‚
1714 2005 1747 2024 ue

187 2037 275 2066 dicam
285 2037 466 2078 superstitiose.
489 2040 573 2068 Malui
585 2041 710 2068 tamenin
720 2050 779 2068 eam
790 2048 893 2078 partem
904 2049 1022 2078 peccare.

153 2089 184 2124 a]
214 2091 360 2120 Philander.
383 2094 487 2121 Genera
496 2092 703 2133 horologiorum
715 2093 891 2125 sunt‚1icut&
903 2093 1003 2130 reliqua
1012 2102 1070 2131 quae
1080 2091 1232 2131 sequuntur,
1243 2090 1334 2121 dicta}
1346 2091 1440 2132 figura.
1459 2091 1568 2131 Scaphia
1578 2090 1658 2118 tradit
1670 2091 1745 2118 Mar-
1760 2096 1823 2131 Cap,
1837 2105 1875 2123 χχ,

189 2133 274 2160 tiauus
285 2133 392 2170 Capella
403 2133 448 2159 lib.
462 2137 635 2166 Geometrm
647 2133 705 2162 vasa
714 2131 764 2162 effe
774 2134 897 2165 rotunda.
910 2143 977 2160 aerea
987 2154 994 2165 ‚
1003 2135 1030 2160 iii
1042 2133 1136 2172 quibus
1145 2134 1204 2172 styli
1216 2134 1242 2160 in
1251 2133 1343 2161 medio
1353 2131 1436 2160 fundo
1448 2132 1484 2160 sui
1495 2132 1657 2170 proceritate
1667 2130 1747 2158 hora-

186 2183 245 2201 rum
255 2173 349 2200 duftus
359 2172 551 2201 discriminant.
568 2175 736 2202 Vocabulum
747 2173 829 2211 ipsum
839 2174 937 2201 indicat
951 2183 1004 2200 nou
1014 2183 1069 2201 tam
1077 2170 1153 2201 fuiffe
1162 2173 1276 2200 rotunda
1287 2194 1295 2206 ‚
1315 2182 1394 2211 quam
1413 2172 1512 2210 scaphae
1533 2171 1750 2211 navigioliexca-

187 2224 246 2241 vam
259 2213 432 2241 lineamento.
454 2214 510 2242 Nili
519 2216 716 2242 concavitatem
727 2223 834 2241 rantum
841 2213 1012 2252 respexerint.
1025 2211 1071 2241 κη’
1081 2212 1104 2244 ἔ
1115 2211 1238 2243 adn-niu.
1254 2214 1325 2250 quod
1334 2213 1419 2240 innuit
1431 2212 1569 2240 Vitruvius
1577 2221 1640 2239 curn
1649 2213 1745 2251 inquit,

164 2279 168 2282 Δ
188 2255 238 2281 live
252 2253 475 2292 hemisphaerium,
487 2254 503 2281 si
515 2255 585 2282 idem
596 2264 708 2293 putavit.
731 2255 822 2282 Potuit
834 2263 923 2281 tamen
936 2253 961 2280 id
972 2253 1118 2293 horologii,
1130 2257 1154 2282 δε
1163 2252 1262 2291 scapha:
1274 2274 1280 2285 ‚
1293 2258 1316 2281 &
1327 2248 1655 2291 liemii'phaeriideformari
1667 2263 1746 2281 exca-

190 2295 278 2322 varivc
292 2304 440 2322 curvatura.
464 2295 531 2322 Vide
544 2296 674 2322 Lexicon.

159 2334 188 2368 h]
220 2335 315 2362 Claud.
328 2335 463 2363 Silmaiius
475 2335 500 2362 iri
512 2336 595 2362 Soliti.
605 2345 664 2375 pag.
678 2339 740 2368 636.
760 2332 906 2361 Plinthium
916 2332 965 2360 sive
974 2334 1093 2361 Lacunar
1101 2333 1131 2361 ad
1142 2332 1220 2360 horas
1230 2332 1398 2361 inveniendas
1408 2330 1497 2361 fecisse
1508 2336 1622 2371 Scopam
1633 2335 1747 2373 Syrticu-

187 2376 254 2404 fium
264 2376 353 2403 tradit.
374 2376 454 2403 Sedis
465 2376 591 2413 posterior
604 2375 762 2403 Archimede
774 2373 832 2402 fuit.
851 2376 921 2403 Nam
941 2374 1073 2411 plintliion
1092 2374 1156 2402 illud
1174 2375 1199 2401 iri
1210 2374 1283 2401 circo
1295 2375 1426 2401 ruminio
1437 2374 1551 2412 politum
1562 2372 1637 2402 fuisse
1646 2383 1743 2402 narrat.

184 2417 259 2450 cujus
270 2421 295 2445 Σκ-
307 2416 387 2444 verba
397 2417 432 2444 ira
440 2416 623 2456 distinguenda
633 2415 689 2444 sunt
700 2426 706 2443 t
734 2415 874 2443 Arachnen
884 2415 1005 2441 Eudoxio:
1015 2415 1164 2451 Astrologus
1173 2427 1181 2442 :
1202 2416 1313 2442 nonnulli
1325 2415 1413 2441 ditum
1421 2416 1590 2452 Apollonium.
1617 2414 1745 2442 plinthum

179 2457 236 2495 five
245 2461 366 2484 Lacunar
377 2478 383 2488 ‚
402 2457 470 2495 quod
478 2460 557 2484 etiam
567 2459 594 2484 in
604 2460 676 2484 Circo
687 2456 809 2483 flaminio
819 2457 854 2483 ef?
870 2454 986 2492 pofimm‚
996 2459 1082 2492 Scopas
1096 2454 1249 2493 Syracufim,
1269 2455 1324 2489 &a
1358 2455 1430 2482 Hinc
1439 2457 1519 2483 etiam
1530 2456 1582 2482 alio
1591 2455 1654 2482 loeo
1665 2457 1743 2491 Scopi-

182 2508 245 2525 nam
254 2510 271 2525 a
282 2496 407 2535 Syracusis
416 2507 504 2529 vocat.
515 2501 539 2525 δε
551 2498 645 2526 multas
656 2508 694 2526 tes
703 2498 843 2537 organicas
853 2499 876 2523 Sc
888 2497 1065 2535 gnomonicas
1078 2497 1193 2525 numeris
1205 2495 1417 2535 naturalibusque
1428 2495 1574 2524 rationibus
1585 2496 1705 2523 inventas
1715 2498 1742 2524 Sc

155 2536 159 2539 ’
192 2538 334 2577 explicatas
353 2538 432 2566 tradit
450 2535 591 2577 reliquisse.

145 2586 171 2619 c]
199 2582 239 2608 De
251 2579 288 2607 his
299 2579 357 2607 vide
367 2579 496 2611 Lexicoii,
508 2580 546 2607 uti
558 2583 581 2607 ἃ
593 2579 625 2607 de
634 2577 734 2615 Scaphc
746 2599 752 2605 .

148 2625 179 2661 d]
209 2619 355 2648 Philander.
378 2620 442 2648 Hoc
453 2620 518 2647 dicit
529 2621 609 2647 etiam
623 2620 689 2647 Plin.
701 2619 738 2646 lib
751 2627 804 2646 vii.
814 2627 871 2657 cap.
883 2627 926 2653 37.
946 2619 1117 2647 Pneumatica
1127 2627 1216 2647 :iurem
1228 2629 1344 2659 organa.
1365 2618 1434 2658 quasi
1446 2617 1517 2645 dicas
1527 2616 1650 2653 spiritalia
1662 2636 1669 2646 .
1680 2613 1738 2643 sunt

182 2661 320 2693 machina»,
332 2661 427 2699 quibus
437 2661 459 2688 vi
470 2661 546 2692 ae'ris,
558 2661 736 2699 conceptique
747 2659 861 2698 spiritus,
870 2670 935 2698 aqua
942 2659 1088 2687 extollitur.
1098 2662 1275 2699 Qaecunque
1285 2661 1366 2699 igitur
1381 2659 1450 2686 nulla
1461 2656 1597 2685 manifesta
1607 2656 1690 2689 causa,
1701 2655 1743 2684 sed

181 2702 249 2730 zie'ris
260 2702 285 2729 vi
296 2711 339 2729 aut
351 2700 417 2729 fiunt
428 2710 472 2729 aut
485 2710 629 2729 moventur
639 2722 645 2733 ,
655 2712 683 2729 ea
693 2709 763 2728 certe
772 2701 946 2739 pneumaticis
957 2701 1064 2739 organis
1075 2699 1131 2729 fieri
1142 2701 1316 2740 intelligimus
1327 2721 1333 2732 ,
1356 2700 1419 2727 licut
1431 2707 1490 2737 qua:
1500 2707 1627 2736 aquarum
1639 2697 1743 2736 expres-

184 2742 299 2770 fionibus
311 2741 378 2770 fiunt
389 2763 395 2773 ‚
406 2741 567 2780 hydraulicis
584 2742 652 2781 quasi
664 2741 752 2769 fistulis
762 2749 890 2769 contenta
900 2751 976 2780 aqua.
999 2742 1097 2768 Extant
1109 2744 1275 2778 pneumatica
1283 2741 1401 2767 Heronis
1414 2739 1592 2766 Alexandrini.
1612 2739 1678 2766 Haec
1688 2738 1739 2765 ille.

183 2783 333 2811 Cteiibium
347 2782 393 2811 sub
401 2783 549 2811 Ptolemaeo
559 2784 692 2823 Euergeta
701 2778 816 2810 floruisse
837 2782 916 2810 tradit
935 2781 1078 2809 Atlicnaeus
1094 2781 1139 2809 lib.
1155 2791 1193 2809 iv.
1218 2779 1461 2817 claud.s.2ln1afius
1473 2781 1500 2807 in
1511 2779 1593 2807 Solin.
1606 2789 1664 2819 pag.
1678 2784 1742 2812 637.

183 2823 336 2864 Horologia
347 2834 429 2862 porro
440 2823 532 2851 solaria
542 2822 633 2851 diebus
643 2832 758 2855 tantum,
771 2832 823 2850 non
833 2823 914 2850 etiam
926 2822 1047 2851 nostibus
1057 2821 1111 2850 usui
1119 2820 1234 2850 fuerunt.
1257 2822 1319 2849 ldeo
1331 2822 1412 2848 etiam
1423 2821 1526 2859 aquari-1
1536 2819 1679 2858 horologia
1696 2820 1742 2847 ha-

156 2900 160 2903 ·
187 2862 266 2891 buere
277 2885 282 2895 ,
295 2875 352 2902 qua:
366 2863 441 2892 horas
453 2865 574 2893 nostium
584 2874 658 2903 aeque
667 2864 821 2902 dierumque
830 2863 977 2891 dividerent
990 2883 997 2893 ,
1017 2873 1079 2891 cum
1087 2862 1215 2898 ejusmodi·
1227 2862 1351 2890 horarum
1365 2862 1522 2889 incrementi
1533 2870 1563 2888 ac
1575 2860 1742 2888 decrementi

183 2905 254 2931 noris
265 2907 288 2932 Sc
299 2905 402 2933 indiciis
413 2914 442 2933 ut
452 2906 478 2932 in
488 2905 632 2933 Solaribus.
658 2905 756 2932 Plinius
769 2914 775 2930 :
792 2907 880 2931 Etiam
889 2911 947 2932 tum
956 2911 1043 2931 tamen
1053 2904 1137 2931 nubilo
1152 2906 1250 2931 incerte
1263 2903 1339 2940 fueri:
1348 2902 1408 2930 hm
1417 2902 1492 2940 usque
1500 2902 1538 2928 ad
1546 2903 1692 2939 proximum
1701 2900 1743 2927 lu-

177 2944 270 2979 strum.
291 2949 363 2973 Tunc
379 2948 454 2982 Scipio
473 2945 569 2983 Nasica
580 2947 670 2982 coHega
690 2945 824 2972 Lacenatis
832 2947 930 2982 primm
939 2954 1010 2983 aqua
1017 2943 1106 2978 divisit
1125 2944 1200 2971 horas
1211 2954 1275 2983 aque
1291 2945 1397 2971 nofflum
1409 2952 1438 2970 ac
1448 2943 1555 2970 dierum.
1577 2940 1740 2969 Censorinus

150 3022 155 3026 Π
182 2984 214 3014 de
224 2985 266 3013 die
275 2986 370 3014 natali:
392 2987 490 3015 Deinde
500 2987 635 3026 aliquanto
649 2989 705 3024 pos'}
727 2984 823 3023 Naficia
842 2985 933 3023 Cevfhr
943 2995 974 3014 en:
988 2994 1058 3023 aqua
1066 2984 1131 3022 fecit
1148 2988 1292 3014 florarium
1304 3005 1310 3016 ,
1329 2983 1450 3022 &ipsimi
1470 2993 1500 3011 ex
1511 2982 1687 3057 εοηβιειιιάιφῗ
1697 2991 1742 3046 mii}

1673 3029 1713 3048 ten
