2023 3162
231 8 277 38 6ο
393 0 582 40 Lunov.
617 0 972 38 DEMONTIOSH
1002 0 1348 35 COMMENTAR.
1379 7 1437 36 DE
1465 0 1707 39 PrchRA.

230 71 367 118 scopos
377 77 530 112 vocant,
542 69 640 104 exiis
652 63 774 103 dixisse
785 63 919 101 feratur
930 73 993 101 aut
1005 64 1136 102 futurae
1147 65 1279 101 mortis
1290 75 1420 104 annos,
1435 75 1500 102 aut
1509 67 1708 115 praeteritae.
1735 64 1838 103 Tam

234 136 340 163 certo
350 124 507 160 successu
526 122 777 160 similitudines
798 118 989 170 expressit,
1010 130 1050 157 ut
1071 121 1280 157 Ptolemaeo
1301 121 1413 169 Regi,
1436 131 1627 158 cumeum
1641 123 1838 158 nominare

233 193 313 218 non
326 179 444 231 poss'et
464 180 483 216 a
500 192 581 228 quo
593 179 763 216 invitatus
775 172 944 215 venifl‘et,
966 185 1128 226 accepto
1140 175 1305 213 carbone
1318 174 1339 212 ὲ
1350 175 1486 213 foculo
1509 176 1711 225 imaginem
1726 179 1761 213 in
1775 190 1840 227 pa-
1870 202 1873 204 -

231 239 321 274 riete
335 235 569 272 delineavcrit
582 264 590 278 ‚
604 232 826 283 agnoscente
837 243 923 281 rege
936 232 1083 270 vultum
1094 232 1269 282 protinus
1280 245 1324 269 ex
1334 231 1530 268 inchoato.
1552 231 1589 269 U
1598 244 1706 277 num,
1716 234 1841 282 inquit

232 294 393 332 Plinius,
408 292 543 329 imitari
555 302 671 327 nemo
681 290 821 340 potuit,
833 286 939 336 quod
951 287 1116 325 absoluta
1135 297 1252 339 opera
1263 288 1418 325 illinibat
1438 298 1647 324 atramento
1658 290 1709 325 ita
1719 291 1838 334 tenui,

237 359 278 386 ut
296 348 332 384 id
353 348 469 398 ipsum
490 343 695 397 repercuffu
714 345 887 382 claritatis
908 344 1085 380 colorum
1103 344 1181 381 vim
1200 346 1398 388 excitaret,
1419 343 1696 393 custodiretque
1718 343 1739 380 ὲ
1763 347 1841 395 pul-

237 416 321 443 vere
333 406 369 441 &
384 402 559 442 sordibus,
576 401 622 438 ad
634 412 785 438 manum
795 400 952 437 intuenti
964 399 1118 436 demum
1133 408 1334 450 appareret.
1362 398 1434 437 Sed
1447 398 1523 435 haec
1534 399 1718 449 postrema
1729 400 1842 438 verba

233 472 311 498 non
323 459 402 496 satis
414 457 691 506 intelligo.quid
703 457 802 493 enim
814 455 889 492 hoc
901 454 965 491 fibi
978 455 1118 500 vult‚ad
1130 466 1288 492 manum
1298 456 1456 493 intuenti
1467 455 1621 492 demum
1633 457 1839 505 appareret?

235 529 316 565 qua:
330 515 482 551 demum
495 514 554 550 hic
566 514 651 550 latet
663 511 863 563 praestantia
876 541 886 557 ,
905 523 988 560 quae
999 511 1149 563 propria
1159 510 1270 548 fuerit
1290 511 1435 561 Apellis
1451 513 1461 548 ἒ
1483 512 1565 560 Ego
1579 523 1668 549 vero
1680 514 1842 560 putarim

238 572 305 608 hac
326 571 490 608 claritate
509 568 682 606 effectum
700 566 820 607 fuisse,
836 578 877 604 ut
890 579 1029 604 numen
1050 566 1244 616 quoddam
1257 577 1448 617 appareret
1466 568 1639 605 intuenti.
1655 568 1781 616 Itaque
1792 566 1843 605 fic

236 628 366 664 malim
387 627 529 676 legere,
553 624 739 662 Absoluta
758 622 1037 674 operaillinibat
1056 632 1267 660 atramento
1285 625 1335 660 ita
1346 624 1468 668 tenui,
1481 632 1521 660 ut
1531 622 1568 659 id
1581 622 1699 672 ipsum
1720 634 1842 674 reper-

238 682 340 719 cull'u
353 683 541 725 claritatis,
555 681 733 717 colorum
745 681 822 717 vim
833 681 1011 716 excitaret
1023 708 1033 724 ‚
1059 678 1337 729 custodiretque
1349 680 1368 716 a
1381 680 1545 729 pulvere,
1557 681 1594 716 ὃ(
1605 678 1786 723 sordibus,
1799 690 1842 716 ac

238 750 382 775 numen
394 738 550 774 intuenti
563 736 719 773 demum
731 745 935 786 appareret.
968 734 1137 772 Leetoris
1149 734 1227 771 esto
1238 735 1429 780 judicium.
1463 735 1583 771 Porro
1594 734 1843 784 praestantiarn

239 792 386 831 artificis
404 794 463 832 vel
475 793 549 830 hoc
561 791 872 829 unumtestabitur
884 820 894 835 ‚
911 790 1245 839 quodinchoatam
1265 791 1457 829 Venerem
1477 792 1572 828 Cois
1583 801 1700 828 nemo
1713 792 1844 827 inven-

240 859 298 886 tus
310 849 357 886 cst
368 851 432 898 qui
454 849 499 886 ad
512 848 716 899 praescripta
734 849 959 884 lineamenta
977 848 1083 896 operi
1094 845 1305 883 succederet
1318 871 1326 884 ‚
1347 856 1472 883 morte
1484 856 1669 898 praerepto
1681 858 1728 883 eo
1740 856 1841 883 ante-

239 917 354 953 quam
366 903 579 942 absolviffet.
610 903 668 940 Est
679 905 716 939 in
729 904 837 939 rebus
857 902 1027 938 humanis
1039 901 1202 950 quadam
1221 901 1370 952 prodire
1380 911 1487 939 tenus
1499 932 1510 948 ,
1528 901 1565 938 &
1583 901 1754 938 definitus
1768 914 1843 939 cre-

238 959 362 997 scendi
382 960 539 999 modus,
561 969 675 1008 quern
695 958 848 1008 Apelles
869 966 945 994 arte
963 957 1024 993 sua
1044 955 1203 994 inclusit.
1234 958 1361 1006 ltaque
1384 969 1500 994 nemo
1523 957 1651 1008 postea
1670 961 1843 997 inventus

241 1016 311 1059 est,
333 1018 524 1064 quini-tem
536 1015 759 1065 provexerit.
790 1014 906 1050 Fuere
917 1011 1043 1062 postea
1055 1013 1246 1056 nonnulli,
1270 1013 1335 1062 qui
1345 1012 1528 1050 deteriora
1539 1013 1702 1063 sequuti,
1725 1014 1845 1064 pietu-

240 1084 318 1108 ram
330 1072 374 1107 ad
385 1083 440 1108 res
459 1070 620 1107 humiles
633 1068 872 1107 revocando,
893 1068 1041 1105 laudem
1058 1078 1185 1105 tamen
1204 1069 1240 1104 in
1254 1079 1302 1105 eo
1313 1080 1449 1117 genere
1469 1079 1695 1107 meruerunt.
1711 1081 1754 1107 ex
1765 1071 1844 1119 qui-

241 1127 309 1164 bus
321 1126 390 1164 fuit
403 1127 584 1174 Pyr-ciens,
597 1126 660 1174 qui
672 1124 884 1168 tonstrinas,
897 1123 933 1160 ὃς
945 1122 1096 1161 sutrinas
1118 1125 1235 1175 pinxit
1247 1149 1255 1162 ‚
1279 1123 1409 1162 asellos
1424 1153 1434 1169 ‚
1445 1124 1619 1175 opsonia,
1647 1124 1684 1161 ὃ(
1697 1124 1822 1163 similia
1835 1154 1843 1162 .

241 1183 428 1220 Laudatus
439 1182 509 1219 fuit
520 1183 555 1218 ὃ(
568 1181 709 1218 Ludius
721 1182 810 1218 Divi
824 1179 979 1228 Augusti
991 1190 1109 1218 aetate.
1126 1180 1201 1216 Hic
1212 1180 1367 1229 primus,
1384 1181 1504 1230 inquit
1518 1180 1671 1220 Plinius,
1692 1181 1847 1218 instituit

244 1236 430 1281 amoenissi
439 1249 535 1275 mam
546 1238 727 1288 parietum
739 1237 939 1287 pifiiuram,
954 1236 1058 1275 villas
1070 1265 1080 1282 ‚
1094 1238 1130 1273 δε
1143 1237 1332 1288 porticus,
1347 1247 1389 1273 ac
1403 1237 1558 1286 topiaria
1571 1247 1686 1286 opera
1699 1262 1707 1276 ,
1723 1238 1846 1281 lucos,

245 1306 423 1339 nemora,
446 1294 584 1337 colles,
600 1292 754 1344 piscinas
767 1322 777 1338 ‚
797 1293 948 1342 euripos
961 1321 971 1337 ‚
993 1303 1141 1332 amnes,
1161 1293 1303 1331 littora,
1327 1292 1447 1340 qualia
1462 1293 1545 1341 quis
1556 1302 1710 1342 optaret.
1733 1294 1849 1330 varias

242 1349 293 1386 ibi
305 1349 631 1387 obambulantium
643 1348 780 1400 species
792 1378 801 1393 ,
827 1357 890 1385 aut
904 1349 1165 1397 navigantium,
1183 1357 1354 1398 terraque
1370 1348 1472 1385 villas
1493 1347 1709 1385 adeuntium
1720 1348 1848 1393 asellis,

246 1415 308 1442 aut
318 1406 510 1444 vehiculis.
541 1406 638 1442 Item
658 1407 855 1457 piscante5‚
877 1404 1172 1454 aucupantesque
1185 1432 1195 1448 ‚
1218 1414 1280 1441 aut
1296 1414 1473 1443 venantes
1485 1432 1496 1448 ‚
1515 1414 1577 1441 aut
1595 1405 1707 1441 etiam
1720 1404 1849 1443 vinde-

244 1462 411 1499 miantes.
449 1462 540 1498 Sunt
551 1462 587 1497 in
600 1462 673 1506 ejus
684 1460 957 1510 exemplaribus
976 1461 1120 1497 nobiles
1134 1458 1285 1511 palustri
1297 1459 1438 1497 accefl‘u
1451 1459 1545 1498 villae
1560 1457 1849 1498 succollantium

244 1517 380 1566 specie:
402 1518 572 1554 mulieres
584 1516 747 1554 labantes
766 1515 990 1566 trepidaeque
1002 1515 1178 1553 feruntur.
1214 1516 1385 1553 Plurimae
1397 1525 1572 1566 praeterea
1584 1516 1673 1553 tales
1685 1518 1846 1566 argutiae,

245 1572 564 1610 facetissimisales.
593 1572 776 1621 Idemque
787 1571 1010 1609 subdialibus
1030 1573 1233 1609 maritimas
1253 1572 1360 1609 urbes
1378 1574 1530 1621 pingere
1550 1570 1720 1611 instituit,
1744 1572 1849 1609 blan-

248 1627 398 1665 dissimo
410 1627 551 1678 aspestu
565 1658 574 1673 ,
595 1630 832 1677 minimoque
844 1628 1050 1678 impendio.
1083 1628 1156 1665 Sed
1175 1628 1273 1665 nulla
1285 1628 1404 1678 gloria
1422 1626 1605 1665 artificum
1618 1627 1685 1669 est,
1707 1626 1772 1664 nisi
1784 1639 1851 1665 eo-

248 1696 332 1721 rum
351 1686 414 1733 qui
434 1684 578 1721 tabulas
596 1686 766 1734 pinxere:
791 1696 914 1732 eoque
926 1682 1172 1721 venerabilior
1190 1693 1339 1734 apparet
1349 1684 1562 1733 antiquitas.
1594 1683 1687 1720 Haec
1698 1684 1847 1721 Plinius.

250 1740 437 1777 Caeterum
451 1752 531 1777 non
551 1741 726 1790 exemplis
743 1739 1079 1777 tantumillustratae
1098 1739 1252 1776 fuerunt
1272 1738 1328 1778 hae
1349 1737 1589 1777 nobilissima:
1603 1748 1719 1784 artes,
1740 1737 1847 1776 sed&

251 1795 445 1832 clai-illimo
452 1808 532 1832 rum
546 1797 716 1833 virorum
728 1795 876 1846 scriptis.
891 1796 943 1832 Ex
955 1795 1096 1833 Latinis
1106 1794 1315 1847 scripserant
1327 1795 1493 1840 Atticm,
1509 1797 1548 1833 ὃ(
1562 1797 1693 1834 Varro.
1705 1794 1767 1831 hic
1779 1805 1848 1830 no-

249 1851 410 1887 minibus
429 1851 749 1901 septingentorum
762 1851 950 1889 artificum
970 1851 1108 1889 insertis
1118 1851 1186 1888 suis
1204 1851 1475 1890 voluminibus.
1502 1851 1556 1887 Ex
1579 1850 1718 1886 Graecis
1738 1849 1848 1886 Anti-

252 1908 427 1953 gonus‚&
442 1907 691 1950 Xenocrates,
702 1907 739 1943 δε
752 1907 917 1944 Pasiteles
929 1907 1051 1952 fi&or‚
1062 1909 1228 1956 quinque
1239 1907 1345 1943 editis
1355 1908 1455 1944 libris
1465 1905 1655 1942 nobilium
1669 1917 1839 1954 operum,

364 1972 447 2009 quoe
460 1959 568 1996 ess'ent
577 1971 663 1996 toto
674 1962 777 1998 orbe.
798 1962 1019 2010 Euphranor
1032 1963 1199 1999 Isthmius
1210 1962 1330 2010 pie‘tor
1342 1960 1555 2011 composuit
1566 1960 1679 1996 libros
1689 1960 1734 1997 de

438 2014 657 2064 symmetria,
673 2017 710 2053 &
724 2017 768 2052 dc
781 2016 985 2052 coloribus.
1017 2016 1170 2067 Apelles
1182 2017 1298 2052 libros
1318 2015 1432 2053 edidit
1444 2015 1487 2051 de
1499 2016 1561 2052 sua
1571 2025 1659 2055 arte,

534 2071 669 2120 quibus
680 2071 807 2107 saltem
818 2071 889 2106 fata
899 2082 1046 2119 parcere
1059 2071 1276 2108 debuerant,
1298 2080 1358 2108 tot
1368 2071 1446 2108 aliis
1457 2071 1567 2108 nobi-

755 2124 1342 2177 fibusQusopenbusabssnnpns

863 2283 1224 2315 FINIS.

1686 2757 1782 2794 CLA
1798 2770 1843 2794 υ-
