2023 3162
272 47 345 79 216
668 42 1512 85 NLVt-rxuvirPottionis

274 110 405 147 medio
418 109 785 155 cent1‘0‚brcvi0rcm
799 109 924 148 efficit,
940 113 977 147 ἃ
991 111 1143 148 alteram
1155 112 1379 162 longiorem,
1396 126 1436 150 ea
1448 116 1589 153 ratione
1601 146 1609 160 ,
1623 116 1644 154 si
1657 130 1720 169 fer
1732 119 1765 155 id
1778 131 1861 156 cen-

276 174 396 212 trum,
418 178 496 215 quo
509 168 583 203 loci
598 167 818 216 perductum
834 166 1033 205 cstlorum,
1057 178 1212 215 utraque
1232 170 1350 218 capita
1373 171 1689 221 circumagentur‚
1712 176 1864 224 longior

272 233 354 272 pars
366 224 600 271 ampliorem,
618 223 766 259 brevior
778 223 967 258 minorem
979 232 1061 270 aget
1074 224 1373 262 circinationem.
1402 227 1444 263 Et
1459 228 1778 274 quemadmodum
1796 234 1862 267 uxi-

270 290 382 314 nores
396 289 484 314 rorte
498 278 661 314 duriores
677 279 713 314 &
727 274 955 314 difficiliores
970 276 1105 314 habent
1118 279 1311 316 motus1sic
1322 280 1564 330 phalanga&
1579 285 1717 331 juga,in
1729 287 1861 334 quibus

269 334 435 384 partibus
448 333 581 369 habent
594 334 737 368 minora
748 331 792 368 ab
805 343 937 369 centro
948 333 993 369 ad
1004 335 1124 383 capita
1134 336 1513 386 intervalla,premunt
1524 339 1660 374 duriter
1669 342 1822 390 colla1qt
1834 356 1861 378 a:

272 400 400 425 autem
414 389 581 437 longiora
594 386 728 425 liabent
740 389 785 424 ab
799 389 935 425 eodem
951 400 1084 426 centro
1094 390 1203 440 spatia
1216 419 1225 434 ‚
1252 393 1378 429 levant
1391 393 1568 429 oneribus
1589 394 1812 434 extrahentes
1824 399 1860 434 δε

271 445 441 482 ferentes.
478 443 579 480 Cum
594 443 670 480 hoec
684 445 731 480 ira
743 443 787 479 ad
801 454 971 481 centrum
984 447 1277 494 porredionibus
1289 448 1326 483 ὃ(
1341 449 1644 485 circinationibus
1655 456 1856 500 receperint

273 511 413 546 motus,
428 509 508 534 tum
519 510 608 535 vero
621 500 732 536 etiam
744 498 890 548 plostra,
903 499 1036 545 rhedae,
1047 512 1233 552 tympana,
1246 514 1350 541 rorte.
1366 503 1546 548 cochlcae‚
1562 503 1784 553 scorpiones,
1797 509 1860 546 ba-

269 555 367 597 listae,
378 555 709 603 prela,caeter„rque
722 555 1042 599 machinae‚iisdem
1055 559 1255 595 rationibus
1269 570 1331 607 per
1344 559 1556 608 porrestum
1570 571 1738 597 centrum
1751 563 1786 598 ὃ(
1799 575 1854 600 ro-

270 612 452 648 tationem
465 611 592 648 circini
605 610 760 655 versatae,
771 609 911 648 faciunt
924 612 968 648 ad
979 613 1214 664 propositum
1225 612 1386 652 effectus

914 703 947 740 C
980 714 1005 740 A
1035 714 1065 740 1⁷.
1124 704 1198 741 IX.

331 767 414 819 De
428 785 718 840 organomm
730 767 801 819 ad
809 786 995 844 aquam
1011 767 1601 846 hauriendamgeneribm,
1616 769 1678 828 Εἴ
1692 776 1792 845 pri-

868 864 971 891 mum
988 846 1031 891 de
1055 862 1249 912 tympano,

267 932 455 1016 NUNc
474 933 519 971 de
531 936 693 983 organis,
705 946 784 983 quae
798 933 840 971 ad
853 933 1098 972 liaui‘Icndum
1111 947 1244 985 aquam
1255 937 1400 973 inventa
1413 936 1509 980 sunt,
1524 935 1854 986 quemadmodum

359 990 462 1026 variis
474 990 668 1038 generibus
684 1001 950 1039 comparentur
963 1018 972 1034 ‚
993 1003 1201 1040 exponam:
1225 994 1260 1029 ὅ(
1274 994 1436 1041 primum
1451 993 1570 1029 dicam
1583 993 1626 1028 de
1642 990 1696 1038 [a]
1715 1003 1857 1041 tympa-

264 1055 337 1080 no:
364 1045 406 1081 Id
418 1056 544 1081 autem
562 1057 638 1082 non
651 1046 724 1082 alte
744 1046 1009 1095 tollitaquam,
1033 1046 1091 1082 sed
1111 1046 1274 1084 exhaurit
1295 1046 1562 1098 expeditissime
1576 1048 1857 1084 multitudinem

265 1109 452 1147 magnam.
474 1101 530 1137 Pit
542 1103 616 1137 axis
630 1100 674 1137 ad
685 1111 835 1137 tornum
846 1111 906 1138 aut
920 1099 979 1146 [b]
992 1103 1173 1139 circinum
1187 1102 1394 1147 fabricatus,
1407 1104 1589 1153 capitibus
1600 1104 1735 1140 lamina
1749 1103 1856 1140 ferra-

263 1154 309 1190 tis
324 1183 332 1199 ‚
344 1155 481 1192 habens
493 1157 529 1192 in
551 1156 677 1193 medio
690 1159 787 1194 circa
801 1157 833 1194 se
845 1167 1064 1207 tympanum
1076 1171 1118 1196 cx
1132 1157 1370 1196 tabulisinter
1380 1159 1412 1195 se
1425 1161 1713 1208 coagmentatis:
1734 1160 1858 1196 collo-

266 1220 446 1260 caturque
466 1213 502 1247 in
521 1211 700 1261 ssipitibus
724 1212 947 1250 habentibus
966 1215 1003 1250 in
1013 1212 1046 1249 se
1066 1214 1128 1250 sub
1150 1215 1269 1264 capite
1288 1215 1361 1252 axis
1381 1213 1511 1252 ferreas
1531 1216 1698 1252 laminas.
1730 1215 1767 1251 ln
1780 1216 1859 1260 ejus

268 1267 436 1316 tympani
449 1279 543 1304 cavo
564 1271 857 1318 interponuntur
877 1268 967 1305 octo
980 1269 1110 1307 tabulae
1121 1269 1322 1308 transvetsae
1335 1298 1344 1313 ‚
1368 1280 1559 1318 tangentes
1572 1281 1681 1307 axem
1693 1272 1728 1307 ὅ(
1742 1280 1858 1306 extre-

267 1333 371 1358 mam
383 1324 549 1373 tympani
563 1325 924 1374 circuitionenrquae
935 1325 1103 1362 dividunt
1114 1326 1265 1374 aequalia
1275 1328 1310 1362 in
1322 1335 1500 1375 tympano
1511 1324 1749 1375 spatia.Circa
1758 1324 1857 1362 fron-

269 1387 348 1413 tem
362 1376 437 1420 ejus
449 1378 616 1427 figuntur
625 1380 755 1417 rabulae
768 1409 777 1425 ,
800 1381 930 1418 relictis
942 1380 1221 1430 semipedalibus
1234 1383 1409 1432 aperturis
1422 1382 1466 1418 ad
1479 1393 1613 1430 aquam
1626 1382 1718 1419 intra
1731 1382 1860 1418 conci-

269 1432 456 1482 piendam.
474 1436 570 1472 Item
582 1435 786 1474 sccundum
797 1448 902 1474 axem
918 1432 966 1488 [c]
981 1437 1212 1474 columbaria
1223 1436 1333 1481 fiunt,
1344 1448 1519 1476 excavata
1532 1438 1569 1473 in
1584 1436 1729 1487 lingulis
1739 1436 1858 1486 spatiis

272 1499 316 1523 ex
330 1500 402 1525 una
414 1501 524 1540 parte.
554 1492 594 1528 Id
606 1502 731 1529 autem
743 1504 831 1530 cum
841 1492 889 1529 est
903 1491 968 1539 [d]
983 1493 1102 1530 navali
1115 1495 1259 1531 ratione
1269 1495 1446 1544 picatum,
1460 1493 1676 1531 hominibus
1688 1493 1859 1530 calcanti-

273 1542 342 1581 bus
355 1544 524 1591 versatur‚
537 1548 572 1585 &
587 1546 791 1585 hauriendo
802 1560 936 1597 aquam
949 1561 1012 1600 per
1021 1557 1203 1599 aperturas
1216 1580 1224 1595 ‚
1244 1562 1324 1598 quae
1337 1550 1464 1587 suntin
1478 1549 1663 1587 frontibus
1676 1549 1856 1599 tympani,

270 1600 392 1637 reddit
403 1613 486 1639 eam
499 1614 562 1654 per
573 1604 804 1641 columbaria
813 1604 1015 1642 secundum
1026 1616 1144 1642 axem.
1174 1608 1224 1643 lta
1234 1605 1420 1657 suppofito
1431 1605 1536 1642 labro
1548 1605 1685 1654 ligneo,
1701 1604 1859 1641 habente

270 1667 342 1692 una
354 1656 479 1695 secum
492 1659 736 1705 conjunctum
749 1661 970 1701 canalem&
984 1661 1100 1698 hortis
1111 1661 1157 1698 ad
1168 1662 1402 1711 irrigandum,
1416 1661 1451 1698 ἃ
1464 1661 1581 1699 salinis
1593 1660 1637 1697 ad
1649 1670 1856 1711 temperan-

268 1710 358 1748 dum
372 1714 555 1762 praebctur
566 1727 670 1764 aquae
681 1716 896 1754 multitudo.
930 1717 1034 1754 Cum
1050 1728 1175 1754 autem
1185 1719 1291 1755 altius
1301 1717 1558 1754 extollendum
1569 1718 1650 1756 erit,
1662 1716 1794 1753 eadem
1803 1727 1857 1751 ra-

270 1769 326 1803 tio
337 1771 631 1807 commutabitur
642 1771 701 1808 lic.
732 1772 839 1809 Rota
850 1771 915 1810 fiet
927 1773 1067 1810 circum
1078 1784 1186 1810 axem
1196 1773 1326 1811 eadem
1339 1773 1593 1822 magnitudine
1604 1801 1614 1817 ‚
1633 1782 1673 1809 ut
1682 1771 1725 1808 ad
1735 1770 1856 1808 altitu-

270 1821 410 1866 dinem,
421 1837 492 1872 qua
504 1837 598 1874 opus
609 1826 727 1867 fuerit,
742 1829 942 1865 convenite
954 1827 1074 1879 possit,
1105 1829 1262 1866 Circum
1276 1840 1484 1866 extremum
1497 1829 1589 1864 latus
1601 1837 1688 1863 rotae
1700 1825 1857 1874 figentur

271 1877 432 1914 modioli
445 1880 710 1930 quadrati,pice
724 1886 760 1920 ὃ(
774 1895 856 1921 cera
865 1884 1018 1922 solidati.
1031 1886 1082 1920 lta
1095 1895 1179 1921 cum
1192 1895 1272 1922 rota
1282 1884 1300 1920 a
1314 1885 1538 1921 calcantibus
1550 1881 1760 1925 versabitur,
1773 1891 1855 1917 mo-

270 1932 361 1969 dioli
374 1934 475 1983 pleni
486 1935 530 1970 ad
541 1935 722 1973 summum
735 1939 833 1981 elati,
845 1940 960 1975 rursus
972 1939 1017 1975 ad
1029 1940 1149 1975 imum
1162 1949 1394 1982 revertentes,
1406 1937 1598 1975 infundent
1610 1938 1646 1973 in
1659 1939 1716 1982 [e]
1732 1935 1856 1973 castel-

268 1988 350 2025 lum
364 1988 425 2038 ipsi
436 2001 499 2039 per
510 1989 554 2028 se,
573 1991 677 2039 quod
688 1994 908 2030 extulerunt.
938 1993 1002 2029 Sin
1014 2002 1138 2029 autem
1151 1995 1265 2042 magis
1280 1995 1360 2030 altis
1371 1994 1463 2029 locis
1475 1993 1542 2029 erit
1553 1991 1807 2042 praebendum,
1819 1993 1856 2027 in

268 2043 431 2086 ejusdem
443 2055 534 2082 rotae
548 2057 615 2083 axe
628 2048 795 2084 involuta
807 2047 942 2097 duplex
954 2047 1069 2084 ferrea
1081 2058 1220 2088 catena,
1235 2047 1457 2097 demissaque
1470 2048 1514 2085 ad
1529 2049 1649 2086 imum
1660 2049 1859 2084 libramen-

269 2108 352 2136 tum
364 2101 768 2145 collocabitur-‚habens
780 2102 904 2140 fitulos
917 2103 1118 2153 pendentes
1133 2116 1248 2141 areos
1261 2105 1526 2154 congiales.1ta
1537 2102 1688 2140 versatio
1700 2114 1787 2140 rotae
1800 2114 1857 2138 ca-

269 2163 395 2192 tenam
406 2157 443 2192 in
455 2166 563 2193 axem
573 2158 808 2195 involvendo
821 2188 830 2202 ‚
852 2157 955 2195 effert
967 2158 1094 2195 situlos
1107 2160 1143 2195 in
1158 2159 1353 2197 summum,
1369 2161 1433 2209 qui
1447 2171 1533 2196 cum
1545 2159 1647 2210 super
1659 2171 1767 2197 axem
1778 2170 1858 2208 per-

268 2210 459 2251 vehentur,
475 2222 660 2262 cogentur
669 2215 810 2252 inverti,
823 2216 859 2251 &
871 2214 1062 2251 infundere
1073 2215 1110 2250 in
1124 2215 1314 2253 castellum
1325 2216 1362 2252 id
1372 2228 1490 2265 aquae,
1499 2215 1603 2264 quod
1614 2216 1830 2252 extulerunt.

1731 2269 1761 2300 C
1776 2282 1795 2300 Α
1819 2278 1853 2300 P.

268 2349 298 2381 a]
329 2347 475 2374 Pliilander.
497 2350 670 2387 Tympanum
682 2349 732 2378 hoc
745 2351 807 2379 loco
818 2351 980 2379 liaussorium
992 2353 1026 2380 est
1038 2362 1160 2392 organon
1170 2373 1176 2385 ‚
1186 2353 1256 2392 quod
1266 2363 1350 2393 genus
1362 2352 1462 2382 haustra
1473 2351 1611 2382 Lucretius
1619 2350 1688 2380 libro
1698 2352 1794 2391 quinto
1805 2360 1857 2380 vo·-

307 2397 377 2415 cavir
388 2409 394 2420 ,
410 2397 472 2415 cum
481 2397 516 2415 ait
529 2409 535 2421 ,

651 2435 682 2457 I't
694 2430 791 2469 fluvios
809 2433 913 2468 verfizre
930 2441 1014 2462 rotas,
1034 2441 1112 2472 atque
1132 2432 1252 2468 haustra,
1272 2433 1401 2462 videmus.

310 2469 380 2496 Nam
397 2468 428 2496 de
438 2476 567 2506 tympano
579 2470 698 2497 machina
709 2474 832 2501 tractoria
842 2475 896 2501 dixi
905 2473 978 2512 supra
990 2475 1076 2512 capite
1086 2483 1190 2511 quarto.

267 2508 296 2544 lu]
329 2510 410 2536 ldem.
436 2510 513 2536 Deest
524 2511 672 2547 praepolirio
684 2513 713 2539 ad
726 2533 732 2542 ,
754 2517 777 2540 3<
790 2512 956 2542 scribendum
968 2512 1119 2542 fabricatus.
1145 2515 1265 2542 Priorem
1281 2513 1435 2553 scripturam
1447 2515 1531 2554 magis
1551 2512 1646 2552 probo·
1669 2513 1713 2540 Est
1721 2521 1810 2540 autem
1821 2511 1855 2539 ³²1

307 2550 438 2577 circinum
448 2547 580 2582 fabricari,
591 2550 615 2577 id
626 2552 697 2588 quod
711 2562 773 2580 mox
785 2555 870 2591 capite
881 2555 1026 2582 undecimo
1035 2555 1110 2586 dicit,
1121 2554 1153 2581 ad
1162 2556 1291 2582 circinum
1302 2556 1448 2583 rotundari.
1467 2556 1515 2583 Sed
1525 2555 1594 2593 quod
1604 2553 1633 2582 fit
1643 2554 1673 2581 ad
1685 2562 1803 2584 tornum,
1814 2552 1856 2579 di-

307 2591 345 2617 cit
356 2600 387 2617 ex
400 2599 481 2617 torno
494 2589 586 2629 subigi.
599 2592 668 2618 unde
678 2594 764 2629 capite
783 2595 925 2622 undecimo
937 2616 942 2626 ,
962 2593 1077 2623 fundulis
1088 2595 1286 2624 ambulatilibus
1303 2606 1333 2623 ex
1345 2605 1426 2623 torno
1445 2596 1576 2624 subtiliter
1589 2594 1714 2622 subactis:
1735 2597 1759 2621 ἃ
1771 2592 1850 2630 paulo

308 2631 374 2667 post,
388 2633 416 2657 ln
426 2630 522 2669 quibus
531 2641 589 2658 axes
601 2630 658 2659 sunt
670 2642 700 2659 ex
712 2641 792 2660 torno
802 2633 908 2662 subisti.
935 2635 1075 2663 Circinum
1088 2645 1177 2663 autem
1197 2637 1284 2663 Graeci
1299 2634 1428 2674 ‚zjg-e‘iarbas
1440 2638 1542 2664 dicunt.
1566 2634 1750 2673 Aristophanes
1769 2635 1794 2660 iu
1804 2643 1852 2660 nu-

308 2670 394 2701 bibus,
407 2670 514 2706 ,ριζμψσις
524 2670 657 2705 ἐξελίσνέν.
668 2671 719 2700 εἷπε
731 2672 858 2711 ,ζ’ρέίτθω
869 2674 960 2705 >tac-{Zia
969 2676 994 2703 id
1004 2677 1048 2707 est.
1061 2685 1123 2703 cum
1132 2675 1277 2705 obeliscum
1289 2672 1427 2710 curvasset,
1439 2687 1502 2705 mox
1513 2676 1645 2704 circinum
1656 2675 1770 2712 capiens.

269 2711 294 2743 c]
334 2712 415 2739 ldem.
440 2714 480 2739 De
493 2711 554 2739 lusa
566 2721 607 2740 me
619 2714 747 2740 traditum
758 2715 790 2742 cst
804 2714 849 2742 hb.
863 2726 899 2742 ivr
912 2725 969 2754 cap.
980 2726 1014 2743 ιι.
1038 2716 1100 2744 Vide
1111 2719 1226 2744 Lexicon.

267 2749 298 2784 d]
326 2750 409 2778 Idm.
432 2755 545 2790 Apparet
555 2763 586 2780 ex
598 2753 764 2785 Dioscoride.
775 2759 797 2782 ἃ
811 2756 903 2785 Plinio.
914 2766 976 2783 cum
987 2767 1065 2784 naves
1074 2757 1270 2795 oppicarentur,
1280 2755 1355 2785 fuisse
1367 2766 1465 2785 ceram.
1479 2757 1526 2784 Ille
1535 2757 1605 2782 enim
1617 2753 1675 2782 libri
1687 2754 1797 2791 primic.
1810 2758 1852 2782 Sz⁴

311 2789 354 2817 liic
365 2801 419 2829 cap.
432 2802 467 2819 ιι.
481 2793 558 2819 libro.
572 2793 898 2834 xvim-strunt.zopissam
910 2798 999 2825 vocari
1011 2796 1126 2825 derasam
1137 2797 1246 2827 navibus
1259 2798 1397 2826 maritimis
1408 2799 1495 2836 picem
1504 2805 1565 2824 cum
1576 2804 1645 2823 cera.
1666 2796 1701 2822 {za
1714 2804 1777 2822 vcro
1789 2795 1854 2821 lori-

314 2831 384 2857 catio
395 2831 474 2859 liebat
486 2833 515 2860 ad
527 2835 632 2861 navium
645 2836 766 2862 rutel-im.

267 2871 293 2904 e]
329 2871 410 2898 ldem.
434 2873 576 2900 Castellum
587 2873 632 2901 hic
653 2877 811 2914 interpretor
824 2873 1006 2905 iiiiiiiiffiriuni
1019 2899 1026 2909 ,
1046 2877 1097 2905 five
1107 2878 1330 2918 conceptaculum
1341 2887 1414 2917 aquae
1433 2885 1564 2915 tympano
1580 2884 1683 2914 organo
1694 2873 1788 2902 lzaullae
1800 2896 1806 2907 ,
1824 2885 1856 2903 cx

306 2921 361 2949 quo
370 2912 482 2940 derivari
491 2911 569 2951 possit
579 2925 624 2952 per
635 2917 747 2949 curiles,
756 2926 798 2945 aut
808 2917 896 2948 rubos,
908 2919 933 2945 in
945 2920 1044 2957 quasvis
1054 2918 1121 2946 loca.
1807 2956 1814 2983 ¹

1737 2958 1766 2990 a]
1788 2958 1803 2984 P
1815 2956 1849 2984 η’-
