2023 3162
281 158 351 189 1os
691 143 1516 183 DESIGNIFICATIONE

275 214 460 256 vaduam,
474 215 511 253 in
523 211 752 269 apertionibus
764 206 808 252 ά
819 210 894 249 aliis
904 209 1000 249 rebus
1011 208 1090 262 :fid
1105 207 1165 247 hoc
1184 208 1351 263 diffi’runt
1362 239 1373 256 ,
1391 209 1480 262 quod
1495 207 1671 248 rectarum
1680 209 1806 265 scapus
1817 212 1861 264 cst

269 252 442 325 ⁸ianquam
459 271 547 308 linea
560 266 760 321 transverstz
775 265 800 304 ὰ
809 265 953 318 stamma
968 262 1163 316 cocfflztione
1181 267 1226 302 ad
1237 264 1336 318 plani
1354 263 1517 316 reccffitm
1530 267 1699 317 projesta,
1715 277 1755 304 ut
1771 266 1863 305 linea

274 327 459 382 diagonios,
472 322 755 378 vellaypotemcfiz.
788 319 953 360 Cochlza'is
970 335 1055 358 vero
1068 320 1188 374 scriptis
1201 324 1251 358 eft
1261 319 1306 357 ad
1317 319 1602 373 perpendiculum
1619 321 1787 360 collocatus
1798 318 1863 368 ,ά

274 385 365 421 circa
383 397 460 420 cmn
470 393 634 434 tanquam
651 381 740 417 circa
759 391 861 416 axem
874 375 1006 430 gradus
1018 386 1209 430 ponuntur.
1230 377 1352 427 Atqui
1363 378 1582 416 Vitruvium
1593 377 1733 426 Scapos
1743 378 1863 417 Scala-

278 452 366 477 rum
378 469 387 484 ‚
408 440 539 487 stylum
551 463 559 475 ‚
581 436 744 472 animam
757 464 768 480 ‚
789 434 851 471 seu
869 443 1072 471 antennam
1085 459 1093 473 ,
1116 444 1230 482 quam
1242 433 1356 470 nostri
1374 434 1484 470 etiam
1496 429 1622 481 Fufiam
1632 431 1772 478 dicunt,
1785 446 1863 473 non

280 493 473 546 appellass'e
487 522 496 536 ‚
514 504 558 529 ex
577 490 738 538 ejusdem
759 489 877 527 verbis
895 490 1030 538 liquet.
1063 500 1146 525 cam
1165 499 1308 539 partem
1328 499 1493 537 namque
1512 499 1560 523 eo
1580 488 1737 524 nomine
1757 489 1865 536 dixit,

281 549 530 600 quaesubjcsta
548 547 679 596 gradus
697 545 792 596 ipsos
804 544 966 589 sustinet,
991 556 1055 596 per
1075 556 1207 593 quam,
1227 546 1381 592 inquam
1394 569 1402 582 ‚
1423 542 1867 582 descendentes&ascen—

282 607 411 643 dentes
422 604 652 654 gradiuntur.
683 602 873 640 Caeterum
885 600 989 650 quod
998 600 1130 650 spectat
1140 599 1186 636 ad
1196 599 1385 638 cochlides
1395 609 1529 637 vacuas
1542 627 1552 642 ‚
1563 599 1638 636 hoc
1650 598 1699 636 est
1710 627 1720 643 ‚
1733 599 1865 649 absque

281 662 388 709 stle‚
406 660 589 697 mirabiles
601 658 690 694 duas
700 658 825 695 videre
835 657 886 695 est
903 659 941 693 in
959 657 1043 694 aula
1053 655 1256 696 Urbinate‚
1280 667 1344 705 per
1355 666 1446 705 quas
1465 654 1510 691 ad
1530 652 1690 692 summas
1710 655 1789 691 illas
1810 668 1868 694 ro-

282 716 413 755 tundas
439 726 553 753 turres
574 712 834 752 conscenditur
853 742 864 758 ‚
894 724 984 763 quas
1001 712 1207 752 turrianos,
1241 710 1342 761 quasi
1360 721 1486 762 parvas
1506 720 1641 751 turres,
1674 710 1787 748 nostri
1806 723 1869 763 ap-

281 773 434 823 pellant.

337 828 361 864 S
373 840 398 866 c
412 841 428 863 E
440 838 467 864 N
477 837 515 864 A.
545 827 667 865 Lib.v.
679 837 759 875 cap.
774 828 809 862 6.
838 829 896 860 Ex
905 821 956 861 his
965 823 1120 876 trigamia
1134 825 1228 872 cujus
1238 821 1326 860 latus
1327 820 1445 874 fuerit
1449 823 1653 874 proximum
1661 827 1785 867 seem,
1797 820 1870 867 &a

284 883 440 921 Baldus:
473 882 627 919 Tritum
636 880 866 920 vocabulum
880 906 888 919 ,
909 879 1021 928 idque
1033 879 1221 916 Graecum.
1251 878 1291 914 Si
1309 880 1413 916 vocis
1425 879 1691 928 proprietatem
1709 877 1730 915 s
1722 879 1846 929 pestes
1859 905 1868 920 ‚

285 939 566 976 tabernaculum
579 937 738 974 denotat
751 965 761 980 ‚
791 936 1012 979 tentorium,
1027 935 1086 971 vel
1096 934 1200 983 quod
1218 936 1256 970 in
1270 934 1389 971 eastris
1400 963 1409 977 ,
1428 934 1552 971 aliisve
1570 935 1668 970 locis
1683 959 1691 973 ‚
1715 945 1760 971 ex
1771 935 1873 971 fron·

285 994 407 1039 dibus,
427 995 558 1031 culmis
570 1022 581 1038 ‚
598 992 757 1042 pellibus
770 1020 780 1035 ‚
800 992 944 1030 mattis,
958 989 1133 1026 tabulisve
1145 988 1186 1026 fit
1203 990 1469 1040 temporarium
1486 989 1736 1027 domicilium.
1769 990 1874 1027 Hinc

285 1049 421 1086 festum
439 1049 548 1098 quod
585 1049 606 1084 ἐι
634 1048 745 1084 ramis
774 1045 924 1082 Hebraei
950 1044 1120 1082 Succoth
1150 1044 1279 1081 dicunt
1291 1074 1301 1089 ‚
1330 1044 1443 1081 nostri
1461 1044 1698 1083 tabernacula
1714 1074 1724 1090 ‚
1753 1046 1874 1084 Graeci

287 1106 561 1155 Scenopegiam
573 1103 813 1152 appellarunt.
844 1101 934 1138 Hoc
943 1100 1173 1139 vocabulum
1192 1113 1257 1151 per
1268 1099 1564 1137 antonomasiam
1582 1101 1626 1137 ad
1646 1113 1728 1138 eam
1740 1101 1875 1140 theatri

285 1171 430 1210 partem
441 1159 602 1196 traCtum
614 1157 681 1196 est,
704 1169 785 1206 quae
798 1154 818 1193 ὲ
831 1156 962 1194 theatri
979 1155 1087 1206 ipsius
1108 1157 1263 1205 regione
1284 1155 1465 1193 interduo
1490 1157 1566 1202 ejus
1586 1168 1730 1194 cornua
1749 1168 1875 1195 exten-

287 1216 406 1252 ditur.
446 1215 508 1251 De
527 1214 646 1251 Scena
665 1212 702 1249 &
720 1214 798 1259 ejus
818 1212 978 1262 partibus
996 1240 1006 1256 ‚
1025 1211 1108 1261 post
1127 1213 1361 1257 Vitruvium,
1380 1213 1500 1248 multa
1521 1213 1558 1247 ὃ(
1578 1215 1722 1249 minuta
1740 1213 1874 1251 Pollux

288 1271 351 1307 lib.
369 1283 424 1309 iv.
449 1282 528 1320 cap.
552 1282 610 1314 19.
648 1270 743 1306 Item
764 1267 1008 1306 Caffiodorus
1028 1267 1090 1304 lib.
1120 1279 1175 1306 1v.
1194 1269 1321 1306 variar.
1360 1267 1505 1305 Servius
1521 1279 1678 1319 quoque
1698 1268 1874 1309 Gramm.

288 1326 350 1364 lib.
367 1340 381 1363 1
395 1338 408 1363 1
423 1339 452 1363 1.
473 1326 615 1373 Georg.
629 1324 692 1361 ubi
702 1324 823 1361 Poeta
835 1354 845 1368 ,

571 1377 632 1418 Vel
650 1386 759 1417 scena
776 1388 816 1416 ut
833 1377 941 1429 versts
958 1376 1105 1431 dist-edat
1116 1376 1308 1429 frontibus,
1328 1388 1432 1431 atque

565 1441 745 1487 Purpurea
762 1435 894 1471 intexti
910 1433 1029 1471 tollant
1045 1434 1151 1472 anlaea
1170 1435 1342 1472 Britanni.

290 1492 484 1529 Caeterum
495 1492 696 1529 Scenarum
716 1491 784 1528 tria
796 1490 864 1527 esse
874 1502 1007 1540 genera
1024 1491 1125 1529 idem
1143 1490 1264 1528 noster
1275 1502 1320 1528 au
1327 1491 1407 1528 &or
1418 1491 1546 1537 docet,
1558 1490 1761 1540 Tragicum
1773 1519 1783 1535 ‚
1795 1489 1876 1528 Co·

289 1549 683 1597 micum‚Satyticum.
712 1546 841 1596 Atque
861 1547 907 1583 ad
924 1546 1000 1585 hoc
1019 1548 1195 1584 ultimum
1215 1546 1364 1584 anufiffe
1382 1547 1525 1585 videtur
1546 1547 1722 1596 Virgilius
1733 1547 1795 1585 lib.
1808 1544 1878 1585 [ἓ-

291 1603 388 1641 neid.
405 1616 418 1640 1
429 1632 437 1639 .

568 1659 659 1694 Hinc
677 1666 781 1710 atque
791 1654 874 1694 hinc
890 1658 991 1709 vcssae
1001 1670 1102 1713 rupes
1113 1689 1123 1705 ‚
1137 1658 1337 1711 geminique
1355 1660 1538 1699 minantur

571 1720 616 1751 In
634 1711 749 1750 coelnm
756 1710 913 1766 scopuli3
933 1729 1080 1768 quorum
1090 1713 1158 1767 fich
1176 1716 1310 1751 vertice
1329 1713 1400 1752 lat‘e

566 1774 743 1820 eAEquora
759 1768 969 1819 tutastlent3
988 1780 1067 1808 tum
1086 1769 1201 1821 Syl-vis
1223 1776 1328 1807 scena
1345 1769 1487 1823 coruſsis

567 1823 720 1876 Dcfitper
736 1822 962 1878 horrentique
977 1836 1093 1864 atrum
1103 1839 1221 1863 nemus
1240 1827 1398 1863 imminet
1408 1824 1539 1864 umbra.

294 1878 354 1914 De
374 1878 493 1927 prima
504 1880 540 1916 δε
553 1880 633 1917 rudi
643 1882 849 1918 Scenarum
859 1882 977 1932 specie
989 1883 1145 1920 Ovidius
1155 1882 1200 1919 de
1213 1881 1308 1920 Arte
1325 1882 1489 1920 amandi:

568 1935 640 1970 Illic
658 1948 742 1985 quas
753 1934 908 1973 tulerant
923 1935 1096 1988 nemorosa}
1107 1935 1242 1990 palatia
1246 1935 1395 1986 frondes
1407 1966 1418 1981 ‚

626 1988 837 2040 Simpliciter
851 1989 960 2041 positae
973 2019 984 2035 ‚
1001 1991 1198 2040 Scenastne
1215 1999 1291 2026 arte
1300 1990 1389 2040 sitit.

294 2042 356 2079 De
372 2042 548 2091 provecta
563 2055 655 2081 veto
666 2045 742 2091 jam
753 2044 789 2080 &
799 2044 999 2094 magnifice
1011 2046 1171 2083 extructa
1182 2045 1283 2081 idem
1295 2045 1425 2095 Virgil.
1437 2043 1499 2081 lib.
1511 2045 1596 2083 eod.

913 2098 1151 2152 Immaneffiue
1167 2099 1340 2136 colummis

572 2151 716 2206 Rupibus
735 2153 921 2199 excidunt,
938 2160 1054 2192 Scenis
1071 2154 1186 2192 decora
1205 2153 1273 2192 alta
1282 2152 1434 2205 futuris.

296 2207 425 2247 Nostri
443 2206 522 2245 hoc
542 2222 625 2249 aevo
642 2220 684 2247 ut
710 2211 933 2260 temporaria
949 2211 1091 2248 theatra
1110 2240 1120 2256 ‚
1149 2212 1198 2248 ita
1218 2211 1357 2248 Scenas
1375 2221 1532 2259 quoque
1549 2209 1689 2247 faciunt
1713 2210 1876 2260 ligneas,

297 2276 433 2313 nempe
453 2265 572 2302 linteis
593 2266 704 2303 tectas
717 2294 726 2310 ‚
744 2266 889 2317 pieiuris
900 2278 944 2302 ex
957 2268 1083 2316 optice
1101 2267 1218 2304 duetis
1238 2263 1375 2303 affabre
1389 2266 1435 2302 ad
1451 2265 1582 2303 fabulae
1601 2266 1800 2303 modulum
1820 2279 1880 2304 ex-

298 2329 459 2357 ornatas.
491 2320 638 2359 Vicetia
657 2320 733 2359 sola
751 2321 865 2358 hodie
883 2322 977 2359 inter
989 2334 1122 2359 omnes
1140 2321 1262 2360 orbis,
1285 2331 1324 2359 ut
1343 2322 1392 2359 ita
1402 2322 1544 2366 dicam,
1566 2322 1695 2366 urbes,
1715 2334 1881 2359 marmo-

297 2387 364 2412 reo
383 2374 403 2410 s
397 2387 442 2411 eu
458 2375 606 2424 lapideo
616 2376 776 2422 theatro,
787 2379 889 2423 cujus
899 2377 1117 2417 architectus
1129 2379 1224 2415 inter
1241 2379 1455 2415 neotericos
1466 2376 1788 2415 excellentissimus
1801 2378 1881 2415 An-

298 2430 401 2468 dreas
412 2430 601 2472 Palladius,
623 2435 737 2482 patria
748 2434 1160 2483 Vicetinus‚gloriatur.
1192 2433 1369 2471 Haecille.
1401 2433 1537 2470 Claud.
1551 2432 1742 2471 Salmasius
1761 2435 1798 2470 in
1809 2435 1879 2471 So-

298 2487 361 2523 lin.
377 2497 457 2537 pag.
467 2494 484 2523 3
494 2502 512 2524 2
524 2499 537 2522 1
548 2515 556 2522 .
585 2490 730 2533 Σκῆνῶι
741 2488 790 2525 est
804 2485 835 2525 n*
846 2490 966 2538 σῶμα,
979 2501 1116 2540 corpus
1129 2490 1350 2527 humanum.
1368 2491 1417 2526 ita
1428 2490 1540 2526 etiam
1553 2489 1674 2526 Graeci
1685 2498 1877 2527 vocarunt.

299 2554 438 2592 corpus
449 2541 592 2580 aedificii
602 2543 649 2580 sic
665 2556 820 2592 quoque
830 2546 1067 2595 appellatum.
1097 2546 1184 2582 Inde
1194 2547 1231 2582 δε
1244 2560 1251 2582 :
1264 2540 1379 2588 σ’κῖωῆ,
1401 2543 1502 2584 οἰκ-ἴοι,
1518 2542 1652 2594 οἴκημα.
1667 2544 1854 2582 Ausonius
1867 2557 1877 2579 ε

300 2595 489 2649 Scenasque
498 2596 687 2635 domorum.
716 2600 774 2636 Ita
791 2601 988 2649 appellavit
1005 2600 1246 2639 aedificiorum
1259 2612 1430 2652 corpora.

354 2655 378 2690 S
390 2664 415 2691 C
427 2665 452 2690 Η
467 2667 485 2690 ε
498 2666 528 2692 M
540 2669 574 2692 A.
605 2653 687 2692 Lib.
704 2666 733 2690 1.
747 2666 826 2706 cap.
840 2663 876 2693 6.
912 2658 1099 2708 Qoniam
1109 2653 1177 2692 haec
1184 2654 1275 2707 stmt
1284 2653 1438 2694 breviter
1456 2652 1580 2692 anobis
1590 2654 1748 2707 equfitA‚
1764 2660 1804 2689 ut
1813 2649 1877 2704 fit-

299 2705 394 2743 cilius
411 2709 665 2762 intelligantur,
685 2707 802 2761 vistim
827 2709 873 2760 cst
889 2709 976 2747 mihi·
996 2712 1035 2748 in
1051 2721 1205 2748 extremo
1222 2710 1403 2748 volumine
1411 2709 1568 2762 firmam
1579 2711 1681 2760 ,five
1692 2735 1700 2748 ‚
1721 2716 1760 2743 ut
1770 2709 1877 2745 Graeci

299 2757 464 2809 σχήμοίῷι
483 2763 615 2805 dicunt,
628 2764 691 2802 duo
702 2765 886 2819 explicare.
917 2767 1071 2805 Baldus:
1092 2767 1264 2806 Verbum
1281 2766 1374 2805 istud
1390 2767 1488 2817 apud
1498 2768 1647 2804 Graecos
1658 2766 1696 2801 ὅ(
1707 2764 1876 2809 Latinos,

301 2818 369 2865 qui
387 2819 470 2854 illos
487 2820 566 2858 sunt
584 2823 721 2859 imitati
741 2850 751 2866 ,
777 2832 855 2860 tam
873 2824 1012 2873 amplas
1032 2825 1071 2862 δε
1091 2834 1197 2873 vagas
1215 2823 1325 2861 habet
1345 2823 1625 2873 significationes
1643 2847 1654 2863 ‚
1671 2828 1712 2855 ut
1733 2830 1810 2855 non
1833 2818 1875 2856 fit

301 2877 593 2922 opetaeprecium
612 2889 746 2914 omnes
758 2878 834 2915 hoc
850 2879 942 2915 loco
960 2879 1131 2929 prosequi
1143 2879 1371 2928 &exemplis
1390 2878 1554 2914 firmare.
1576 2885 1693 2911 unum
1711 2875 1779 2910 erit
1798 2873 1876 2912 satis

301 2927 540 2966 considerasse
551 2958 562 2974 ,
579 2942 674 2968 voce
684 2933 753 2969 hac
765 2935 920 2984 exprimi
931 2936 1131 2983 quamlibet
1140 2933 1297 2982 figuram
1308 2959 1316 2972 ‚
1329 2933 1504 2970 formam.
1517 2929 1689 2974 modum,
1700 2928 1875 2978 speciem,

302 2982 472 3022 habitum
485 3011 493 3026 ‚
515 2995 691 3024 ornatum
704 3013 712 3026 ‚
726 2987 823 3027 &ita
841 2990 1069 3039 interpretari
1088 2990 1142 3028 uti
1160 2989 1311 3026 materia
1332 2988 1443 3037 exigit
1459 2986 1504 3024 de
1523 2997 1593 3035 qua
1614 2985 1742 3036 agitur.
1760 2984 1877 3035 Apud

1712 3040 1875 3078 Geome-
