2023 3162
234 62 307 88 112
654 37 1466 81 M.V1TRUVI1P0LL10N1'S

227 118 288 156 sed
297 114 421 154 exibat
432 117 469 153 in
481 124 591 153 unam
602 114 660 150 vel
678 113 829 149 alteram
842 118 984 159 partem
996 127 1006 154 3
1028 108 1078 143 ita
1096 105 1237 143 necesse
1246 116 1324 144 erat
1343 106 1462 144 rursus
1472 107 1725 147 retroducere.
1754 110 1817 147 Sic

226 173 414 211 Paeonius
428 169 606 209 ducendo
617 171 654 206 ὅ(
664 166 880 205 reducendo
891 163 1091 214 pecuniam
1101 164 1281 203 contrivit
1293 188 1301 203 ,
1317 159 1385 209 [h]
1398 171 1438 199 ut
1450 163 1495 201 ad
1505 164 1728 204 solvendum
1738 178 1818 204 non

229 229 328 267 effer.

860 287 894 325 C
927 297 955 324 A
983 297 1014 323 r.
1072 285 1184 324 VII.

304 387 386 439 De
400 386 684 436 inventione
695 376 972 453 lapicidina,
993 392 1096 449 qna
1108 373 1342 449 templum
1358 375 1534 429 Diana
1544 375 1744 450 Ephqfik

512 480 517 484 ·
852 455 1103 514 construffffum
1119 456 1190 499 eff.

291 581 452 621 Ufillum
464 589 564 617 extra
574 578 789 630 progrediar
799 606 809 622 ‚
822 575 859 614 ὅ(
871 575 916 613 de
926 571 985 612 his
995 574 1213 626 lapicidinis,
1230 574 1549 623 quemadmodum
1560 574 1639 613 sunt
1648 577 1822 626 Inventae,

289 649 491 690 exponam.
528 635 754 685 Pyxodorus
767 632 890 671 suerat
901 631 1039 684 pastor,
1053 632 1129 667 isin
1140 629 1195 667 his
1214 631 1310 667 locis
1322 630 1540 669 versabatur.
1573 632 1678 670 Cum
1698 645 1821 674 autem

226 697 325 733 cives
340 691 587 745 Ephesiorum
607 693 818 741 cogitarent
827 688 957 726 fanum
977 688 1107 725 Diana:
1128 698 1172 724 ex
1186 698 1376 723 marmore
1395 686 1535 725 facere.
1562 687 1823 729 decernerent-

225 763 298 799 que
312 750 332 786 ἐι
344 750 453 787 Paro,
468 745 724 791 Proconneso,
738 745 929 783 Heraclea,
943 743 1086 788 Thaso,
1100 744 1155 780 uti
1168 754 1377 792 marmore3
1389 755 1453 794 per
1463 743 1500 780 id
1510 754 1658 794 tempus
1669 749 1824 797 propul-

225 806 269 843 lis
283 805 419 845 ovibus
432 804 651 854 Pyxodotus
662 804 700 839 in
712 801 849 839 codem
860 802 951 838 loco
972 811 1086 851 pecus
1098 797 1270 851 pascebat
1282 828 1291 843 ‚
1304 800 1430 848 ibique
1451 799 1528 838 duo
1540 802 1669 838 arietes
1680 803 1778 840 inter
1789 802 1823 840 se

227 872 514 905 concurrenteS,
533 861 624 898 alius
634 860 747 896 alium
768 859 1036 909 proeterietunt‚
1061 855 1099 892 &
1119 857 1265 905 impetu
1275 854 1374 892 faC‘to
1398 868 1492 893 unus
1513 868 1632 894 cornu
1646 857 1824 908 percu-stit

212 913 371 962 saxum,
392 930 436 955 ex
456 929 536 967 quo
555 914 734 953 crustam,
757 925 840 962 quae
859 909 1118 950 candidissimo
1138 911 1271 948 colore
1291 910 1429 958 fuerat,
1452 911 1602 959 dejecit.
1634 915 1688 951 Ita
1708 914 1825 963 Pyxo-

226 974 340 1011 dorus
365 973 499 1010 dicitur
518 984 608 1009 oves
628 972 665 1007 in
684 969 879 1006 montibus
898 967 1101 1016 reliquisse,
1119 969 1156 1004 ὃς
1176 966 1334 1004 crustam
1352 966 1485 1005 curfim
1506 968 1689 1018 Ephesum
1703 999 1713 1014 ‚
1735 982 1822 1009 cum

226 1031 391 1066 maxime
403 1029 449 1066 de
459 1041 501 1066 ea
510 1040 547 1065 re
557 1036 737 1077 ageretur,
747 1023 923 1062 detuliffe.
942 1026 994 1061 Ita
1005 1023 1123 1060 statim
1134 1022 1301 1060 honores
1314 1026 1347 1061 ei
1357 1023 1616 1068 decreverunt,
1630 1027 1823 1064 &nomen

225 1095 479 1123 mutaverunt,
493 1095 532 1121 ut
542 1096 609 1135 pro
620 1081 824 1130 Pyxodoro
844 1081 1049 1130 Euangelus
1060 1080 1336 1117 nominaretur:
1355 1079 1543 1129 hodieque
1557 1077 1610 1132 [a]
1624 1092 1824 1130 quotmen-

227 1140 322 1178 sibus
333 1140 562 1190 magistratus
571 1141 609 1176 in
621 1150 709 1175 eum
721 1138 852 1175 locum
860 1135 1123 1188 proficiscitur,
1134 1135 1171 1173 δε
1184 1136 1218 1172 ei
1227 1134 1451 1174 sacrificium
1462 1135 1563 1176 facit,
1578 1138 1617 1174 ὃ(
1631 1162 1639 1177 ‚
1649 1136 1675 1174 fi
1685 1149 1764 1176 non
1775 1137 1824 1175 fe-

227 1198 318 1234 cerit
329 1223 337 1237 ‚
360 1208 474 1248 poena
485 1205 644 1233 tenetur.

217 1263 225 1272 ⁵
861 1267 897 1304 C
931 1278 955 1302 A
983 1276 1014 1303 Ρ.
1076 1265 1205 1304 VIII.

332 1360 417 1411 De
425 1360 642 1432 porrefft'o
653 1338 719 1413 Ἐἴ
731 1353 1079 1408 rotundatione
1089 1350 1426 1407 machinarum
1437 1352 1508 1405 nd
1516 1373 1718 1408 onerum
1747 1399 1750 1403 ,

913 1431 1141 1480 levationes.

225 1553 313 1636 D
325 1556 355 1593 E
376 1544 556 1595 tiatioriis
577 1552 782 1593 rationibus
797 1578 806 1594 ‚
829 1565 910 1603 quae
923 1552 1120 1591 necessaria
1137 1554 1264 1603 putavi
1277 1552 1458 1598 ‚breviter
1469 1551 1638 1604 exposui:
1659 1563 1822 1603 quarum

324 1622 453 1650 motus
465 1612 502 1648 δε
515 1615 686 1650 virtutes,
711 1609 793 1647 duae
813 1621 870 1646 tes
885 1608 1029 1646 diversae
1041 1611 1187 1647 &inter
1206 1609 1240 1646 se
1253 1608 1442 1647 dissimiles
1455 1639 1464 1654 ‚
1482 1610 1537 1647 uti
1557 1619 1820 1659 congruentes,

221 1666 269 1702 ita
281 1666 458 1719 principia
471 1666 671 1719 pariuntad
684 1666 780 1703 duos
793 1664 994 1716 perfectus:
1015 1675 1131 1704 unum
1143 1666 1317 1715 porreeti,
1332 1678 1447 1715 quem
1466 1666 1588 1702 Graeci
1605 1667 1669 1712 [a]
1691 1664 1822 1711 ὤθεῖοω

221 1723 412 1759 vocitant:
433 1726 590 1762 alterum
609 1722 866 1760 rotunditatis,
891 1732 1009 1771 quem
1028 1717 1194 1764 κυκλωἹῆν
1215 1723 1418 1771 appellant:
1442 1721 1502 1759 sed
1516 1732 1600 1763 vere
1611 1733 1734 1769 neque
1746 1719 1821 1756 fine

222 1778 488 1816 rotundatione
507 1791 635 1818 motus
655 1778 829 1830 porreeti,
841 1789 910 1814 nec
927 1776 1000 1815 fine
1021 1777 1196 1827 porre&o
1209 1778 1409 1815 rotationis
1427 1776 1648 1815 versationes
1660 1787 1819 1813 onerum

222 1831 369 1881 poffunt
391 1833 511 1872 facere
530 1836 744 1873 levationes.
773 1833 817 1870 Id
827 1844 952 1871 autem
975 1843 1016 1870 ut
1036 1834 1258 1882 intelligatur
1278 1844 1486 1883 exponam.
1516 1831 1746 1869 Inducuntur
1767 1831 1821 1868 uti

224 1898 352 1925 centra
369 1890 503 1926 axiculi
520 1892 556 1926 in
569 1890 776 1926 orbiculos,
792 1890 829 1925 ὃς
851 1890 888 1924 in
901 1888 1077 1925 trochleis
1089 1889 1351 1927 collocantur,
1373 1899 1439 1937 per
1449 1898 1544 1935 quos
1560 1887 1755 1923 orbiculos
1768 1886 1821 1923 fu-

223 1945 280 1979 nis
302 1945 542 1981 circuina&us
554 1944 694 1981 directis
705 1942 963 1986 diffitionibus,
983 1945 1021 1979 δε
1040 1945 1079 1978 in
1097 1943 1224 1979 sucula
1244 1943 1460 1980 collocatis,
1473 1942 1640 1980 vectium
1652 1942 1820 1980 versatio-

223 1997 332 2037 nibus
352 2007 511 2037 on‘erum
534 2000 622 2037 facit
640 1996 797 2047 egressus
814 1998 852 2033 in
865 1998 1000 2033 altum:
1024 1998 1126 2042 cujus
1144 1995 1452 2035 suculae'cardines
1465 2026 1475 2041 ‚
1500 1998 1555 2035 uti
1570 2009 1694 2035 centra
1707 2027 1717 2042 ‚
1732 2010 1821 2048 por—

225 2054 313 2091 recti
332 2056 371 2091 in
392 2051 916 2101 cheloniis‚foraminibusque
934 2054 1009 2097 ejus
1022 2052 1143 2089 vertes
1165 2052 1332 2090 conclufi
1346 2082 1356 2097 ‚
1376 2054 1557 2104 capitibus
1569 2053 1616 2090 ad
1635 2055 1820 2091 circinum

224 2111 458 2148 circumactis
468 2114 568 2149 torni
578 2112 721 2148 ratione
733 2138 742 2153 ‚
757 2107 935 2146 versando
947 2106 1088 2144 faciunt
1099 2118 1259 2145 onerum
1271 2109 1462 2147 elationes.
1481 2109 1820 2160 Qemadmodum

1708 2176 1820 2202 etiam

218 2254 250 2289 h]
279 2254 363 2282 Idem.
386 2255 415 2281 ld
425 2255 459 2281 est
471 2274 478 2285 ‚
500 2263 528 2282 ut
539 2255 564 2282 id
576 2254 702 2293 perficere
712 2265 765 2283 non
777 2253 862 2295 poffet
874 2278 880 2289 ,
902 2257 975 2295 quod
985 2256 1009 2285 sc
1018 2255 1150 2287 facturum
1161 2254 1306 2297 receperat.
1328 2262 1399 2288 Nam
1409 2260 1429 2287 is
1439 2255 1541 2286 solvisse
1551 2259 1648 2288 dicitur
1659 2281 1666 2292 ,
1688 2260 1733 2298 qui
1744 2260 1769 2287 id
1780 2258 1821 2288 fe-

258 2294 387 2333 cir‚quod
398 2296 518 2332 promilit
529 2316 535 2327 ,
555 2296 663 2324 auctore
672 2295 789 2334 §sipiano
800 2297 925 2326 Pandect.
940 2298 984 2326 lib.
996 2308 1020 2326 t.
1042 2299 1074 2327 de
1087 2299 1191 2327 verbor.
1203 2299 1453 2339 fignificatioriibus.
1478 2300 1582 2337 Qoi'n
1598 2300 1661 2328 loco
1679 2299 1819 2328 solutionis

259 2335 344 2363 verbo
364 2345 476 2369 omnem
497 2334 705 2365 satisfactionem
724 2338 907 2376 accipiendam
925 2337 1032 2371 scribit,
1053 2340 1094 2368 uti
1113 2340 1208 2368 Paulus
1222 2340 1360 2369 solutionis
1377 2340 1489 2368 verbum
1508 2340 1545 2367 ait
1566 2340 1597 2368 ad
1617 2350 1727 2368 omnem
1748 2340 1820 2369 libe-

258 2376 392 2403 rationem
410 2376 541 2413 pertinere
559 2387 670 2416 quoquo
681 2378 764 2406 modo
773 2377 871 2408 fastam
883 2400 890 2411 ‚
910 2381 1034 2409 Pandest.
1047 2380 1094 2408 lib.
1104 2390 1181 2408 xtvi.
1191 2381 1223 2409 de
1235 2380 1422 2410 solutionibus.
1446 2382 1529 2408 Porro
1538 2389 1629 2409 autem
1641 2403 1648 2413 ,
1660 2381 1692 2409 ad
1712 2381 1820 2410 solven-

258 2416 322 2444 dum
335 2425 390 2443 non
405 2412 457 2463 effe
468 2437 474 2446 ,
493 2416 559 2443 dixit
572 2427 620 2454 pro
639 2427 687 2450 eo.
710 2420 781 2457 quod
791 2420 834 2447 alii
853 2419 981 2448 solvendo
991 2431 1046 2448 non
1063 2418 1115 2449 effe
1126 2422 1230 2450 dicunt.
1253 2423 1321 2450 Haec
1335 2421 1386 2450 ille.
1407 2422 1458 2449 Sed
1468 2421 1655 2459 interpretatio
1674 2421 1817 2458 hujusloci

254 2456 367 2494 petenda
387 2457 421 2484 est
438 2468 451 2484 e
471 2454 639 2494 praesatione:
661 2458 718 2485 vult
739 2461 810 2488 enim
823 2461 911 2489 dicere
924 2482 930 2493 ‚
951 2462 1098 2489 Paconium
1117 2470 1220 2490 tantam
1237 2463 1379 2500 pecuniam
1398 2459 1552 2490 contrivisse
1564 2483 1571 2495 ,
1589 2472 1618 2491 ut
1630 2472 1693 2490 cum
1712 2474 1743 2491 ex
1761 2464 1818 2498 eju:

257 2498 334 2525 bonis
344 2498 376 2525 ad
387 2495 576 2535 perficiendum
588 2499 699 2536 pecunia
711 2500 863 2540 exigeretur
876 2522 882 2533 ,
898 2502 924 2529 in
936 2502 1004 2530 illius
1016 2502 1093 2530 bonis
1105 2511 1209 2531 tantum
1222 2513 1275 2530 non
1287 2503 1462 2531 inveniretur.
1483 2505 1578 2542 ltaque
1591 2513 1646 2531 non
1656 2503 1738 2532 modo
1751 2513 1818 2542 opus

255 2548 309 2565 non
319 2536 431 2576 perfecit
440 2559 446 2568 ,
460 2537 502 2566 sed
511 2548 595 2577 neque
607 2539 747 2577 pecuniam
755 2542 889 2570 restituere
900 2545 989 2580 potuit
1000 2553 1079 2581 quani
1088 2541 1179 2572 Frustra
1190 2545 1363 2572 contriverat.

72 2591 190 2624 Capsu.
214 2592 244 2625 a]
275 2590 393 2619 Philand.
406 2594 457 2620 Pro
469 2592 577 2632 lingulis
589 2592 729 2626 mensibus,
741 2605 770 2622 ea
779 2594 862 2635 figura
872 2606 923 2634 qua
933 2598 1075 2635 quomnnis
1086 2597 1211 2626 dicimus.
1231 2606 1332 2626 veteres
1342 2598 1414 2625 enim
1424 2597 1460 2625 ita
1470 2597 1699 2636 loquebantur-Eo
1712 2596 1819 2624 dicendi

256 2640 354 2669 genere
363 2632 476 2666 ususlib.
489 2644 528 2661 ix.
548 2635 634 2673 capite
643 2643 740 2673 quarto
752 2655 760 2665 ,
777 2646 810 2663 co
829 2639 900 2664 Cato
911 2637 942 2664 de
953 2638 1046 2665 rustica
1064 2647 1120 2676 cap.
1133 2648 1178 2672 43..
1194 2648 1227 2666 eo
1243 2640 1329 2666 Varro
1338 2638 1369 2666 de
1388 2639 1482 2665 Latina
1494 2638 1586 2679 lingua
1603 2646 1709 2677 quarto.
1730 2637 1780 2664 Sed
1792 2641 1818 2664 &

254 2672 432 2710 PomponiuS,
466 2678 490 2702 δε
500 2675 625 2713 leianus
648 2674 814 2704 lurisconsul.
834 2677 958 2705 Pandcct.
968 2677 1012 2704 lib.
1025 2688 1116 2706 xxxvi.
1137 2678 1243 2717 quaudo
1251 2679 1305 2706 dies
1318 2679 1399 2718 legati
1411 2679 1452 2706 vel
1463 2677 1598 2707 fideicom.
1609 2679 1685 2706 cedat
1698 2699 1706 2710 ,
1722 2686 1817 2715 praeter

253 2709 366 2749 superius
379 2713 533 2752 usurparunt
551 2715 722 2754 quotdiebus.
744 2717 873 2755 Apulejus
882 2728 946 2745 vcro
956 2718 988 2745 de
999 2718 1071 2746 atino
1085 2729 1165 2747 aureo
1182 2719 1227 2747 lib.
1241 2729 1280 2747 Χῖ.
1291 2719 1358 2747 dixit
1371 2740 1378 2751 ,
1398 2719 1522 2758 quozdies
1532 2741 1539 2753 ,
1558 2720 1598 2747 uti
1609 2719 1715 2747 Plautus
1727 2719 1753 2746 in
1765 2718 1817 2745 Sti-

251 2752 319 2783 clm.
335 2756 529 2791 quate-ileulis.
551 2758 703 2784 Meministis
723 2759 829 2797 (inquit
844 2759 851 2789 )
872 2758 1046 2797 quatcalmdsss
1055 2767 1138 2797 petere
1148 2760 1293 2797 demensum
1303 2759 1395 2788 cibum.

70 2807 133 2841 Cap.
144 2814 198 2832 viii.
208 2807 238 2840 a]
266 2805 414 2849 Philandcr.
440 2809 616 2839 Scribendum
627 2812 726 2839 Ᾰᾶθεῖοω
740 2812 825 2850 quivis
836 2811 878 2840 vel
890 2811 1062 2841 mediocriter
1081 2816 1187 2842 Graecas
1201 2814 1290 2842 literas
1301 2814 1417 2843 edusius
1429 2813 1579 2848 agnoscat(
1590 2821 1666 2841 antea
1677 2811 1817 2851 legebatur

250 2846 359 2879 ἓῖθῑῠίθό
378 2849 492 2877 ῑῐᾶὲὓίῐη
502 2852 613 2890 appellat
625 2853 727 2880 reCium
739 2854 790 2881 (ive
800 2854 953 2892 porrestum
965 2862 1080 2883 motum.
1108 2856 1235 2882 Poterant
1246 2855 1310 2883 istud
1321 2859 1345 2884 r&
1358 2855 1406 2882 alia
1416 2846 1544 2888 ejusmodi
1556 2854 1658 2893 negligi
1671 2874 1677 2884 ,
1699 2864 1756 2891 quae
1775 2854 1816 2881 le-

248 2887 366 2956 ftgripse
376 2888 449 2957 ngllo
465 2890 531 2933 duce
544 2893 700 2934 castigaret:
719 2892 786 2933 saepe
798 2903 890 2923 tamen
902 2894 979 2922 unius
991 2894 1075 2924 literae
1085 2895 1269 2925 commutatio
1286 2905 1396 2936 magnas
1407 2891 1504 2923 offudit
1516 2894 1646 2925 tenebras,
1659 2898 1683 2922 ἃ
1693 2893 1815 2922 ociosum

264 2937 276 2954 C
308 2937 381 2957 Oseffl
412 2939 508 2969 CCCPH'.

1684 2977 1712 3011 b]
1727 2976 1809 3006 Idem.
