2023 3162
490 109 1095 152 DEARcriiTreTvRA
1151 109 1347 151 Linv.
1673 129 1742 157 101

148 190 193 216 ex
212 179 304 217 ulva.
315 177 462 229 palustri
480 180 583 219 faecis
602 182 779 218 calcetur.
798 180 900 218 Cum
913 182 961 219 ita
971 182 1066 219 bene
1079 181 1264 220 calcatum
1275 184 1312 220 &
1323 191 1437 231 quam
1450 179 1654 221 densissime
1666 184 1745 224 fue<

146 236 215 278 rit,
232 244 324 272 tunc
344 236 419 281 [ο]
443 236 612 273 cochleis
625 265 634 279 ,
657 237 769 276 rotis,
795 239 978 286 tympanis
1000 237 1222 282 collocatis,
1240 239 1350 275 locus
1373 239 1437 286 qui
1457 239 1494 274 in
1516 250 1558 275 ca
1578 237 1744 289 septione

147 288 270 326 finitus
282 289 392 327 fuerit
403 319 412 335 ‚
424 292 652 329 exinaniatur
665 290 908 340 ficcetiirque,
923 294 959 330 ὅτ.
978 291 1029 329 ibi
1051 292 1336 342 interseptiones
1347 292 1586 330 fundamenta
1596 295 1744 332 fodian-

146 353 216 380 tur.
247 346 285 382 Si
305 354 445 383 terrena
454 357 570 385 erunt,
586 345 697 394 usque
707 346 752 383 ad
763 347 923 384 solidum
935 346 1105 385 craffiora
1124 360 1240 397 quam
1252 360 1391 394 murus,
1404 350 1467 398 qui
1483 348 1586 399 supra
1598 349 1740 387 futurus

146 401 227 443 erit,
241 402 466 439 exinaniatur
477 401 726 450 sicceturque3
744 404 779 439 St
792 412 880 439 tunc
891 402 1066 440 structura
1077 415 1120 439 ex
1134 406 1323 441 caementis
1334 433 1345 449 ‚
1359 405 1460 441 calce
1471 406 1506 441 ὅ(
1519 416 1625 442 arena
1637 416 1741 442 com-

145 456 296 504 pleatur.
327 456 390 493 Sin
401 467 523 494 autem
536 456 661 493 mollis
672 459 779 494 locus
793 458 872 495 erit,
893 458 985 507 palis
1004 458 1168 495 ustulatis
1179 459 1290 496 alneis
1302 470 1364 497 aut
1374 460 1593 509 oleagineis,
1606 471 1668 498 aut
1679 473 1738 497 ro-

147 510 278 547 busteis
298 511 519 561 configatur,
541 514 578 549 ἅ
594 509 666 563 [p]
679 513 903 549 carbonibus
916 514 1168 562 compleatur:
1184 515 1507 563 quemadmodum
1525 517 1562 552 in
1576 517 1738 553 theatro—

146 577 227 601 rum
239 568 276 604 &
291 567 683 604 muri-fundationibus
700 567 749 604 est
761 567 952 617 scriptum.
983 567 1131 605 Deinde
1141 578 1229 606 tunc
1240 571 1420 618 quadrato
1439 571 1524 608 saxo
1540 583 1663 608 murus
1675 571 1737 608 dii-

146 631 249 658 catur
267 623 438 668 juncturis
451 634 566 672 quam
577 621 797 672 longissimis
808 651 820 667 ‚
843 624 896 659 uti
908 625 1069 661 maxime
1080 623 1194 661 medii
1212 624 1348 674 lapides
1363 628 1596 675 coagmentis
1615 629 1737 664 couti-

144 688 308 714 neantur.
338 678 448 714 Tunc
466 679 530 726 qui
547 678 656 716 locus
669 679 735 714 erit
751 679 846 715 inter
855 690 1021 721 mutum,
1039 680 1103 729 [q]
1116 678 1349 717 ruderatione
1360 679 1430 718 five
1442 683 1613 718 structum
1626 694 1734 720 eom-

144 733 294 782 pleatur.
324 733 380 769 Ita
391 734 457 771 erit
469 735 522 770 uti
540 732 650 783 poss'it
669 734 774 770 turris
784 732 927 782 insuper
938 733 1121 771 :edificat-i.
1149 734 1218 771 His
1230 735 1409 785 perfeetis,
1425 738 1487 782 [r]
1500 738 1733 775 navaliorum

145 799 190 825 ea
207 790 276 825 crit
292 789 400 833 ratio,
415 798 455 825 ut
467 788 735 825 constituantur
752 788 949 838 spectantia
967 790 1129 825 maxime
1148 789 1194 825 ad
1209 791 1528 840 Septentrionem:
1549 804 1636 830 nam
1655 794 1734 829 Me-

143 842 290 880 ridianae
307 845 474 893 regiones
484 854 636 894 propter
646 842 760 888 aestus,
773 844 927 883 cariem,
951 840 1023 896 [s]
1046 846 1203 884 tineam,
1220 846 1401 882 teredines
1412 871 1420 884 ‚
1434 847 1734 897 reliquarumque

145 898 339 936 bestiarum
356 902 578 936 nocentium
590 910 726 949 genera
743 910 940 949 procreant
953 925 961 938 ‚
985 899 1196 948 alendoque
1209 900 1437 948 conservant;
1452 913 1570 950 eaque
1582 903 1734 941 :edificia

144 955 295 991 minime
313 954 392 992 sunt
412 954 455 1002 [t]
471 954 695 992 materianda
707 965 859 1004 propter
870 955 1054 992 incendia.
1078 955 1138 991 De
1149 955 1466 1006 magnitudinibus
1476 967 1598 993 autem
1612 957 1733 995 finitio

144 1010 243 1046 nulla
262 1008 329 1046 ess'e
348 1009 458 1047 debet
471 1039 480 1053 ‚
499 1008 556 1046 sed
576 1009 743 1047 facienda
762 1010 808 1047 ad
826 1012 1035 1049 maximum
1046 1012 1195 1047 navium
1213 1012 1385 1055 modum,
1407 1013 1458 1048 uti
1478 1011 1514 1048 Sc
1535 1011 1560 1048 fi
1573 1014 1732 1058 majores

143 1075 253 1101 naves
272 1064 449 1102 stlbdtl&ae
461 1065 596 1114 fuerint
610 1095 619 1111 ‚
638 1066 800 1103 habeant
820 1077 907 1102 cum
919 1067 1129 1103 laxamento
1142 1065 1192 1103 ibi
1204 1068 1512 1104 collocationem.
1547 1069 1642 1121 Qaz
1663 1080 1731 1105 ne—

144 1119 287 1157 cessaria
302 1119 346 1158 ad
359 1121 558 1158 utilitatem
578 1123 616 1157 in
638 1121 849 1158 civitatibus
869 1122 1111 1170 publicorum
1132 1122 1315 1160 locorum
1335 1122 1542 1160 succurrere
1553 1123 1646 1160 mihi
1663 1135 1732 1174 po-

143 1185 308 1213 ruerunt,
329 1177 649 1225 quemadmodum
663 1176 934 1215 constituantur
946 1179 983 1215 ὅ(
992 1177 1245 1227 perficiantur,
1258 1179 1295 1214 in
1309 1178 1383 1215 hoc
1395 1179 1588 1215 volumine
1599 1177 1730 1229 scripsi.

142 1231 374 1269 Privatorum
384 1242 507 1269 autem
519 1231 761 1270 :edificiorum
772 1232 966 1276 utilitates,
987 1235 1025 1270 &
1044 1244 1177 1271 eorum
1196 1234 1418 1283 symmetrias
1436 1235 1474 1271 in
1490 1231 1653 1283 sequenti
1664 1246 1731 1272 vo-

144 1287 284 1324 lumine
300 1287 562 1325 ratiocinabor.

1077 1347 1117 1384 N
1151 1356 1166 1387 3
1562 1345 1618 1382 M.
1653 1345 1732 1384 Vr-

139 1435 166 1468 0]
205 1433 350 1461 Philander.
372 1434 520 1462 Haustoriae
527 1433 584 1463 sunt
595 1445 673 1466 ποτε,
682 1436 715 1463 de
723 1436 818 1474 quibus
829 1435 876 1463 lib.
889 1444 913 1461 x.
924 1444 981 1472 cap.
992 1443 1031 1461 ix.
1047 1436 1072 1461 δι
1084 1443 1123 1462 xr-
1136 1434 1239 1462 abunde
1251 1434 1382 1473 praeeipit.

138 1476 170 1512 p]
202 1474 284 1502 ldem.
305 1475 380 1502 Dixit
390 1484 446 1512 cap.
458 1485 495 1502 ix.
506 1474 580 1511 hujus
591 1475 659 1508 libri,
670 1476 829 1504 carbonibus
838 1470 919 1503 ineffe
927 1473 1073 1501 naturalem
1084 1475 1228 1502 raritatem.
1241 1475 1303 1502 lude
1314 1473 1414 1503 fastum
1423 1473 1459 1500 est
1470 1480 1498 1500 ut
1506 1470 1550 1499 lib.
1561 1482 1606 1499 iri.
1616 1482 1727 1511 capni-

182 1518 206 1543 ἃ
215 1514 260 1542 lib.
272 1524 299 1543 vi
307 1525 325 1542 r.
337 1524 392 1551 cap.
408 1525 446 1542 iv.
462 1515 619 1544 carbonibus
636 1516 764 1554 compleri
775 1516 833 1544 loca
844 1525 873 1544 ea
883 1536 890 1547 ,
898 1514 993 1554 quibus
1003 1515 1036 1541 ab
1046 1514 1159 1542 humore
1169 1515 1281 1543 timetur
1292 1536 1299 1547 ,
1316 1514 1367 1543 five
1377 1522 1436 1553 quae
1444 1520 1551 1550 oportet
1562 1522 1726 1551 conceptum

180 1554 322 1584 humorem
339 1554 446 1582 ebibere
459 1559 483 1583 ἃ·
494 1555 618 1595 exsugere
630 1577 637 1588 ,
658 1556 708 1595 ipse
721 1558 863 1595 praecipiAt.
886 1559 926 1584 De
938 1555 1017 1582 muris
1027 1555 1093 1582 dixit
1104 1555 1151 1582 lib.
1160 1565 1180 1582 ι.
1191 1565 1247 1593 cap.
1258 1565 1282 1583 v.
1298 1554 1330 1583 de
1340 1554 1448 1582 theatris
1458 1552 1504 1580 lib.
1514 1551 1589 1589 hujus
1607 1563 1663 1591 cap.
1674 1562 1724 1581 iix.

180 1605 329 1634 quanquam
339 1605 433 1623 eorum
443 1593 611 1624 fundationes
622 1599 674 1635 peti
685 1598 741 1625 vult
754 1595 767 1625 ὲ
779 1598 826 1625 lib.
837 1598 928 1627 terrim
940 1595 965 1623 id
976 1605 1039 1622 vero
1046 1597 1160 1634 reperire
1168 1595 1203 1623 est
1212 1596 1298 1633 capite
1306 1596 1398 1623 tertio.

139 1638 171 1675 q]
199 1636 345 1664 Philander.
364 1638 405 1664 De
415 1637 582 1665 ruderatione
592 1638 628 1665 est
638 1639 775 1677 integrum
785 1647 864 1677 caput
875 1637 992 1677 primum
1003 1635 1062 1663 Lib.
1073 1645 1127 1664 vii.
1139 1645 1171 1664 ne
1180 1636 1238 1674 quis
1247 1636 1261 1663 a
1270 1634 1346 1662 nobis
1356 1635 1510 1674 longiorem
1519 1633 1726 1662 declarationem

182 1676 307 1714 requirat.
965 1690 970 1693 ·
1329 1688 1338 1695 ·

137 1717 165 1751 r]
198 1718 282 1744 Idem.
305 1719 357 1745 Pro
366 1717 508 1748 navalium.
518 1727 603 1747 mutat
613 1716 814 1746 §.declinatione
823 1738 831 1749 ‚
845 1716 984 1756 quomodo
1001 1716 1166 1747 viridiorum,
1182 1715 1348 1754 ancyliorum
1360 1735 1368 1745 ‚
1378 1715 1585 1743 Saturnaliorurn
1597 1713 1732 1743 invenias.'

179 1758 390 1796 Vectigaliotum
401 1768 508 1796 quoque
518 1756 670 1796 frequenter
681 1758 811 1796 usurpavit
828 1759 930 1785 Atinius
945 1756 1032 1784 Pollio
1043 1777 1050 1788 ,
1070 1756 1087 1783 ii
1098 1766 1157 1784 vera
1166 1755 1222 1784 sunt
1233 1765 1291 1793 quae
1311 1756 1467 1783 Macrobius
1482 1755 1527 1781 lib.
1538 1754 1624 1792 primo
1634 1756 1727 1781 Satur-

178 1797 231 1824 nal.
241 1798 315 1824 dicit.
334 1800 421 1833 Tanta
432 1796 482 1826 fuit
489 1799 557 1837 apud
567 1808 668 1827 veteres
678 1798 733 1834 ejus
747 1799 862 1838 genitivi
871 1797 986 1826 licentia.
1011 1795 1143 1825 Observat
1154 1805 1245 1824 autem
1255 1795 1383 1824 Barbarus
1394 1795 1494 1823 navalia
1502 1793 1630 1829 ejusmodi
1642 1795 1724 1834 vulgo

179 1836 212 1865 ab
224 1838 295 1865 Italis
306 1839 396 1865 vocari
405 1843 532 1876 Squerros.

130 1876 169 1918 s]
198 1878 281 1905 Idem.
303 1879 437 1916 Separavi't
448 1877 568 1906 tineam-'1
579 1878 706 1909 teredine.
721 1887 750 1907 ut
762 1879 828 1906 Plin.
839 1877 885 1906 lib.
896 1886 955 1905 xvr.
965 1887 1092 1916 παραυ.
1102 1877 1146 1916 qui
1155 1875 1255 1906 scribit¹
1264 1875 1410 1903 teredinem
1420 1876 1447 1904 iri
1459 1874 1523 1902 mari
1532 1874 1629 1905 sentiri,
1640 1883 1726 1902 terre-

178 1918 240 1946 stres
257 1915 308 1946 effe
318 1920 410 1946 tineas.
428 1919 459 1946 Id
469 1928 529 1946 ante
545 1928 607 1946 eum
615 1920 717 1946 dixerat
733 1918 930 1957 Theophrastus
942 1922 1025 1952 φυτῶν
1036 1918 1130 1952 ἱςυθέαᾶ
1147 1917 1192 1945 lib.
1204 1918 1308 1955 quinte.
1328 1915 1487 1955 insuperque
1506 1913 1557 1943 effe
1574 1915 1722 1943 teredinem

177 1968 290 1994 corpore
301 1969 408 1997 parvam
420 1979 426 1990 ,
444 1959 530 1997 capite
542 1968 641 1995 magno
658 1963 682 1986 ὅ(
692 1958 832 1986 dentibus:
853 1959 952 1985 Tineas
970 1968 1032 1986 vero
1043 1958 1137 1986 fimiles
1155 1956 1308 1985 vermiculis
1319 1976 1326 1988 ‚
1347 1957 1442 1994 quibus
1453 1956 1579 1994 paulatim
1599 1957 1725 1983 materies

177 1997 334 2037 perforatur.
358 1998 412 2037 lpse
423 1999 560 2027 Vitruvius
577 1993 623 2027 lib.
635 2009 669 2027 ιι.
684 2009 741 2038 cap.
752 2009 791 2026 ix.
809 1999 946 2026 termitem
962 1999 1079 2026 vocavit.
1101 1999 1145 2026 Est
1156 2001 1180 2026 ἃ·
1192 1997 1410 2036 thripslignarius
1429 1997 1590 2024 vermiculus
1601 2016 1607 2027 ,
1623 1995 1678 2039 *hoc
1689 1996 1725 2023 est

177 2039 303 2078 quiligna
312 2039 392 2070 rodit,
400 2048 491 2068 autore
503 2039 640 2068 Phocione
650 2040 834 2068 Grammatico
845 2040 872 2066 in
881 2039 999 2066 Lexico:
1018 2039 1083 2068 ficut
1094 2039 1132 2076 ips
1142 2048 1240 2066 cornua
1251 2041 1275 2065 &-
1285 2046 1351 2065 vites
1363 2058 1369 2069 ‚
1390 2038 1426 2065 cis
1435 2035 1578 2067 frumenta,
1591 2036 1672 2063 midas
1685 2033 1726 2062 fa-

177 2078 247 2111 bam.
259 2081 285 2107 ix
297 2080 404 2110 vitrum.
417 2080 447 2107 iis
458 2081 547 2108 vestes.
567 2081 727 2108 Ammonius
734 2079 873 2118 quomodo
881 2077 941 2109 ἰ’πτς,
951 2077 1036 2116 θφίπες,
1045 2080 1093 2109 κιές
1104 2083 1129 2107 &
1141 2078 1190 2107 ἰ’κες
1200 2075 1324 2105 differant
1337 2097 1344 2109 ‚
1366 2079 1446 2105 etiam
1455 2077 1572 2104 tradidit·
1705 2115 1709 2118 ι

139 2120 164 2153 t]
192 2120 274 2146 Idem.
294 2120 324 2146 Id
334 2121 377 2151 est,
391 2120 466 2159 ligno
476 2121 621 2149 extruenda
633 2131 685 2148 non
695 2119 768 2148 sunt:
782 2121 839 2148 imo
848 2120 962 2147 omnino
977 2119 1103 2148 iicivium
1114 2118 1237 2147 domibus
1248 2138 1256 2150 ,
1273 2126 1383 2156 propter
1396 2117 1517 2145 incendia
1531 2136 1538 2149 ‚
1557 2115 1614 2142 sunt
1626 2114 1725 2143 navalia

178 2158 343 2192 semovenda,
353 2160 528 2198 arcendaque'5
541 2171 568 2189 ut
581 2162 635 2196 ejus
646 2170 754 2199 quoque
764 2162 800 2187 rei
813 2170 860 2187 nos
873 2160 1002 2187 leetorem
1013 2169 1180 2187 moneamus⁸
1381 2196 1385 2201 ἰ

135 2202 173 2226 D.
185 2199 317 2227 Barbarus
327 2200 354 2226 in
365 2209 510 2228 comment.
522 2201 552 2229 ad
562 2201 612 2229 hoc
624 2210 710 2239 caput.
733 2203 870 2228 Caererum
883 2209 925 2227 me
936 2200 968 2227 ab
978 2199 1016 2226 his
1029 2199 1175 2228 rationibus
1189 2206 1285 2225 avocat
1305 2196 1454 2235 amplitudo
1464 2197 1630 2240 Venetorum
1643 2205 1724 2224 nava-

177 2239 217 2270 lis,
229 2240 380 2268 triremium
391 2243 415 2267 8<
428 2241 533 2268 navium
542 2251 679 2279 apparatus
689 2261 695 2273 ,
706 2241 941 2268 instrumentorum
949 2240 1073 2267 omnium
1084 2249 1117 2266 co
1140 2240 1161 2266 ‘a
1175 2259 1182 2270 ,
1192 2246 1392 2265 tormentorum
1403 2241 1426 2264 3:
1435 2235 1618 2263 machinarum
1627 2236 1722 2263 multi-

176 2280 252 2313 tudo,
266 2281 446 2308 munitionum
456 2284 480 2308 δε
490 2291 627 2308 armorum
639 2281 727 2307 omnis
736 2281 839 2319 generis
851 2278 983 2307 thesaurus
992 2300 999 2311 ‚
1020 2250 1187 2307 infinitcffin
1196 2276 1328 2305 artificum
1337 2276 1422 2308 series.
1433 2285 1520 2304 rerum
1531 2275 1599 2302 ordo
1610 2296 1616 2305 ,
1635 2274 1719 2303 facilis

173 2320 242 2352 usus,
252 2330 408 2359 promtaque
419 2321 451 2348 ad
470 2331 561 2348 omnes
571 2318 736 2348 necessitates
756 2320 900 2358 expeditio.
924 2321 995 2357 Qae
1011 2319 1101 2346 omnia
1110 2318 1249 2346 maritimae
1267 2317 1304 2344 rei
1315 2317 1488 2354 praestantiarn
1499 2319 1524 2344 &
1534 2316 1718 2344 excellentiam

174 2362 226 2389 illis
239 2361 336 2388 merito
354 2361 526 2389 tradiderunt.
546 2363 728 2398 Etposipauca
740 2372 748 2387 :
763 2360 838 2387 Vnde
848 2361 874 2386 in
885 2369 918 2386 eo
927 2359 990 2387 loco
1009 2363 1034 2387 &
1046 2368 1134 2387 rerum
1146 2359 1229 2396 copia:
1239 2361 1262 2385 δε
1274 2358 1340 2385 ordo
1351 2357 1476 2384 mirabilis
1489 2357 1592 2384 videtur
1603 2377 1609 2388 ,
1626 2365 1654 2383 ut
1664 2367 1718 2384 uuo

176 2402 247 2429 oculi
259 2402 322 2432 ictu.
331 2402 458 2440 quicquid
471 2402 500 2429 ad
514 2401 688 2430 instruendam
698 2401 790 2436 justam
804 2396 910 2427 claffem
920 2409 985 2437 opus
995 2400 1030 2427 est
1039 2397 1165 2427 facillime
1172 2398 1306 2426 educatur.
1329 2398 1402 2428 Vela.
1414 2407 1511 2428 remos.
1523 2393 1719 2440 funesQanclio-

176 2452 225 2471 ras.
236 2451 382 2473 tormenta,
394 2441 526 2470 machinas
535 2464 542 2472 .
564 2451 716 2480 organaque
726 2440 817 2468 omnia
827 2440 908 2468 unico
919 2441 1018 2467 nutuiu
1028 2440 1133 2468 eduzstas
1142 2440 1264 2466 triremes
1274 2438 1397 2476 impolita
1407 2438 1517 2466 videres.
1539 2436 1657 2464 Providit
1667 2436 1720 2464 hoc

176 2482 297 2511 Nicolaus
309 2486 393 2509 Zemu
403 2483 443 2510 vir
452 2474 700 2511 εΙειτὶΠῖτηυῖίὶυάιο
712 2503 719 2513 ,
740 2491 770 2509 ac
781 2481 893 2521 ingenio
902 2479 990 2508 multo
998 2501 1006 2513 ‚
1027 2480 1102 2516 eujus
1112 2477 1274 2509 reifrut‘tum
1285 2479 1372 2519 postea
1383 2488 1469 2518 patres
1479 2476 1564 2506 multa
1574 2486 1635 2505 cum
1645 2476 1721 2505 laude

174 2532 253 2562 atque
265 2523 440 2552 admiratione
453 2523 598 2553 hominum
608 2532 757 2562 percepere.
