<?xml version="1.0" encoding="UTF-8"?>
<!DOCTYPE html PUBLIC "-//W3C//DTD XHTML 1.0 Transitional//EN"
    "http://www.w3.org/TR/xhtml1/DTD/xhtml1-transitional.dtd">
<html xmlns="http://www.w3.org/1999/xhtml" xml:lang="en" lang="en">
 <head>
  <title>
</title>
<meta http-equiv="Content-Type" content="text/html;charset=utf-8" />
  <meta name='ocr-system' content='tesseract 3.04.00' />
  <meta name='ocr-capabilities' content='ocr_page ocr_carea ocr_par ocr_line ocrx_word'/>
</head>
<body>
  <div class='ocr_page' id='page_1' title='image "./vitruviipollioni00vitr_0120.png"; bbox 0 0 2023 3162; ppageno 0'>
   <div class='ocr_carea' id='block_1_1' title="bbox 162 725 267 764">
    <p class='ocr_par' dir='ltr' id='par_1_1' title="bbox 162 725 267 764">
     <span class='ocr_line' id='line_1_1' title="bbox 162 725 267 764; baseline -0.019 -10"><span class='ocrx_word' id='word_1_1' title='bbox 162 730 191 754; x_wconf 73' lang='lat' dir='ltr'>V,</span> <span class='ocrx_word' id='word_1_2' title='bbox 211 725 267 764; x_wconf 62' lang='lat' dir='ltr'>ipſs).</span> 
     </span>
    </p>
   </div>
   <div class='ocr_carea' id='block_1_2' title="bbox 299 81 1525 137">
    <p class='ocr_par' dir='ltr' id='par_1_2' title="bbox 299 81 1525 137">
     <span class='ocr_line' id='line_1_2' title="bbox 299 81 1525 137; baseline -0.009 -9"><span class='ocrx_word' id='word_1_3' title='bbox 299 105 349 137; x_wconf 79' lang='lat'>72</span> <span class='ocrx_word' id='word_1_4' title='bbox 657 81 1525 124; x_wconf 62' lang='lat' dir='ltr'>M.V1TRUVI1P01.1.101{15</span> 
     </span>
    </p>
   </div>
   <div class='ocr_carea' id='block_1_3' title="bbox 298 147 1904 1092">
    <p class='ocr_par' dir='ltr' id='par_1_3' title="bbox 298 147 1904 1092">
     <span class='ocr_line' id='line_1_3' title="bbox 298 147 1898 205; baseline -0.004 -14"><span class='ocrx_word' id='word_1_5' title='bbox 298 168 377 205; x_wconf 88' lang='lat' dir='ltr'>quo</span> <span class='ocrx_word' id='word_1_6' title='bbox 398 155 530 193; x_wconf 87' lang='lat' dir='ltr'>altiora</span> <span class='ocrx_word' id='word_1_7' title='bbox 541 162 647 192; x_wconf 90' lang='lat' dir='ltr'>erunt</span> <span class='ocrx_word' id='word_1_8' title='bbox 659 178 668 192; x_wconf 90' lang='lat'>‚</span> <span class='ocrx_word' id='word_1_9' title='bbox 691 152 762 198; x_wconf 82' lang='lat' dir='ltr'>ad(</span> <span class='ocrx_word' id='word_1_10' title='bbox 777 148 802 172; x_wconf 42' lang='grc' dir='ltr'>’θ</span> <span class='ocrx_word' id='word_1_11' title='bbox 817 152 830 197; x_wconf 86' lang='grc'>)</span> <span class='ocrx_word' id='word_1_12' title='bbox 844 148 1150 199; x_wconf 76' lang='lat' dir='ltr'>perpendiculum</span> <span class='ocrx_word' id='word_1_13' title='bbox 1162 147 1334 186; x_wconf 90' lang='lat' dir='ltr'>videntur</span> <span class='ocrx_word' id='word_1_14' title='bbox 1344 158 1520 198; x_wconf 81' lang='lat' dir='ltr'>oportere</span> <span class='ocrx_word' id='word_1_15' title='bbox 1534 150 1722 187; x_wconf 86' lang='lat' dir='ltr'>collocati.</span> <span class='ocrx_word' id='word_1_16' title='bbox 1744 150 1822 203; x_wconf 59' lang='lat' dir='ltr'>Ipsa</span> <span class='ocrx_word' id='word_1_17' title='bbox 1833 150 1898 192; x_wconf 55' lang='lat' dir='ltr'>aug</span> 
     </span>
     <span class='ocr_line' id='line_1_4' title="bbox 298 203 1892 262; baseline -0.002 -13"><span class='ocrx_word' id='word_1_18' title='bbox 298 221 377 248; x_wconf 91' lang='lat' dir='ltr'>tem</span> <span class='ocrx_word' id='word_1_19' title='bbox 398 219 685 262; x_wconf 77' lang='lat' dir='ltr'>antepagmenta</span> <span class='ocrx_word' id='word_1_20' title='bbox 703 205 811 244; x_wconf 77' lang='lat' dir='ltr'>crassa</span> <span class='ocrx_word' id='word_1_21' title='bbox 830 204 918 242; x_wconf 83' lang='lat' dir='ltr'>fiant</span> <span class='ocrx_word' id='word_1_22' title='bbox 943 206 980 241; x_wconf 82' lang='lat' dir='ltr'>iii</span> <span class='ocrx_word' id='word_1_23' title='bbox 1000 203 1124 240; x_wconf 87' lang='lat' dir='ltr'>fronte</span> <span class='ocrx_word' id='word_1_24' title='bbox 1141 204 1335 241; x_wconf 81' lang='lat' dir='ltr'>altitudine</span> <span class='ocrx_word' id='word_1_25' title='bbox 1355 204 1503 241; x_wconf 84' lang='lat' dir='ltr'>luminis</span> <span class='ocrx_word' id='word_1_26' title='bbox 1522 215 1625 254; x_wconf 84' lang='lat' dir='ltr'>parte</span> <span class='ocrx_word' id='word_1_27' title='bbox 1644 206 1892 250; x_wconf 84' lang='lat' dir='ltr'>duodecima,</span> 
     </span>
     <span class='ocr_line' id='line_1_5' title="bbox 300 257 1898 313; baseline -0.004 -8"><span class='ocrx_word' id='word_1_28' title='bbox 300 267 646 313; x_wconf 77' lang='lat' dir='ltr'>conti-alianturque</span> <span class='ocrx_word' id='word_1_29' title='bbox 663 266 700 299; x_wconf 86' lang='lat' dir='ltr'>in</span> <span class='ocrx_word' id='word_1_30' title='bbox 720 261 868 298; x_wconf 89' lang='lat' dir='ltr'>summo</span> <span class='ocrx_word' id='word_1_31' title='bbox 880 259 947 298; x_wconf 76' lang='lat' dir='ltr'>suae</span> <span class='ocrx_word' id='word_1_32' title='bbox 958 257 1200 296; x_wconf 80' lang='lat' dir='ltr'>craffitudinis</span> <span class='ocrx_word' id='word_1_33' title='bbox 1211 260 1489 308; x_wconf 83' lang='lat' dir='ltr'>quartadecima</span> <span class='ocrx_word' id='word_1_34' title='bbox 1501 269 1612 310; x_wconf 84' lang='lat' dir='ltr'>parte.</span> <span class='ocrx_word' id='word_1_35' title='bbox 1636 260 1828 311; x_wconf 84' lang='lat' dir='ltr'>Supercilii</span> <span class='ocrx_word' id='word_1_36' title='bbox 1850 266 1898 303; x_wconf 87' lang='lat' dir='ltr'>al.</span> 
     </span>
     <span class='ocr_line' id='line_1_6' title="bbox 302 313 1897 371; baseline -0.004 -13"><span class='ocrx_word' id='word_1_37' title='bbox 302 323 439 362; x_wconf 88' lang='lat' dir='ltr'>titudo,</span> <span class='ocrx_word' id='word_1_38' title='bbox 456 331 597 371; x_wconf 87' lang='lat' dir='ltr'>quanta</span> <span class='ocrx_word' id='word_1_39' title='bbox 615 325 993 366; x_wconf 77' lang='lat' dir='ltr'>antepagmentorum</span> <span class='ocrx_word' id='word_1_40' title='bbox 1013 316 1053 351; x_wconf 88' lang='lat' dir='ltr'>iii</span> <span class='ocrx_word' id='word_1_41' title='bbox 1071 313 1215 351; x_wconf 84' lang='lat' dir='ltr'>summa</span> <span class='ocrx_word' id='word_1_42' title='bbox 1228 324 1329 365; x_wconf 87' lang='lat' dir='ltr'>parte</span> <span class='ocrx_word' id='word_1_43' title='bbox 1347 317 1414 351; x_wconf 91' lang='lat' dir='ltr'>erit</span> <span class='ocrx_word' id='word_1_44' title='bbox 1434 313 1645 352; x_wconf 76' lang='lat' dir='ltr'>crassitudo.</span> <span class='ocrx_word' id='word_1_45' title='bbox 1678 316 1897 364; x_wconf 76' lang='lat' dir='ltr'>Cymatium</span> 
     </span>
     <span class='ocr_line' id='line_1_7' title="bbox 305 367 1897 423; baseline -0.005 -8"><span class='ocrx_word' id='word_1_46' title='bbox 305 378 521 415; x_wconf 84' lang='lat' dir='ltr'>faciendum</span> <span class='ocrx_word' id='word_1_47' title='bbox 531 374 580 412; x_wconf 86' lang='lat' dir='ltr'>est</span> <span class='ocrx_word' id='word_1_48' title='bbox 592 371 866 423; x_wconf 79' lang='lat' dir='ltr'>antepagmenti</span> <span class='ocrx_word' id='word_1_49' title='bbox 878 379 982 420; x_wconf 90' lang='lat' dir='ltr'>parte</span> <span class='ocrx_word' id='word_1_50' title='bbox 995 367 1100 406; x_wconf 85' lang='lat' dir='ltr'>sexta.</span> <span class='ocrx_word' id='word_1_51' title='bbox 1113 369 1326 417; x_wconf 60' lang='lat' dir='ltr'>Proiectum</span> <span class='ocrx_word' id='word_1_52' title='bbox 1339 380 1468 407; x_wconf 88' lang='lat' dir='ltr'>autem</span> <span class='ocrx_word' id='word_1_53' title='bbox 1480 380 1614 420; x_wconf 87' lang='lat' dir='ltr'>quanta</span> <span class='ocrx_word' id='word_1_54' title='bbox 1627 369 1676 407; x_wconf 86' lang='lat' dir='ltr'>est</span> <span class='ocrx_word' id='word_1_55' title='bbox 1687 372 1761 416; x_wconf 80' lang='lat' dir='ltr'>ejus</span> <span class='ocrx_word' id='word_1_56' title='bbox 1774 374 1897 413; x_wconf 83' lang='lat' dir='ltr'>craffi-</span> 
     </span>
     <span class='ocr_line' id='line_1_8' title="bbox 309 423 1898 480; baseline -0.004 -9"><span class='ocrx_word' id='word_1_57' title='bbox 309 435 415 471; x_wconf 87' lang='lat' dir='ltr'>tudo.</span> <span class='ocrx_word' id='word_1_58' title='bbox 429 434 452 469; x_wconf 85' lang='lat' dir='ltr'><strong><em>S</em></strong></span> <span class='ocrx_word' id='word_1_59' title='bbox 457 433 513 469; x_wconf 89' lang='lat' dir='ltr'>cul</span> <span class='ocrx_word' id='word_1_60' title='bbox 517 429 682 480; x_wconf 89' lang='lat' dir='ltr'>pendum</span> <span class='ocrx_word' id='word_1_61' title='bbox 694 426 742 463; x_wconf 87' lang='lat' dir='ltr'>est</span> <span class='ocrx_word' id='word_1_62' title='bbox 757 427 960 474; x_wconf 81' lang='lat' dir='ltr'>cymatium</span> <span class='ocrx_word' id='word_1_63' title='bbox 972 423 1148 462; x_wconf 81' lang='lat' dir='ltr'>Lesbium</span> <span class='ocrx_word' id='word_1_64' title='bbox 1161 437 1249 462; x_wconf 89' lang='lat' dir='ltr'>cum</span> <span class='ocrx_word' id='word_1_65' title='bbox 1261 425 1574 477; x_wconf 83' lang='lat' dir='ltr'>astragalo.Supra</span> <span class='ocrx_word' id='word_1_66' title='bbox 1586 427 1786 474; x_wconf 79' lang='lat' dir='ltr'>cymatium</span> <span class='ocrx_word' id='word_1_67' title='bbox 1796 431 1898 478; x_wconf 87' lang='lat' dir='ltr'>quod</span> 
     </span>
     <span class='ocr_line' id='line_1_9' title="bbox 308 478 1900 537; baseline -0.004 -11"><span class='ocrx_word' id='word_1_68' title='bbox 308 491 375 526; x_wconf 87' lang='lat' dir='ltr'>erit</span> <span class='ocrx_word' id='word_1_69' title='bbox 392 490 429 524; x_wconf 88' lang='lat' dir='ltr'>in</span> <span class='ocrx_word' id='word_1_70' title='bbox 442 485 645 537; x_wconf 86' lang='lat' dir='ltr'>supercilio,</span> <span class='ocrx_word' id='word_1_71' title='bbox 661 480 929 519; x_wconf 85' lang='lat' dir='ltr'>collocandum</span> <span class='ocrx_word' id='word_1_72' title='bbox 941 479 991 518; x_wconf 88' lang='lat' dir='ltr'>est</span> <span class='ocrx_word' id='word_1_73' title='bbox 1009 478 1083 532; x_wconf 87' lang='lat' dir='ltr'>[f]</span> <span class='ocrx_word' id='word_1_74' title='bbox 1107 480 1370 530; x_wconf 75' lang='lat' dir='ltr'>hyperthyrum</span> <span class='ocrx_word' id='word_1_75' title='bbox 1390 480 1623 519; x_wconf 78' lang='lat' dir='ltr'>crassitudine</span> <span class='ocrx_word' id='word_1_76' title='bbox 1638 479 1838 533; x_wconf 85' lang='lat' dir='ltr'>supercilii,</span> <span class='ocrx_word' id='word_1_77' title='bbox 1861 486 1900 524; x_wconf 67' lang='grc' dir='ltr'>δι,</span> 
     </span>
     <span class='ocr_line' id='line_1_10' title="bbox 306 535 1900 592; baseline -0.004 -13"><span class='ocrx_word' id='word_1_78' title='bbox 306 546 345 582; x_wconf 88' lang='lat' dir='ltr'>in</span> <span class='ocrx_word' id='word_1_79' title='bbox 358 556 405 582; x_wconf 86' lang='lat' dir='ltr'>co</span> <span class='ocrx_word' id='word_1_80' title='bbox 416 540 651 592; x_wconf 84' lang='lat' dir='ltr'>scalpendum</span> <span class='ocrx_word' id='word_1_81' title='bbox 665 537 714 574; x_wconf 87' lang='lat' dir='ltr'>est</span> <span class='ocrx_word' id='word_1_82' title='bbox 725 538 931 585; x_wconf 83' lang='lat' dir='ltr'>cymatium</span> <span class='ocrx_word' id='word_1_83' title='bbox 945 537 1223 589; x_wconf 79' lang='lat' dir='ltr'>Doricum‚[g]</span> <span class='ocrx_word' id='word_1_84' title='bbox 1235 537 1447 586; x_wconf 85' lang='lat' dir='ltr'>astragalum</span> <span class='ocrx_word' id='word_1_85' title='bbox 1458 535 1638 574; x_wconf 88' lang='lat' dir='ltr'>Lesbium</span> <span class='ocrx_word' id='word_1_86' title='bbox 1651 536 1738 574; x_wconf 87' lang='lat' dir='ltr'>sima</span> <span class='ocrx_word' id='word_1_87' title='bbox 1749 536 1900 589; x_wconf 84' lang='lat' dir='ltr'>scalptu.</span> 
     </span>
     <span class='ocr_line' id='line_1_11' title="bbox 303 591 1902 644; baseline -0.001 -9"><span class='ocrx_word' id='word_1_88' title='bbox 303 611 355 637; x_wconf 86' lang='lat' dir='ltr'>ra.</span> <span class='ocrx_word' id='word_1_89' title='bbox 383 599 542 634; x_wconf 87' lang='lat' dir='ltr'>Corona</span> <span class='ocrx_word' id='word_1_90' title='bbox 554 593 688 632; x_wconf 88' lang='lat' dir='ltr'>deinde</span> <span class='ocrx_word' id='word_1_91' title='bbox 699 594 808 644; x_wconf 84' lang='lat' dir='ltr'>plana</span> <span class='ocrx_word' id='word_1_92' title='bbox 827 591 891 629; x_wconf 86' lang='lat' dir='ltr'>fiat</span> <span class='ocrx_word' id='word_1_93' title='bbox 903 604 991 629; x_wconf 89' lang='lat' dir='ltr'>cum</span> <span class='ocrx_word' id='word_1_94' title='bbox 1004 595 1190 640; x_wconf 87' lang='lat' dir='ltr'>cymatio:</span> <span class='ocrx_word' id='word_1_95' title='bbox 1210 593 1417 643; x_wconf 61' lang='lat' dir='ltr'>proiectura</span> <span class='ocrx_word' id='word_1_96' title='bbox 1437 601 1563 629; x_wconf 84' lang='lat' dir='ltr'>autem</span> <span class='ocrx_word' id='word_1_97' title='bbox 1581 594 1658 639; x_wconf 80' lang='lat' dir='ltr'>ejus</span> <span class='ocrx_word' id='word_1_98' title='bbox 1670 595 1751 638; x_wconf 86' lang='lat' dir='ltr'>etit,</span> <span class='ocrx_word' id='word_1_99' title='bbox 1762 606 1902 644; x_wconf 79' lang='lat' dir='ltr'>quanta</span> 
     </span>
     <span class='ocr_line' id='line_1_12' title="bbox 303 647 1902 702; baseline -0.002 -11"><span class='ocrx_word' id='word_1_100' title='bbox 303 653 459 691; x_wconf 88' lang='lat' dir='ltr'>altitudo</span> <span class='ocrx_word' id='word_1_101' title='bbox 472 650 663 702; x_wconf 83' lang='lat' dir='ltr'>supercilii,</span> <span class='ocrx_word' id='word_1_102' title='bbox 679 649 786 699; x_wconf 88' lang='lat' dir='ltr'>quod</span> <span class='ocrx_word' id='word_1_103' title='bbox 797 647 899 699; x_wconf 87' lang='lat' dir='ltr'>supra</span> <span class='ocrx_word' id='word_1_104' title='bbox 911 657 1196 697; x_wconf 80' lang='lat' dir='ltr'>antepagmenta</span> <span class='ocrx_word' id='word_1_105' title='bbox 1212 649 1428 698; x_wconf 84' lang='lat' dir='ltr'>imponitur.</span> <span class='ocrx_word' id='word_1_106' title='bbox 1449 648 1590 685; x_wconf 84' lang='lat' dir='ltr'>Dextra</span> <span class='ocrx_word' id='word_1_107' title='bbox 1609 659 1652 684; x_wconf 89' lang='lat' dir='ltr'>ac</span> <span class='ocrx_word' id='word_1_108' title='bbox 1673 648 1805 686; x_wconf 85' lang='lat' dir='ltr'>sinistra</span> <span class='ocrx_word' id='word_1_109' title='bbox 1817 663 1902 700; x_wconf 92' lang='lat' dir='ltr'>pro-</span> 
     </span>
     <span class='ocr_line' id='line_1_13' title="bbox 303 701 1903 754; baseline -0.001 -8"><span class='ocrx_word' id='word_1_110' title='bbox 303 710 445 753; x_wconf 67' lang='lat' dir='ltr'>jecturae</span> <span class='ocrx_word' id='word_1_111' title='bbox 465 706 515 744; x_wconf 90' lang='lat' dir='ltr'>sic</span> <span class='ocrx_word' id='word_1_112' title='bbox 535 706 615 743; x_wconf 89' lang='lat' dir='ltr'>suut</span> <span class='ocrx_word' id='word_1_113' title='bbox 637 704 814 743; x_wconf 65' lang='lat' dir='ltr'>faciendae</span> <span class='ocrx_word' id='word_1_114' title='bbox 827 705 899 748; x_wconf 87' lang='lat' dir='ltr'>,uti</span> <span class='ocrx_word' id='word_1_115' title='bbox 918 703 975 751; x_wconf 76' lang='grc' dir='ltr'>(Τ)</span> <span class='ocrx_word' id='word_1_116' title='bbox 992 703 1198 753; x_wconf 82' lang='lat' dir='ltr'>crepidines</span> <span class='ocrx_word' id='word_1_117' title='bbox 1210 701 1452 740; x_wconf 82' lang='lat' dir='ltr'>excurrant&amp;</span> <span class='ocrx_word' id='word_1_118' title='bbox 1464 705 1500 740; x_wconf 91' lang='lat' dir='ltr'>in</span> <span class='ocrx_word' id='word_1_119' title='bbox 1513 715 1635 752; x_wconf 82' lang='lat' dir='ltr'>ungue</span> <span class='ocrx_word' id='word_1_120' title='bbox 1657 705 1730 754; x_wconf 81' lang='lat' dir='ltr'>ipsa</span> <span class='ocrx_word' id='word_1_121' title='bbox 1747 708 1903 753; x_wconf 86' lang='lat' dir='ltr'>cymatia</span> 
     </span>
     <span class='ocr_line' id='line_1_14' title="bbox 304 756 1902 813; baseline -0.002 -10"><span class='ocrx_word' id='word_1_122' title='bbox 304 767 593 813; x_wconf 78' lang='lat' dir='ltr'>conjungantur.</span> <span class='ocrx_word' id='word_1_123' title='bbox 623 761 685 798; x_wconf 89' lang='lat' dir='ltr'>Sin</span> <span class='ocrx_word' id='word_1_124' title='bbox 707 770 834 798; x_wconf 88' lang='lat' dir='ltr'>autem</span> <span class='ocrx_word' id='word_1_125' title='bbox 846 761 884 796; x_wconf 91' lang='lat' dir='ltr'>in</span> <span class='ocrx_word' id='word_1_126' title='bbox 903 760 1038 796; x_wconf 89' lang='lat' dir='ltr'>lonico</span> <span class='ocrx_word' id='word_1_127' title='bbox 1056 770 1190 808; x_wconf 81' lang='lat' dir='ltr'>genere</span> <span class='ocrx_word' id='word_1_128' title='bbox 1209 758 1336 803; x_wconf 65' lang='lat' dir='ltr'>futurae</span> <span class='ocrx_word' id='word_1_129' title='bbox 1348 769 1455 796; x_wconf 81' lang='lat' dir='ltr'>erunt</span> <span class='ocrx_word' id='word_1_130' title='bbox 1467 787 1477 804; x_wconf 93' lang='lat'>,</span> <span class='ocrx_word' id='word_1_131' title='bbox 1497 756 1561 804; x_wconf 79' lang='lat' dir='ltr'>[h]</span> <span class='ocrx_word' id='word_1_132' title='bbox 1581 760 1706 797; x_wconf 91' lang='lat' dir='ltr'>lumen</span> <span class='ocrx_word' id='word_1_133' title='bbox 1719 762 1834 798; x_wconf 87' lang='lat' dir='ltr'>altum</span> <span class='ocrx_word' id='word_1_134' title='bbox 1854 762 1902 800; x_wconf 86' lang='lat' dir='ltr'>ad</span> 
     </span>
     <span class='ocr_line' id='line_1_15' title="bbox 305 814 1904 866; baseline -0.002 -8"><span class='ocrx_word' id='word_1_135' title='bbox 305 820 468 859; x_wconf 88' lang='lat' dir='ltr'>eundem</span> <span class='ocrx_word' id='word_1_136' title='bbox 483 818 655 856; x_wconf 82' lang='lat' dir='ltr'>modum,</span> <span class='ocrx_word' id='word_1_137' title='bbox 669 815 995 866; x_wconf 85' lang='lat' dir='ltr'>quemadmodum</span> <span class='ocrx_word' id='word_1_138' title='bbox 1008 816 1043 851; x_wconf 88' lang='lat' dir='ltr'>in</span> <span class='ocrx_word' id='word_1_139' title='bbox 1055 815 1206 851; x_wconf 82' lang='lat' dir='ltr'>Doricis</span> <span class='ocrx_word' id='word_1_140' title='bbox 1216 814 1293 852; x_wconf 85' lang='lat' dir='ltr'>fieri</span> <span class='ocrx_word' id='word_1_141' title='bbox 1304 814 1447 852; x_wconf 90' lang='lat' dir='ltr'>videtur</span> <span class='ocrx_word' id='word_1_142' title='bbox 1457 814 1630 854; x_wconf 89' lang='lat' dir='ltr'>latitudo,</span> <span class='ocrx_word' id='word_1_143' title='bbox 1644 816 1904 864; x_wconf 84' lang='lat' dir='ltr'>constituatur,</span> 
     </span>
     <span class='ocr_line' id='line_1_16' title="bbox 304 869 1904 921; baseline -0.002 -7"><span class='ocrx_word' id='word_1_144' title='bbox 304 879 359 914; x_wconf 89' lang='lat' dir='ltr'>uti</span> <span class='ocrx_word' id='word_1_145' title='bbox 376 875 534 913; x_wconf 79' lang='lat' dir='ltr'>altitudo</span> <span class='ocrx_word' id='word_1_146' title='bbox 545 872 726 911; x_wconf 88' lang='lat' dir='ltr'>dividatur</span> <span class='ocrx_word' id='word_1_147' title='bbox 745 872 780 907; x_wconf 90' lang='lat' dir='ltr'>in</span> <span class='ocrx_word' id='word_1_148' title='bbox 793 881 912 921; x_wconf 85' lang='lat' dir='ltr'>partes</span> <span class='ocrx_word' id='word_1_149' title='bbox 925 870 1012 907; x_wconf 80' lang='lat' dir='ltr'>duas</span> <span class='ocrx_word' id='word_1_150' title='bbox 1023 872 1059 907; x_wconf 73' lang='grc' dir='ltr'>ὅ(</span> <span class='ocrx_word' id='word_1_151' title='bbox 1072 869 1281 909; x_wconf 85' lang='lat' dir='ltr'>dimidiam,</span> <span class='ocrx_word' id='word_1_152' title='bbox 1305 872 1360 916; x_wconf 84' lang='lat' dir='ltr'>[t]</span> <span class='ocrx_word' id='word_1_153' title='bbox 1382 869 1527 920; x_wconf 83' lang='lat' dir='ltr'>ejusque</span> <span class='ocrx_word' id='word_1_154' title='bbox 1538 872 1651 920; x_wconf 87' lang='lat' dir='ltr'>partis</span> <span class='ocrx_word' id='word_1_155' title='bbox 1672 873 1777 910; x_wconf 87' lang='lat' dir='ltr'>unius</span> <span class='ocrx_word' id='word_1_156' title='bbox 1793 871 1904 911; x_wconf 85' lang='lat' dir='ltr'>semis</span> 
     </span>
     <span class='ocr_line' id='line_1_17' title="bbox 302 924 1904 978; baseline -0.002 -8"><span class='ocrx_word' id='word_1_157' title='bbox 302 934 378 970; x_wconf 87' lang='lat' dir='ltr'>ima</span> <span class='ocrx_word' id='word_1_158' title='bbox 389 931 541 969; x_wconf 85' lang='lat' dir='ltr'>luminis</span> <span class='ocrx_word' id='word_1_159' title='bbox 552 929 616 966; x_wconf 81' lang='lat' dir='ltr'>fiat</span> <span class='ocrx_word' id='word_1_160' title='bbox 627 928 806 965; x_wconf 80' lang='lat' dir='ltr'>latitudo:</span> <span class='ocrx_word' id='word_1_161' title='bbox 823 926 1066 963; x_wconf 64' lang='lat' dir='ltr'>contracturae</span> <span class='ocrx_word' id='word_1_162' title='bbox 1080 927 1128 962; x_wconf 86' lang='lat' dir='ltr'>ita</span> <span class='ocrx_word' id='word_1_163' title='bbox 1138 926 1228 963; x_wconf 87' lang='lat' dir='ltr'>utin</span> <span class='ocrx_word' id='word_1_164' title='bbox 1239 927 1401 963; x_wconf 84' lang='lat' dir='ltr'>Doricis.</span> <span class='ocrx_word' id='word_1_165' title='bbox 1415 924 1630 963; x_wconf 75' lang='lat' dir='ltr'>Crassitudo</span> <span class='ocrx_word' id='word_1_166' title='bbox 1640 938 1904 978; x_wconf 81' lang='lat' dir='ltr'>antepagmen-</span> 
     </span>
     <span class='ocr_line' id='line_1_18' title="bbox 303 980 1900 1031; baseline -0.002 -6"><span class='ocrx_word' id='word_1_167' title='bbox 303 999 431 1026; x_wconf 85' lang='lat' dir='ltr'>torum</span> <span class='ocrx_word' id='word_1_168' title='bbox 441 985 633 1023; x_wconf 86' lang='lat' dir='ltr'>altitudine</span> <span class='ocrx_word' id='word_1_169' title='bbox 644 985 794 1020; x_wconf 88' lang='lat' dir='ltr'>luminis</span> <span class='ocrx_word' id='word_1_170' title='bbox 806 983 844 1018; x_wconf 88' lang='lat' dir='ltr'>in</span> <span class='ocrx_word' id='word_1_171' title='bbox 856 981 980 1018; x_wconf 88' lang='lat' dir='ltr'>fronte</span> <span class='ocrx_word' id='word_1_172' title='bbox 992 993 1013 1019; x_wconf 81' lang='lat' dir='ltr'><strong>x</strong></span> <span class='ocrx_word' id='word_1_173' title='bbox 1022 993 1065 1018; x_wconf 85' lang='lat' dir='ltr'>iv</span> <span class='ocrx_word' id='word_1_174' title='bbox 1076 982 1402 1031; x_wconf 86' lang='lat' dir='ltr'>parte,cymatium</span> <span class='ocrx_word' id='word_1_175' title='bbox 1415 981 1523 1027; x_wconf 84' lang='lat' dir='ltr'>hujus</span> <span class='ocrx_word' id='word_1_176' title='bbox 1535 980 1779 1020; x_wconf 78' lang='lat' dir='ltr'>crass‘itudinis</span> <span class='ocrx_word' id='word_1_177' title='bbox 1791 983 1900 1022; x_wconf 87' lang='lat' dir='ltr'>sexta:</span> 
     </span>
     <span class='ocr_line' id='line_1_19' title="bbox 302 1036 1902 1092; baseline -0.003 -11"><span class='ocrx_word' id='word_1_178' title='bbox 302 1046 445 1092; x_wconf 86' lang='lat' dir='ltr'>reliqua</span> <span class='ocrx_word' id='word_1_179' title='bbox 461 1053 555 1092; x_wconf 80' lang='lat' dir='ltr'>pars,</span> <span class='ocrx_word' id='word_1_180' title='bbox 573 1049 699 1092; x_wconf 81' lang='lat' dir='ltr'>praeter</span> <span class='ocrx_word' id='word_1_181' title='bbox 721 1039 938 1087; x_wconf 83' lang='lat' dir='ltr'>cymatium,</span> <span class='ocrx_word' id='word_1_182' title='bbox 948 1036 1131 1074; x_wconf 84' lang='lat' dir='ltr'>dividatur</span> <span class='ocrx_word' id='word_1_183' title='bbox 1148 1039 1184 1074; x_wconf 93' lang='lat' dir='ltr'>in</span> <span class='ocrx_word' id='word_1_184' title='bbox 1196 1048 1314 1088; x_wconf 85' lang='lat' dir='ltr'>partes</span> <span class='ocrx_word' id='word_1_185' title='bbox 1325 1049 1368 1075; x_wconf 80' lang='lat' dir='ltr'>xi</span> <span class='ocrx_word' id='word_1_186' title='bbox 1383 1050 1396 1073; x_wconf 93' lang='lat'>1</span> <span class='ocrx_word' id='word_1_187' title='bbox 1411 1058 1421 1085; x_wconf 75' lang='lat'>5</span> <span class='ocrx_word' id='word_1_188' title='bbox 1437 1036 1568 1075; x_wconf 89' lang='lat' dir='ltr'>harum</span> <span class='ocrx_word' id='word_1_189' title='bbox 1580 1038 1690 1074; x_wconf 89' lang='lat' dir='ltr'>trium</span> <span class='ocrx_word' id='word_1_190' title='bbox 1701 1041 1819 1089; x_wconf 86' lang='lat' dir='ltr'>prima</span> <span class='ocrx_word' id='word_1_191' title='bbox 1839 1039 1902 1086; x_wconf 77' lang='lat' dir='ltr'>[k]</span> 
     </span>
    </p>
   </div>
   <div class='ocr_carea' id='block_1_4' title="bbox 163 1092 1903 1144">
    <p class='ocr_par' dir='ltr' id='par_1_4' title="bbox 163 1092 1903 1144">
     <span class='ocr_line' id='line_1_20' title="bbox 163 1092 1903 1144; baseline -0.01 -3"><span class='ocrx_word' id='word_1_192' title='bbox 163 1117 192 1140; x_wconf 72' lang='lat' dir='ltr'>r.</span> <span class='ocrx_word' id='word_1_193' title='bbox 213 1122 244 1140; x_wconf 78' lang='lat' dir='ltr'>ex</span> <span class='ocrx_word' id='word_1_194' title='bbox 261 1121 291 1140; x_wconf 73' lang='lat' dir='ltr'>ea</span> <span class='ocrx_word' id='word_1_195' title='bbox 306 1099 406 1137; x_wconf 82' lang='lat' dir='ltr'>corsa</span> <span class='ocrx_word' id='word_1_196' title='bbox 429 1097 492 1134; x_wconf 85' lang='lat' dir='ltr'>fiat</span> <span class='ocrx_word' id='word_1_197' title='bbox 509 1108 599 1134; x_wconf 90' lang='lat' dir='ltr'>cum</span> <span class='ocrx_word' id='word_1_198' title='bbox 618 1094 808 1144; x_wconf 84' lang='lat' dir='ltr'>astragalo,</span> <span class='ocrx_word' id='word_1_199' title='bbox 829 1092 986 1130; x_wconf 84' lang='lat' dir='ltr'>secunda</span> <span class='ocrx_word' id='word_1_200' title='bbox 1004 1103 1185 1142; x_wconf 86' lang='lat' dir='ltr'>quatuor,</span> <span class='ocrx_word' id='word_1_201' title='bbox 1207 1095 1315 1131; x_wconf 88' lang='lat' dir='ltr'>tertia</span> <span class='ocrx_word' id='word_1_202' title='bbox 1333 1094 1515 1142; x_wconf 88' lang='lat' dir='ltr'>quinque,</span> <span class='ocrx_word' id='word_1_203' title='bbox 1541 1105 1665 1141; x_wconf 84' lang='lat' dir='ltr'>eaeque</span> <span class='ocrx_word' id='word_1_204' title='bbox 1686 1095 1794 1131; x_wconf 74' lang='lat' dir='ltr'>corsae</span> <span class='ocrx_word' id='word_1_205' title='bbox 1813 1107 1903 1133; x_wconf 75' lang='lat' dir='ltr'>cum</span> 
     </span>
    </p>
   </div>
   <div class='ocr_carea' id='block_1_5' title="bbox 159 1163 233 1193">
    <p class='ocr_par' dir='ltr' id='par_1_5' title="bbox 159 1163 233 1193">
     <span class='ocr_line' id='line_1_21' title="bbox 159 1163 233 1193; baseline -0.014 -12"><span class='ocrx_word' id='word_1_206' title='bbox 159 1163 233 1193; x_wconf 53' lang='lat' dir='ltr'>&amp;que-</span> 
     </span>
    </p>
   </div>
   <div class='ocr_carea' id='block_1_6' title="bbox 304 1147 1903 1411">
    <p class='ocr_par' dir='ltr' id='par_1_6' title="bbox 304 1147 1903 1370">
     <span class='ocr_line' id='line_1_22' title="bbox 304 1147 1902 1204; baseline -0.003 -12"><span class='ocrx_word' id='word_1_207' title='bbox 304 1155 485 1204; x_wconf 76' lang='lat' dir='ltr'>astragalis</span> <span class='ocrx_word' id='word_1_208' title='bbox 504 1153 647 1190; x_wconf 88' lang='lat' dir='ltr'>circum</span> <span class='ocrx_word' id='word_1_209' title='bbox 662 1159 901 1188; x_wconf 83' lang='lat' dir='ltr'>concurrant.</span> <span class='ocrx_word' id='word_1_210' title='bbox 926 1147 1156 1200; x_wconf 77' lang='lat' dir='ltr'>Hyperthyra</span> <span class='ocrx_word' id='word_1_211' title='bbox 1177 1159 1306 1186; x_wconf 88' lang='lat' dir='ltr'>autem</span> <span class='ocrx_word' id='word_1_212' title='bbox 1319 1149 1364 1186; x_wconf 88' lang='lat' dir='ltr'>ad</span> <span class='ocrx_word' id='word_1_213' title='bbox 1383 1147 1545 1185; x_wconf 88' lang='lat' dir='ltr'>eundem</span> <span class='ocrx_word' id='word_1_214' title='bbox 1566 1150 1726 1187; x_wconf 90' lang='lat' dir='ltr'>modum</span> <span class='ocrx_word' id='word_1_215' title='bbox 1737 1162 1902 1201; x_wconf 88' lang='lat' dir='ltr'>compo-</span> 
     </span>
     <span class='ocr_line' id='line_1_23' title="bbox 304 1201 1903 1257; baseline -0.003 -9"><span class='ocrx_word' id='word_1_216' title='bbox 304 1222 450 1253; x_wconf 87' lang='lat' dir='ltr'>nantur,</span> <span class='ocrx_word' id='word_1_217' title='bbox 462 1207 784 1257; x_wconf 86' lang='lat' dir='ltr'>quemadmodum</span> <span class='ocrx_word' id='word_1_218' title='bbox 795 1207 831 1242; x_wconf 92' lang='lat' dir='ltr'>in</span> <span class='ocrx_word' id='word_1_219' title='bbox 842 1206 994 1242; x_wconf 88' lang='lat' dir='ltr'>Doricis</span> <span class='ocrx_word' id='word_1_220' title='bbox 1006 1203 1338 1254; x_wconf 88' lang='lat' dir='ltr'>hyperthyridibus.</span> <span class='ocrx_word' id='word_1_221' title='bbox 1359 1201 1412 1250; x_wconf 85' lang='lat'>[1]</span> <span class='ocrx_word' id='word_1_222' title='bbox 1426 1203 1618 1242; x_wconf 53' lang='lat' dir='ltr'>Anconem,</span> <span class='ocrx_word' id='word_1_223' title='bbox 1634 1204 1705 1242; x_wconf 89' lang='lat' dir='ltr'>sive</span> <span class='ocrx_word' id='word_1_224' title='bbox 1718 1206 1903 1255; x_wconf 87' lang='lat' dir='ltr'>prothyti·</span> 
     </span>
     <span class='ocr_line' id='line_1_24' title="bbox 305 1259 1903 1314; baseline -0.003 -10"><span class='ocrx_word' id='word_1_225' title='bbox 305 1267 370 1304; x_wconf 81' lang='lat' dir='ltr'>des</span> <span class='ocrx_word' id='word_1_226' title='bbox 391 1275 586 1307; x_wconf 86' lang='lat' dir='ltr'>vocentur,</span> <span class='ocrx_word' id='word_1_227' title='bbox 605 1263 787 1314; x_wconf 80' lang='lat' dir='ltr'>exculptae</span> <span class='ocrx_word' id='word_1_228' title='bbox 807 1261 932 1298; x_wconf 83' lang='lat' dir='ltr'>dextra</span> <span class='ocrx_word' id='word_1_229' title='bbox 955 1271 999 1296; x_wconf 87' lang='lat' dir='ltr'>ae</span> <span class='ocrx_word' id='word_1_230' title='bbox 1016 1259 1152 1296; x_wconf 81' lang='lat' dir='ltr'>sinistra</span> <span class='ocrx_word' id='word_1_231' title='bbox 1173 1259 1431 1310; x_wconf 60' lang='lat' dir='ltr'>praependeant</span> <span class='ocrx_word' id='word_1_232' title='bbox 1449 1259 1496 1296; x_wconf 89' lang='lat' dir='ltr'>ad</span> <span class='ocrx_word' id='word_1_233' title='bbox 1514 1261 1581 1296; x_wconf 90' lang='lat' dir='ltr'>imi</span> <span class='ocrx_word' id='word_1_234' title='bbox 1594 1259 1776 1310; x_wconf 84' lang='lat' dir='ltr'>supercilii</span> <span class='ocrx_word' id='word_1_235' title='bbox 1794 1261 1903 1300; x_wconf 91' lang='lat' dir='ltr'>libra-</span> 
     </span>
     <span class='ocr_line' id='line_1_25' title="bbox 306 1313 1903 1370; baseline -0.003 -10"><span class='ocrx_word' id='word_1_236' title='bbox 306 1329 631 1370; x_wconf 78' lang='lat' dir='ltr'>meiituni‚praeter</span> <span class='ocrx_word' id='word_1_237' title='bbox 643 1317 790 1356; x_wconf 88' lang='lat' dir='ltr'>folium.</span> <span class='ocrx_word' id='word_1_238' title='bbox 827 1317 886 1354; x_wconf 80' lang='lat' dir='ltr'>Eae</span> <span class='ocrx_word' id='word_1_239' title='bbox 903 1315 1040 1354; x_wconf 79' lang='lat' dir='ltr'>liabent</span> <span class='ocrx_word' id='word_1_240' title='bbox 1059 1316 1097 1353; x_wconf 89' lang='lat' dir='ltr'>in</span> <span class='ocrx_word' id='word_1_241' title='bbox 1115 1315 1239 1355; x_wconf 90' lang='lat' dir='ltr'>fronte</span> <span class='ocrx_word' id='word_1_242' title='bbox 1258 1313 1531 1355; x_wconf 88' lang='lat' dir='ltr'>crassitudinem</span> <span class='ocrx_word' id='word_1_243' title='bbox 1542 1327 1584 1352; x_wconf 83' lang='lat' dir='ltr'>ex</span> <span class='ocrx_word' id='word_1_244' title='bbox 1606 1319 1903 1368; x_wconf 86' lang='lat' dir='ltr'>antepagmentis</span> 
     </span>
    </p>

    <p class='ocr_par' dir='ltr' id='par_1_7' title="bbox 1281 1373 1902 1411">
     <span class='ocr_line' id='line_1_26' title="bbox 1281 1373 1902 1411; baseline 0.01 -6"><span class='ocrx_word' id='word_1_245' title='bbox 1281 1386 1285 1391; x_wconf 41' lang='lat' dir='ltr'>f</span> <span class='ocrx_word' id='word_1_246' title='bbox 1783 1373 1902 1411; x_wconf 83' lang='lat' dir='ltr'>tribus</span> 
     </span>
    </p>
   </div>
   <div class='ocr_carea' id='block_1_7' title="bbox 302 1464 1904 2076">
    <p class='ocr_par' dir='ltr' id='par_1_8' title="bbox 305 1464 1904 1629">
     <span class='ocr_line' id='line_1_27' title="bbox 305 1464 1904 1506; baseline -0.003 -9"><span class='ocrx_word' id='word_1_247' title='bbox 305 1470 339 1505; x_wconf 71' lang='lat' dir='ltr'>*J</span> <span class='ocrx_word' id='word_1_248' title='bbox 364 1471 510 1498; x_wconf 80' lang='lat' dir='ltr'>Pliilander.</span> <span class='ocrx_word' id='word_1_249' title='bbox 530 1471 559 1497; x_wconf 91' lang='lat' dir='ltr'>ld</span> <span class='ocrx_word' id='word_1_250' title='bbox 571 1470 615 1500; x_wconf 78' lang='lat' dir='ltr'>est.</span> <span class='ocrx_word' id='word_1_251' title='bbox 626 1469 677 1496; x_wconf 64' lang='lat' dir='ltr'>line</span> <span class='ocrx_word' id='word_1_252' title='bbox 688 1469 738 1497; x_wconf 80' lang='lat' dir='ltr'>ulla</span> <span class='ocrx_word' id='word_1_253' title='bbox 750 1468 935 1496; x_wconf 66' lang='lat' dir='ltr'>contractione</span> <span class='ocrx_word' id='word_1_254' title='bbox 945 1489 952 1500; x_wconf 80' lang='grc'>,</span> <span class='ocrx_word' id='word_1_255' title='bbox 970 1477 1013 1496; x_wconf 90' lang='lat' dir='ltr'>aut</span> <span class='ocrx_word' id='word_1_256' title='bbox 1025 1468 1113 1506; x_wconf 77' lang='lat' dir='ltr'>potius</span> <span class='ocrx_word' id='word_1_257' title='bbox 1126 1468 1143 1495; x_wconf 82' lang='lat' dir='ltr'>li</span> <span class='ocrx_word' id='word_1_258' title='bbox 1155 1468 1244 1496; x_wconf 89' lang='lat' dir='ltr'>lumen</span> <span class='ocrx_word' id='word_1_259' title='bbox 1255 1467 1287 1495; x_wconf 84' lang='lat' dir='ltr'>ab</span> <span class='ocrx_word' id='word_1_260' title='bbox 1297 1468 1353 1494; x_wconf 88' lang='lat' dir='ltr'>imo</span> <span class='ocrx_word' id='word_1_261' title='bbox 1365 1467 1396 1494; x_wconf 78' lang='lat' dir='ltr'>ad</span> <span class='ocrx_word' id='word_1_262' title='bbox 1408 1465 1541 1495; x_wconf 86' lang='lat' dir='ltr'>summum</span> <span class='ocrx_word' id='word_1_263' title='bbox 1552 1466 1682 1505; x_wconf 83' lang='lat' dir='ltr'>superabit</span> <span class='ocrx_word' id='word_1_264' title='bbox 1693 1465 1770 1505; x_wconf 77' lang='lat' dir='ltr'>pedes</span> <span class='ocrx_word' id='word_1_265' title='bbox 1779 1464 1904 1505; x_wconf 55' lang='lat' dir='ltr'>trigintaj</span> 
     </span>
     <span class='ocr_line' id='line_1_28' title="bbox 341 1505 1903 1548; baseline -0.004 -9"><span class='ocrx_word' id='word_1_266' title='bbox 341 1510 484 1539; x_wconf 78' lang='lat' dir='ltr'>secundum</span> <span class='ocrx_word' id='word_1_267' title='bbox 495 1519 578 1538; x_wconf 79' lang='lat' dir='ltr'>ratam</span> <span class='ocrx_word' id='word_1_268' title='bbox 587 1510 734 1548; x_wconf 73' lang='lat' dir='ltr'>partem‚ad</span> <span class='ocrx_word' id='word_1_269' title='bbox 745 1508 858 1537; x_wconf 86' lang='lat' dir='ltr'>eundem</span> <span class='ocrx_word' id='word_1_270' title='bbox 870 1510 981 1536; x_wconf 80' lang='lat' dir='ltr'>modum</span> <span class='ocrx_word' id='word_1_271' title='bbox 991 1509 1154 1547; x_wconf 81' lang='lat' dir='ltr'>expedienda</span> <span class='ocrx_word' id='word_1_272' title='bbox 1161 1511 1210 1536; x_wconf 85' lang='lat' dir='ltr'>erit</span> <span class='ocrx_word' id='word_1_273' title='bbox 1219 1509 1324 1536; x_wconf 80' lang='lat' dir='ltr'>luminis</span> <span class='ocrx_word' id='word_1_274' title='bbox 1336 1509 1515 1536; x_wconf 63' lang='lat' dir='ltr'>contr-istum.</span> <span class='ocrx_word' id='word_1_275' title='bbox 1523 1511 1588 1546; x_wconf 75' lang='lat' dir='ltr'>Atq3</span> <span class='ocrx_word' id='word_1_276' title='bbox 1598 1508 1635 1535; x_wconf 82' lang='lat' dir='ltr'>ita</span> <span class='ocrx_word' id='word_1_277' title='bbox 1645 1507 1676 1535; x_wconf 87' lang='lat' dir='ltr'>ad</span> <span class='ocrx_word' id='word_1_278' title='bbox 1683 1505 1903 1546; x_wconf 87' lang='lat' dir='ltr'>perpendiculum</span> 
     </span>
     <span class='ocr_line' id='line_1_29' title="bbox 345 1547 1903 1588; baseline -0.003 -9"><span class='ocrx_word' id='word_1_279' title='bbox 345 1552 482 1582; x_wconf 74' lang='lat' dir='ltr'>collocari,</span> <span class='ocrx_word' id='word_1_280' title='bbox 499 1552 548 1578; x_wconf 87' lang='lat' dir='ltr'>erit</span> <span class='ocrx_word' id='word_1_281' title='bbox 561 1551 684 1588; x_wconf 77' lang='lat' dir='ltr'>tantisper</span> <span class='ocrx_word' id='word_1_282' title='bbox 696 1560 744 1588; x_wconf 88' lang='lat' dir='ltr'>pro</span> <span class='ocrx_word' id='word_1_283' title='bbox 755 1558 809 1576; x_wconf 88' lang='lat' dir='ltr'>rata</span> <span class='ocrx_word' id='word_1_284' title='bbox 820 1558 943 1588; x_wconf 82' lang='lat' dir='ltr'>portione</span> <span class='ocrx_word' id='word_1_285' title='bbox 952 1549 1042 1577; x_wconf 83' lang='lat' dir='ltr'>lumen</span> <span class='ocrx_word' id='word_1_286' title='bbox 1052 1549 1208 1581; x_wconf 80' lang='lat' dir='ltr'>diminuere,</span> <span class='ocrx_word' id='word_1_287' title='bbox 1221 1549 1284 1576; x_wconf 90' lang='lat' dir='ltr'>dum</span> <span class='ocrx_word' id='word_1_288' title='bbox 1295 1547 1404 1576; x_wconf 79' lang='lat' dir='ltr'>tandem</span> <span class='ocrx_word' id='word_1_289' title='bbox 1412 1548 1553 1587; x_wconf 85' lang='lat' dir='ltr'>aliquando</span> <span class='ocrx_word' id='word_1_290' title='bbox 1565 1558 1599 1576; x_wconf 89' lang='lat' dir='ltr'>eo</span> <span class='ocrx_word' id='word_1_291' title='bbox 1607 1547 1753 1576; x_wconf 80' lang='lat' dir='ltr'>altitudinis</span> <span class='ocrx_word' id='word_1_292' title='bbox 1763 1548 1863 1580; x_wconf 86' lang='lat' dir='ltr'>veniat,</span> <span class='ocrx_word' id='word_1_293' title='bbox 1872 1553 1903 1574; x_wconf 85' lang='lat' dir='ltr'>ut</span> 
     </span>
     <span class='ocr_line' id='line_1_30' title="bbox 347 1588 1786 1629; baseline -0.003 -9"><span class='ocrx_word' id='word_1_294' title='bbox 347 1592 418 1623; x_wconf 70' lang='lat' dir='ltr'>nulla</span> <span class='ocrx_word' id='word_1_295' title='bbox 430 1592 614 1619; x_wconf 61' lang='lat' dir='ltr'>commestione</span> <span class='ocrx_word' id='word_1_296' title='bbox 627 1601 693 1627; x_wconf 84' lang='lat' dir='ltr'>opus</span> <span class='ocrx_word' id='word_1_297' title='bbox 705 1592 744 1617; x_wconf 80' lang='lat' dir='ltr'>lit.</span> <span class='ocrx_word' id='word_1_298' title='bbox 769 1593 839 1628; x_wconf 52' lang='lat' dir='ltr'>Qu:</span> <span class='ocrx_word' id='word_1_299' title='bbox 851 1599 922 1617; x_wconf 86' lang='lat' dir='ltr'>enirn</span> <span class='ocrx_word' id='word_1_300' title='bbox 933 1589 965 1617; x_wconf 84' lang='lat' dir='ltr'>ab</span> <span class='ocrx_word' id='word_1_301' title='bbox 975 1589 1057 1617; x_wconf 88' lang='lat' dir='ltr'>oculo</span> <span class='ocrx_word' id='word_1_302' title='bbox 1067 1590 1174 1629; x_wconf 78' lang='lat' dir='ltr'>longius</span> <span class='ocrx_word' id='word_1_303' title='bbox 1186 1589 1288 1620; x_wconf 82' lang='lat' dir='ltr'>absunt,</span> <span class='ocrx_word' id='word_1_304' title='bbox 1297 1588 1386 1627; x_wconf 79' lang='lat' dir='ltr'>suapte</span> <span class='ocrx_word' id='word_1_305' title='bbox 1395 1597 1486 1617; x_wconf 75' lang='lat' dir='ltr'>natura</span> <span class='ocrx_word' id='word_1_306' title='bbox 1498 1588 1641 1629; x_wconf 77' lang='lat' dir='ltr'>graciliora</span> <span class='ocrx_word' id='word_1_307' title='bbox 1653 1588 1786 1616; x_wconf 87' lang='lat' dir='ltr'>videntur.</span> 
     </span>
    </p>

    <p class='ocr_par' dir='ltr' id='par_1_9' title="bbox 302 1627 1904 1780">
     <span class='ocr_line' id='line_1_31' title="bbox 302 1627 1904 1670; baseline -0.004 -10"><span class='ocrx_word' id='word_1_308' title='bbox 302 1631 338 1670; x_wconf 86' lang='lat' dir='ltr'>f]</span> <span class='ocrx_word' id='word_1_309' title='bbox 360 1633 442 1660; x_wconf 78' lang='lat' dir='ltr'>Idem.</span> <span class='ocrx_word' id='word_1_310' title='bbox 455 1632 657 1670; x_wconf 84' lang='lat' dir='ltr'>Superliminare</span> <span class='ocrx_word' id='word_1_311' title='bbox 668 1630 732 1657; x_wconf 86' lang='lat' dir='ltr'>Plin.</span> <span class='ocrx_word' id='word_1_312' title='bbox 744 1630 842 1658; x_wconf 81' lang='lat' dir='ltr'>dicitur</span> <span class='ocrx_word' id='word_1_313' title='bbox 852 1629 897 1657; x_wconf 90' lang='lat' dir='ltr'>lib.</span> <span class='ocrx_word' id='word_1_314' title='bbox 910 1640 984 1658; x_wconf 79' lang='lat' dir='ltr'>xxix.</span> <span class='ocrx_word' id='word_1_315' title='bbox 994 1641 1050 1668; x_wconf 82' lang='lat' dir='ltr'>cap.</span> <span class='ocrx_word' id='word_1_316' title='bbox 1060 1640 1100 1657; x_wconf 85' lang='lat' dir='ltr'>iv.</span> <span class='ocrx_word' id='word_1_317' title='bbox 1123 1632 1211 1658; x_wconf 76' lang='lat' dir='ltr'>Graeci</span> <span class='ocrx_word' id='word_1_318' title='bbox 1221 1628 1293 1666; x_wconf 51' lang='lat' dir='ltr'>&amp;iligna</span> <span class='ocrx_word' id='word_1_319' title='bbox 1303 1630 1407 1663; x_wconf 73' lang='lat' dir='ltr'>januam</span> <span class='ocrx_word' id='word_1_320' title='bbox 1427 1629 1478 1657; x_wconf 88' lang='lat' dir='ltr'>five</span> <span class='ocrx_word' id='word_1_321' title='bbox 1489 1629 1585 1657; x_wconf 83' lang='lat' dir='ltr'>ostium</span> <span class='ocrx_word' id='word_1_322' title='bbox 1601 1637 1700 1657; x_wconf 85' lang='lat' dir='ltr'>vocant</span> <span class='ocrx_word' id='word_1_323' title='bbox 1713 1649 1720 1661; x_wconf 96' lang='lat'>,</span> <span class='ocrx_word' id='word_1_324' title='bbox 1736 1627 1809 1667; x_wconf 86' lang='lat' dir='ltr'>quod</span> <span class='ocrx_word' id='word_1_325' title='bbox 1819 1635 1904 1655; x_wconf 79' lang='lat' dir='ltr'>voca-</span> 
     </span>
     <span class='ocr_line' id='line_1_32' title="bbox 342 1668 1901 1708; baseline -0.003 -8"><span class='ocrx_word' id='word_1_326' title='bbox 342 1674 433 1700; x_wconf 87' lang='lat' dir='ltr'>bulum</span> <span class='ocrx_word' id='word_1_327' title='bbox 446 1673 575 1700; x_wconf 79' lang='lat' dir='ltr'>Germani</span> <span class='ocrx_word' id='word_1_328' title='bbox 586 1672 760 1702; x_wconf 80' lang='lat' dir='ltr'>retinuerunt,</span> <span class='ocrx_word' id='word_1_329' title='bbox 773 1671 837 1705; x_wconf 68' lang='lat' dir='ltr'>thur</span> <span class='ocrx_word' id='word_1_330' title='bbox 846 1671 1014 1708; x_wconf 78' lang='lat' dir='ltr'>appellantes,</span> <span class='ocrx_word' id='word_1_331' title='bbox 1032 1670 1097 1698; x_wconf 77' lang='lat' dir='ltr'>licut</span> <span class='ocrx_word' id='word_1_332' title='bbox 1110 1668 1236 1708; x_wconf 58' lang='grc' dir='ltr'>ὁπέῇυξω</span> <span class='ocrx_word' id='word_1_333' title='bbox 1247 1670 1385 1705; x_wconf 68' lang='lat' dir='ltr'>ubertbur·</span> <span class='ocrx_word' id='word_1_334' title='bbox 1397 1669 1439 1697; x_wconf 88' lang='lat' dir='ltr'>Ab</span> <span class='ocrx_word' id='word_1_335' title='bbox 1450 1680 1484 1698; x_wconf 91' lang='lat' dir='ltr'>eo</span> <span class='ocrx_word' id='word_1_336' title='bbox 1495 1671 1583 1697; x_wconf 83' lang='lat' dir='ltr'>Cicer.</span> <span class='ocrx_word' id='word_1_337' title='bbox 1595 1670 1622 1696; x_wconf 90' lang='lat' dir='ltr'>in</span> <span class='ocrx_word' id='word_1_338' title='bbox 1635 1672 1755 1700; x_wconf 75' lang='lat' dir='ltr'>Verrem,</span> <span class='ocrx_word' id='word_1_339' title='bbox 1764 1668 1901 1696; x_wconf 76' lang='lat' dir='ltr'>Ammian-</span> 
     </span>
     <span class='ocr_line' id='line_1_33' title="bbox 340 1707 1901 1780; baseline -0.004 -39"><span class='ocrx_word' id='word_1_340' title='bbox 340 1717 364 1780; x_wconf 60' lang='lat' dir='ltr'>{t</span> <span class='ocrx_word' id='word_1_341' title='bbox 378 1712 456 1741; x_wconf 76' lang='lat' dir='ltr'>Oios.</span> <span class='ocrx_word' id='word_1_342' title='bbox 468 1712 674 1750; x_wconf 80' lang='lat' dir='ltr'>pseudothyrum</span> <span class='ocrx_word' id='word_1_343' title='bbox 685 1711 808 1739; x_wconf 85' lang='lat' dir='ltr'>dixerunt</span> <span class='ocrx_word' id='word_1_344' title='bbox 826 1720 875 1750; x_wconf 90' lang='lat' dir='ltr'>pro</span> <span class='ocrx_word' id='word_1_345' title='bbox 885 1711 987 1749; x_wconf 79' lang='lat' dir='ltr'>postico</span> <span class='ocrx_word' id='word_1_346' title='bbox 997 1731 1004 1744; x_wconf 91' lang='lat'><em>,</em></span> <span class='ocrx_word' id='word_1_347' title='bbox 1026 1710 1053 1738; x_wconf 88' lang='lat' dir='ltr'>id</span> <span class='ocrx_word' id='word_1_348' title='bbox 1063 1711 1099 1739; x_wconf 84' lang='lat' dir='ltr'>est</span> <span class='ocrx_word' id='word_1_349' title='bbox 1110 1711 1177 1738; x_wconf 83' lang='lat' dir='ltr'>ostio</span> <span class='ocrx_word' id='word_1_350' title='bbox 1194 1713 1221 1738; x_wconf 87' lang='lat' dir='ltr'>in</span> <span class='ocrx_word' id='word_1_351' title='bbox 1233 1721 1305 1750; x_wconf 73' lang='lat' dir='ltr'>parte</span> <span class='ocrx_word' id='word_1_352' title='bbox 1323 1711 1421 1739; x_wconf 67' lang='lat' dir='ltr'>aedium</span> <span class='ocrx_word' id='word_1_353' title='bbox 1431 1710 1574 1749; x_wconf 83' lang='lat' dir='ltr'>posteriore</span> <span class='ocrx_word' id='word_1_354' title='bbox 1585 1731 1592 1742; x_wconf 90' lang='lat'>,</span> <span class='ocrx_word' id='word_1_355' title='bbox 1612 1709 1682 1749; x_wconf 78' lang='lat' dir='ltr'>quali</span> <span class='ocrx_word' id='word_1_356' title='bbox 1701 1707 1794 1738; x_wconf 77' lang='lat' dir='ltr'>falsum</span> <span class='ocrx_word' id='word_1_357' title='bbox 1803 1708 1901 1736; x_wconf 87' lang='lat' dir='ltr'>ostium</span> 
     </span>
    </p>

    <p class='ocr_par' dir='ltr' id='par_1_10' title="bbox 364 1761 473 1780">
     <span class='ocr_line' id='line_1_34' title="bbox 364 1761 473 1780; baseline -0.009 0"><span class='ocrx_word' id='word_1_358' title='bbox 364 1761 473 1780; x_wconf 61' lang='lat' dir='ltr'>lcel‘cnt.</span> 
     </span>
    </p>

    <p class='ocr_par' dir='ltr' id='par_1_11' title="bbox 305 1788 1903 2076">
     <span class='ocr_line' id='line_1_35' title="bbox 305 1788 1902 1832; baseline -0.003 -12"><span class='ocrx_word' id='word_1_359' title='bbox 305 1795 337 1832; x_wconf 83' lang='lat' dir='ltr'>g]</span> <span class='ocrx_word' id='word_1_360' title='bbox 362 1794 443 1820; x_wconf 76' lang='lat' dir='ltr'>ldein.</span> <span class='ocrx_word' id='word_1_361' title='bbox 465 1795 592 1819; x_wconf 82' lang='lat' dir='ltr'>Veterum</span> <span class='ocrx_word' id='word_1_362' title='bbox 604 1793 728 1820; x_wconf 86' lang='lat' dir='ltr'>codicum</span> <span class='ocrx_word' id='word_1_363' title='bbox 740 1791 819 1819; x_wconf 82' lang='lat' dir='ltr'>fidem</span> <span class='ocrx_word' id='word_1_364' title='bbox 830 1791 946 1821; x_wconf 82' lang='lat' dir='ltr'>secutus,</span> <span class='ocrx_word' id='word_1_365' title='bbox 959 1795 983 1820; x_wconf 85' lang='lat'>&amp;</span> <span class='ocrx_word' id='word_1_366' title='bbox 993 1792 1048 1820; x_wconf 84' lang='lat' dir='ltr'>viiii</span> <span class='ocrx_word' id='word_1_367' title='bbox 1060 1791 1144 1821; x_wconf 87' lang='lat' dir='ltr'>verbi,</span> <span class='ocrx_word' id='word_1_368' title='bbox 1156 1793 1248 1820; x_wconf 88' lang='lat' dir='ltr'>monui</span> <span class='ocrx_word' id='word_1_369' title='bbox 1260 1791 1402 1830; x_wconf 85' lang='lat' dir='ltr'>aliquando</span> <span class='ocrx_word' id='word_1_370' title='bbox 1413 1790 1509 1819; x_wconf 33' lang='lat' dir='ltr'>Sebast‘</span> <span class='ocrx_word' id='word_1_371' title='bbox 1523 1791 1644 1822; x_wconf 62' lang='lat' dir='ltr'>Sestium,</span> <span class='ocrx_word' id='word_1_372' title='bbox 1658 1790 1747 1817; x_wconf 81' lang='lat' dir='ltr'>locum</span> <span class='ocrx_word' id='word_1_373' title='bbox 1757 1788 1826 1817; x_wconf 85' lang='lat' dir='ltr'>hunc</span> <span class='ocrx_word' id='word_1_374' title='bbox 1838 1797 1902 1816; x_wconf 87' lang='lat' dir='ltr'>cor-</span> 
     </span>
     <span class='ocr_line' id='line_1_36' title="bbox 343 1828 1903 1872; baseline -0.004 -10"><span class='ocrx_word' id='word_1_375' title='bbox 343 1843 451 1872; x_wconf 84' lang='lat' dir='ltr'>ruptum</span> <span class='ocrx_word' id='word_1_376' title='bbox 463 1842 516 1859; x_wconf 81' lang='lat' dir='ltr'>non</span> <span class='ocrx_word' id='word_1_377' title='bbox 528 1830 579 1859; x_wconf 77' lang='lat' dir='ltr'>else</span> <span class='ocrx_word' id='word_1_378' title='bbox 591 1852 597 1862; x_wconf 82' lang='grc'>,</span> <span class='ocrx_word' id='word_1_379' title='bbox 615 1842 662 1870; x_wconf 86' lang='lat' dir='ltr'>pro</span> <span class='ocrx_word' id='word_1_380' title='bbox 672 1833 721 1860; x_wconf 77' lang='lat' dir='ltr'>line</span> <span class='ocrx_word' id='word_1_381' title='bbox 734 1832 869 1869; x_wconf 80' lang='lat' dir='ltr'>scalptura.</span> <span class='ocrx_word' id='word_1_382' title='bbox 885 1833 1007 1860; x_wconf 83' lang='lat' dir='ltr'>dicebam</span> <span class='ocrx_word' id='word_1_383' title='bbox 1018 1834 1088 1860; x_wconf 85' lang='lat' dir='ltr'>enim</span> <span class='ocrx_word' id='word_1_384' title='bbox 1101 1833 1169 1859; x_wconf 70' lang='lat' dir='ltr'>limae</span> <span class='ocrx_word' id='word_1_385' title='bbox 1186 1832 1319 1870; x_wconf 80' lang='lat' dir='ltr'>scalptura:</span> <span class='ocrx_word' id='word_1_386' title='bbox 1328 1829 1379 1859; x_wconf 82' lang='lat' dir='ltr'>esse</span> <span class='ocrx_word' id='word_1_387' title='bbox 1394 1831 1550 1869; x_wconf 78' lang='lat' dir='ltr'>astragalum</span> <span class='ocrx_word' id='word_1_388' title='bbox 1563 1851 1569 1860; x_wconf 72' lang='grc'>,</span> <span class='ocrx_word' id='word_1_389' title='bbox 1589 1831 1634 1868; x_wconf 90' lang='lat' dir='ltr'>qui</span> <span class='ocrx_word' id='word_1_390' title='bbox 1644 1828 1718 1857; x_wconf 80' lang='lat' dir='ltr'>fieret</span> <span class='ocrx_word' id='word_1_391' title='bbox 1729 1839 1821 1867; x_wconf 87' lang='lat' dir='ltr'>parum</span> <span class='ocrx_word' id='word_1_392' title='bbox 1832 1829 1903 1857; x_wconf 90' lang='lat' dir='ltr'>emi-</span> 
     </span>
     <span class='ocr_line' id='line_1_37' title="bbox 343 1868 1903 1911; baseline -0.004 -9"><span class='ocrx_word' id='word_1_393' title='bbox 343 1873 467 1903; x_wconf 83' lang='lat' dir='ltr'>nentibus</span> <span class='ocrx_word' id='word_1_394' title='bbox 478 1869 737 1910; x_wconf 75' lang='lat' dir='ltr'>cxprcffionibus‚(id</span> <span class='ocrx_word' id='word_1_395' title='bbox 749 1873 844 1911; x_wconf 78' lang='lat' dir='ltr'>vulgus</span> <span class='ocrx_word' id='word_1_396' title='bbox 855 1881 933 1899; x_wconf 77' lang='lat' dir='ltr'>vocat</span> <span class='ocrx_word' id='word_1_397' title='bbox 945 1872 1081 1899; x_wconf 86' lang='lat' dir='ltr'>humiliter</span> <span class='ocrx_word' id='word_1_398' title='bbox 1093 1872 1253 1905; x_wconf 81' lang='lat' dir='ltr'>relevatum)</span> <span class='ocrx_word' id='word_1_399' title='bbox 1266 1873 1314 1899; x_wconf 76' lang='lat' dir='ltr'>live</span> <span class='ocrx_word' id='word_1_400' title='bbox 1323 1872 1368 1909; x_wconf 86' lang='lat' dir='ltr'>qui</span> <span class='ocrx_word' id='word_1_401' title='bbox 1380 1871 1483 1898; x_wconf 69' lang='lat' dir='ltr'>resimas</span> <span class='ocrx_word' id='word_1_402' title='bbox 1492 1879 1628 1908; x_wconf 81' lang='lat' dir='ltr'>caprarum</span> <span class='ocrx_word' id='word_1_403' title='bbox 1638 1879 1710 1897; x_wconf 78' lang='lat' dir='ltr'>nares</span> <span class='ocrx_word' id='word_1_404' title='bbox 1720 1868 1762 1897; x_wconf 86' lang='lat' dir='ltr'>sua</span> <span class='ocrx_word' id='word_1_405' title='bbox 1773 1869 1903 1908; x_wconf 75' lang='lat' dir='ltr'>scalptura.</span> 
     </span>
     <span class='ocr_line' id='line_1_38' title="bbox 342 1910 1902 1949; baseline -0.004 -6"><span class='ocrx_word' id='word_1_406' title='bbox 342 1915 368 1943; x_wconf 84' lang='lat' dir='ltr'>id</span> <span class='ocrx_word' id='word_1_407' title='bbox 380 1915 415 1942; x_wconf 87' lang='lat' dir='ltr'>est</span> <span class='ocrx_word' id='word_1_408' title='bbox 426 1915 588 1941; x_wconf 83' lang='lat' dir='ltr'>lineamento</span> <span class='ocrx_word' id='word_1_409' title='bbox 597 1912 756 1943; x_wconf 75' lang='lat' dir='ltr'>imitaretur,</span> <span class='ocrx_word' id='word_1_410' title='bbox 768 1915 791 1939; x_wconf 70' lang='grc' dir='ltr'>δε</span> <span class='ocrx_word' id='word_1_411' title='bbox 804 1922 856 1939; x_wconf 86' lang='lat' dir='ltr'>non</span> <span class='ocrx_word' id='word_1_412' title='bbox 866 1912 994 1945; x_wconf 81' lang='lat' dir='ltr'>torulum,</span> <span class='ocrx_word' id='word_1_413' title='bbox 1005 1921 1034 1940; x_wconf 91' lang='lat' dir='ltr'>ut</span> <span class='ocrx_word' id='word_1_414' title='bbox 1044 1911 1192 1943; x_wconf 79' lang='lat' dir='ltr'>caeteri‚sed</span> <span class='ocrx_word' id='word_1_415' title='bbox 1203 1911 1366 1939; x_wconf 86' lang='lat' dir='ltr'>echinulum.</span> <span class='ocrx_word' id='word_1_416' title='bbox 1377 1913 1447 1939; x_wconf 84' lang='lat' dir='ltr'>Nam</span> <span class='ocrx_word' id='word_1_417' title='bbox 1457 1911 1606 1949; x_wconf 83' lang='lat' dir='ltr'>cymatium</span> <span class='ocrx_word' id='word_1_418' title='bbox 1615 1910 1736 1938; x_wconf 76' lang='lat' dir='ltr'>Lelbium</span> <span class='ocrx_word' id='word_1_419' title='bbox 1749 1910 1836 1946; x_wconf 82' lang='lat' dir='ltr'>(cujus</span> <span class='ocrx_word' id='word_1_420' title='bbox 1848 1910 1902 1937; x_wconf 85' lang='lat' dir='ltr'>hoc</span> 
     </span>
     <span class='ocr_line' id='line_1_39' title="bbox 340 1949 1902 1987; baseline -0.004 -4"><span class='ocrx_word' id='word_1_421' title='bbox 340 1957 406 1984; x_wconf 88' lang='lat' dir='ltr'>loco</span> <span class='ocrx_word' id='word_1_422' title='bbox 416 1954 536 1982; x_wconf 84' lang='lat' dir='ltr'>meminit</span> <span class='ocrx_word' id='word_1_423' title='bbox 548 1952 667 1986; x_wconf 83' lang='lat' dir='ltr'>Vitruv.)</span> <span class='ocrx_word' id='word_1_424' title='bbox 678 1951 710 1980; x_wconf 84' lang='lat' dir='ltr'>ab</span> <span class='ocrx_word' id='word_1_425' title='bbox 720 1952 772 1979; x_wconf 81' lang='lat' dir='ltr'>alio</span> <span class='ocrx_word' id='word_1_426' title='bbox 783 1962 837 1979; x_wconf 83' lang='lat' dir='ltr'>nou</span> <span class='ocrx_word' id='word_1_427' title='bbox 847 1952 989 1979; x_wconf 78' lang='lat' dir='ltr'>abliorrere</span> <span class='ocrx_word' id='word_1_428' title='bbox 1004 1951 1150 1981; x_wconf 83' lang='lat' dir='ltr'>observavi.</span> <span class='ocrx_word' id='word_1_429' title='bbox 1161 1951 1177 1978; x_wconf 85' lang='lat' dir='ltr'>fi</span> <span class='ocrx_word' id='word_1_430' title='bbox 1190 1953 1271 1979; x_wconf 85' lang='lat' dir='ltr'>modo</span> <span class='ocrx_word' id='word_1_431' title='bbox 1283 1951 1411 1979; x_wconf 82' lang='lat' dir='ltr'>Lesbium</span> <span class='ocrx_word' id='word_1_432' title='bbox 1422 1950 1506 1978; x_wconf 84' lang='lat' dir='ltr'>ullum</span> <span class='ocrx_word' id='word_1_433' title='bbox 1516 1949 1594 1977; x_wconf 83' lang='lat' dir='ltr'>hodie</span> <span class='ocrx_word' id='word_1_434' title='bbox 1603 1950 1721 1978; x_wconf 88' lang='lat' dir='ltr'>videmus</span> <span class='ocrx_word' id='word_1_435' title='bbox 1733 1971 1740 1983; x_wconf 89' lang='lat'>,</span> <span class='ocrx_word' id='word_1_436' title='bbox 1755 1951 1800 1978; x_wconf 87' lang='lat' dir='ltr'>nili</span> <span class='ocrx_word' id='word_1_437' title='bbox 1809 1954 1833 1978; x_wconf 63' lang='grc' dir='ltr'>ὃ(</span> <span class='ocrx_word' id='word_1_438' title='bbox 1843 1950 1902 1987; x_wconf 81' lang='lat' dir='ltr'>quis</span> 
     </span>
     <span class='ocr_line' id='line_1_40' title="bbox 342 1989 1903 2033; baseline -0.003 -11"><span class='ocrx_word' id='word_1_439' title='bbox 342 1996 476 2033; x_wconf 80' lang='lat' dir='ltr'>scalptura:</span> <span class='ocrx_word' id='word_1_440' title='bbox 485 2001 673 2021; x_wconf 82' lang='lat' dir='ltr'>ornamentum</span> <span class='ocrx_word' id='word_1_441' title='bbox 683 1991 840 2021; x_wconf 79' lang='lat' dir='ltr'>discriminis</span> <span class='ocrx_word' id='word_1_442' title='bbox 852 1992 914 2020; x_wconf 89' lang='lat' dir='ltr'>loco</span> <span class='ocrx_word' id='word_1_443' title='bbox 924 1992 1044 2020; x_wconf 80' lang='lat' dir='ltr'>additum</span> <span class='ocrx_word' id='word_1_444' title='bbox 1057 1992 1118 2020; x_wconf 81' lang='lat' dir='ltr'>velit</span> <span class='ocrx_word' id='word_1_445' title='bbox 1130 1992 1287 2020; x_wconf 82' lang='lat' dir='ltr'>existimare.</span> <span class='ocrx_word' id='word_1_446' title='bbox 1310 1992 1419 2031; x_wconf 84' lang='lat' dir='ltr'>Figuras</span> <span class='ocrx_word' id='word_1_447' title='bbox 1429 1990 1527 2026; x_wconf 81' lang='lat' dir='ltr'>subjeci</span> <span class='ocrx_word' id='word_1_448' title='bbox 1537 1992 1650 2029; x_wconf 85' lang='lat' dir='ltr'>cymatii</span> <span class='ocrx_word' id='word_1_449' title='bbox 1660 1989 1764 2022; x_wconf 84' lang='lat' dir='ltr'>Lesbii,</span> <span class='ocrx_word' id='word_1_450' title='bbox 1775 1995 1798 2020; x_wconf 59' lang='grc' dir='ltr'>ὃς</span> <span class='ocrx_word' id='word_1_451' title='bbox 1810 1989 1903 2019; x_wconf 84' lang='lat' dir='ltr'>Lesbii</span> 
     </span>
     <span class='ocr_line' id='line_1_41' title="bbox 344 2035 474 2076; baseline -0.031 -11"><span class='ocrx_word' id='word_1_452' title='bbox 344 2035 474 2076; x_wconf 73' lang='lat' dir='ltr'>astragali.</span> 
     </span>
    </p>
   </div>
   <div class='ocr_carea' id='block_1_8' title="bbox 700 2070 1509 2119">
    <p class='ocr_par' dir='ltr' id='par_1_12' title="bbox 700 2070 1509 2119">
     <span class='ocr_line' id='line_1_42' title="bbox 700 2070 1509 2119; baseline -0.004 -12"><span class='ocrx_word' id='word_1_453' title='bbox 700 2072 1067 2118; x_wconf 77' lang='lat' dir='ltr'>CyniatiuniLesbium.</span> <span class='ocrx_word' id='word_1_454' title='bbox 1168 2070 1351 2119; x_wconf 78' lang='lat' dir='ltr'>Astragalus</span> <span class='ocrx_word' id='word_1_455' title='bbox 1363 2071 1509 2105; x_wconf 79' lang='lat' dir='ltr'>Lesbius.</span> 
     </span>
    </p>
   </div>
   <div class='ocr_carea' id='block_1_9' title="bbox 708 2130 1101 2265">
    <p class='ocr_par' dir='ltr' id='par_1_13' title="bbox 708 2130 1101 2265">
     <span class='ocr_line' id='line_1_43' title="bbox 708 2130 1101 2265; baseline 0 0"><span class='ocrx_word' id='word_1_456' title='bbox 708 2136 715 2265; x_wconf 95' lang='lat' dir='ltr'> </span> <span class='ocrx_word' id='word_1_457' title='bbox 1076 2130 1101 2265; x_wconf 95' lang='lat' dir='ltr'>  </span> 
     </span>
    </p>
   </div>
   <div class='ocr_carea' id='block_1_10' title="bbox 865 2143 928 2146">
    <p class='ocr_par' dir='ltr' id='par_1_14' title="bbox 865 2143 928 2146">
     <span class='ocr_line' id='line_1_44' title="bbox 865 2143 928 2146; baseline 0 0"><span class='ocrx_word' id='word_1_458' title='bbox 865 2143 928 2146; x_wconf 95' lang='lat' dir='ltr'> </span> 
     </span>
    </p>
   </div>
   <div class='ocr_carea' id='block_1_11' title="bbox 716 2142 1091 2167">
    <p class='ocr_par' dir='ltr' id='par_1_15' title="bbox 716 2142 1091 2167">
     <span class='ocr_line' id='line_1_45' title="bbox 716 2142 1091 2167; baseline 0 0"><span class='ocrx_word' id='word_1_459' title='bbox 716 2142 1091 2167; x_wconf 95' lang='lat' dir='ltr'> </span> 
     </span>
    </p>
   </div>
   <div class='ocr_carea' id='block_1_12' title="bbox 1175 2131 1503 2235">
    <p class='ocr_par' dir='ltr' id='par_1_16' title="bbox 1175 2131 1503 2235">
     <span class='ocr_line' id='line_1_46' title="bbox 1175 2131 1503 2235; baseline 0 927"><span class='ocrx_word' id='word_1_460' title='bbox 1175 2131 1503 2235; x_wconf 95' lang='lat' dir='ltr'> </span> 
     </span>
    </p>
   </div>
   <div class='ocr_carea' id='block_1_13' title="bbox 942 2245 1015 2248">
    <p class='ocr_par' dir='ltr' id='par_1_17' title="bbox 942 2245 1015 2248">
     <span class='ocr_line' id='line_1_47' title="bbox 942 2245 1015 2248; baseline 0 0"><span class='ocrx_word' id='word_1_461' title='bbox 942 2245 1015 2248; x_wconf 95' lang='lat' dir='ltr'> </span> 
     </span>
    </p>
   </div>
   <div class='ocr_carea' id='block_1_14' title="bbox 309 2273 1904 2966">
    <p class='ocr_par' dir='ltr' id='par_1_18' title="bbox 341 2273 1904 2393">
     <span class='ocr_line' id='line_1_48' title="bbox 343 2273 1904 2320; baseline -0.007 -8"><span class='ocrx_word' id='word_1_462' title='bbox 343 2284 437 2312; x_wconf 73' lang='lat' dir='ltr'>claud.</span> <span class='ocrx_word' id='word_1_463' title='bbox 449 2284 556 2320; x_wconf 55' lang='lat' dir='ltr'>Salmas?</span> <span class='ocrx_word' id='word_1_464' title='bbox 576 2285 657 2311; x_wconf 84' lang='lat' dir='ltr'>Forte</span> <span class='ocrx_word' id='word_1_465' title='bbox 668 2282 750 2309; x_wconf 85' lang='lat' dir='ltr'>Simas</span> <span class='ocrx_word' id='word_1_466' title='bbox 760 2282 869 2319; x_wconf 76' lang='lat' dir='ltr'>scalptas</span> <span class='ocrx_word' id='word_1_467' title='bbox 881 2282 922 2310; x_wconf 86' lang='lat' dir='ltr'>vel</span> <span class='ocrx_word' id='word_1_468' title='bbox 931 2281 1021 2319; x_wconf 66' lang='lat' dir='ltr'>pistas.</span> <span class='ocrx_word' id='word_1_469' title='bbox 1035 2279 1133 2307; x_wconf 86' lang='lat' dir='ltr'>namin</span> <span class='ocrx_word' id='word_1_470' title='bbox 1145 2277 1233 2306; x_wconf 81' lang='lat' dir='ltr'>tabula</span> <span class='ocrx_word' id='word_1_471' title='bbox 1245 2286 1392 2304; x_wconf 79' lang='lat' dir='ltr'>marmorea</span> <span class='ocrx_word' id='word_1_472' title='bbox 1404 2275 1483 2304; x_wconf 84' lang='lat' dir='ltr'>habes</span> <span class='ocrx_word' id='word_1_473' title='bbox 1495 2279 1594 2304; x_wconf 78' lang='lat' dir='ltr'>StMAS</span> <span class='ocrx_word' id='word_1_474' title='bbox 1607 2276 1736 2303; x_wconf 63' lang='lat' dir='ltr'>Pieriis.</span> <span class='ocrx_word' id='word_1_475' title='bbox 1752 2274 1800 2302; x_wconf 84' lang='lat' dir='ltr'>Vel</span> <span class='ocrx_word' id='word_1_476' title='bbox 1811 2273 1904 2301; x_wconf 83' lang='lat' dir='ltr'>delen-</span> 
     </span>
     <span class='ocr_line' id='line_1_49' title="bbox 341 2313 1901 2363; baseline -0.007 -11"><span class='ocrx_word' id='word_1_477' title='bbox 341 2325 406 2352; x_wconf 86' lang='lat' dir='ltr'>dum</span> <span class='ocrx_word' id='word_1_478' title='bbox 415 2325 559 2363; x_wconf 78' lang='lat' dir='ltr'>Scalptura.</span> <span class='ocrx_word' id='word_1_479' title='bbox 580 2326 621 2352; x_wconf 87' lang='lat' dir='ltr'>Sic</span> <span class='ocrx_word' id='word_1_480' title='bbox 630 2333 702 2351; x_wconf 89' lang='lat' dir='ltr'>euim</span> <span class='ocrx_word' id='word_1_481' title='bbox 712 2323 859 2362; x_wconf 84' lang='lat' dir='ltr'>legendum</span> <span class='ocrx_word' id='word_1_482' title='bbox 874 2335 882 2353; x_wconf 86' lang='lat'>;</span> <span class='ocrx_word' id='word_1_483' title='bbox 900 2323 961 2351; x_wconf 84' lang='lat' dir='ltr'>&amp;in</span> <span class='ocrx_word' id='word_1_484' title='bbox 970 2331 1003 2349; x_wconf 89' lang='lat' dir='ltr'>eo</span> <span class='ocrx_word' id='word_1_485' title='bbox 1013 2319 1181 2359; x_wconf 85' lang='lat' dir='ltr'>scalpendum</span> <span class='ocrx_word' id='word_1_486' title='bbox 1199 2319 1235 2347; x_wconf 82' lang='lat' dir='ltr'>est</span> <span class='ocrx_word' id='word_1_487' title='bbox 1243 2318 1392 2357; x_wconf 78' lang='lat' dir='ltr'>cymatium</span> <span class='ocrx_word' id='word_1_488' title='bbox 1410 2319 1541 2346; x_wconf 86' lang='lat' dir='ltr'>Doricum</span> <span class='ocrx_word' id='word_1_489' title='bbox 1553 2338 1559 2349; x_wconf 95' lang='lat'>,</span> <span class='ocrx_word' id='word_1_490' title='bbox 1584 2316 1739 2356; x_wconf 73' lang='lat' dir='ltr'>astragalum</span> <span class='ocrx_word' id='word_1_491' title='bbox 1759 2313 1901 2346; x_wconf 75' lang='lat' dir='ltr'>Lesbium„</span> 
     </span>
     <span class='ocr_line' id='line_1_50' title="bbox 348 2370 432 2393; baseline 0 -1"><span class='ocrx_word' id='word_1_492' title='bbox 348 2370 432 2393; x_wconf 76' lang='lat' dir='ltr'>limas.</span> 
     </span>
    </p>

    <p class='ocr_par' dir='ltr' id='par_1_19' title="bbox 311 2397 1903 2485">
     <span class='ocr_line' id='line_1_51' title="bbox 311 2397 1903 2443; baseline -0.006 -12"><span class='ocrx_word' id='word_1_493' title='bbox 311 2403 349 2442; x_wconf 62' lang='grc' dir='ltr'>τ)</span> <span class='ocrx_word' id='word_1_494' title='bbox 375 2405 520 2434; x_wconf 80' lang='lat' dir='ltr'>Philander.</span> <span class='ocrx_word' id='word_1_495' title='bbox 542 2404 571 2432; x_wconf 89' lang='lat' dir='ltr'>Id</span> <span class='ocrx_word' id='word_1_496' title='bbox 583 2404 617 2432; x_wconf 87' lang='lat' dir='ltr'>est</span> <span class='ocrx_word' id='word_1_497' title='bbox 628 2403 760 2443; x_wconf 76' lang='lat' dir='ltr'>margines</span> <span class='ocrx_word' id='word_1_498' title='bbox 769 2424 776 2436; x_wconf 82' lang='grc'>,</span> <span class='ocrx_word' id='word_1_499' title='bbox 788 2403 973 2431; x_wconf 84' lang='lat' dir='ltr'>extremitates</span> <span class='ocrx_word' id='word_1_500' title='bbox 985 2423 991 2434; x_wconf 93' lang='lat'>,</span> <span class='ocrx_word' id='word_1_501' title='bbox 1011 2401 1167 2440; x_wconf 61' lang='lat' dir='ltr'>projeeturae</span> <span class='ocrx_word' id='word_1_502' title='bbox 1176 2420 1183 2430; x_wconf 88' lang='lat'><em>‚</em></span> <span class='ocrx_word' id='word_1_503' title='bbox 1194 2407 1273 2437; x_wconf 82' lang='lat' dir='ltr'>atquc</span> <span class='ocrx_word' id='word_1_504' title='bbox 1291 2398 1358 2427; x_wconf 87' lang='lat' dir='ltr'>adeo</span> <span class='ocrx_word' id='word_1_505' title='bbox 1375 2406 1531 2426; x_wconf 76' lang='lat' dir='ltr'>ornamenta</span> <span class='ocrx_word' id='word_1_506' title='bbox 1539 2397 1629 2425; x_wconf 73' lang='lat' dir='ltr'>omnia</span> <span class='ocrx_word' id='word_1_507' title='bbox 1639 2397 1862 2427; x_wconf 75' lang='lat' dir='ltr'>circumcursant,</span> <span class='ocrx_word' id='word_1_508' title='bbox 1876 2397 1903 2423; x_wconf 74' lang='grc' dir='ltr'>δε</span> 
     </span>
     <span class='ocr_line' id='line_1_52' title="bbox 345 2443 1149 2485; baseline -0.007 -11"><span class='ocrx_word' id='word_1_509' title='bbox 345 2446 494 2481; x_wconf 70' lang='lat' dir='ltr'>junstiones</span> <span class='ocrx_word' id='word_1_510' title='bbox 504 2445 534 2473; x_wconf 83' lang='lat' dir='ltr'>ad</span> <span class='ocrx_word' id='word_1_511' title='bbox 545 2454 663 2485; x_wconf 75' lang='lat' dir='ltr'>unguem</span> <span class='ocrx_word' id='word_1_512' title='bbox 674 2448 698 2471; x_wconf 62' lang='grc' dir='ltr'>δε</span> <span class='ocrx_word' id='word_1_513' title='bbox 709 2445 742 2479; x_wconf 66' lang='grc' dir='ltr'>κΞ</span> <span class='ocrx_word' id='word_1_514' title='bbox 751 2443 777 2470; x_wconf 69' lang='lat'>⁷13</span> <span class='ocrx_word' id='word_1_515' title='bbox 787 2443 897 2477; x_wconf 53' lang='grc' dir='ltr'>α’»ιμζὲς</span> <span class='ocrx_word' id='word_1_516' title='bbox 909 2444 1149 2470; x_wconf 85' lang='lat' dir='ltr'>contermincnrur.</span> 
     </span>
    </p>

    <p class='ocr_par' dir='ltr' id='par_1_20' title="bbox 312 2475 1904 2684">
     <span class='ocr_line' id='line_1_53' title="bbox 312 2475 1903 2524; baseline -0.006 -11"><span class='ocrx_word' id='word_1_517' title='bbox 312 2485 344 2520; x_wconf 78' lang='lat' dir='ltr'>h]</span> <span class='ocrx_word' id='word_1_518' title='bbox 363 2488 445 2515; x_wconf 86' lang='lat' dir='ltr'>Idem.</span> <span class='ocrx_word' id='word_1_519' title='bbox 471 2489 542 2515; x_wconf 89' lang='lat' dir='ltr'>Cum</span> <span class='ocrx_word' id='word_1_520' title='bbox 553 2486 601 2512; x_wconf 86' lang='lat' dir='ltr'>fint</span> <span class='ocrx_word' id='word_1_521' title='bbox 613 2483 767 2524; x_wconf 72' lang='lat' dir='ltr'>graciliores</span> <span class='ocrx_word' id='word_1_522' title='bbox 779 2487 801 2512; x_wconf 73' lang='lat'>84</span> <span class='ocrx_word' id='word_1_523' title='bbox 812 2484 918 2511; x_wconf 83' lang='lat' dir='ltr'>altiores</span> <span class='ocrx_word' id='word_1_524' title='bbox 928 2483 1061 2510; x_wconf 79' lang='lat' dir='ltr'>columnae</span> <span class='ocrx_word' id='word_1_525' title='bbox 1080 2482 1178 2509; x_wconf 78' lang='lat' dir='ltr'>lonicae</span> <span class='ocrx_word' id='word_1_526' title='bbox 1196 2479 1303 2509; x_wconf 88' lang='lat' dir='ltr'>Doricis</span> <span class='ocrx_word' id='word_1_527' title='bbox 1314 2499 1321 2511; x_wconf 92' lang='lat'>,</span> <span class='ocrx_word' id='word_1_528' title='bbox 1338 2477 1464 2505; x_wconf 83' lang='lat' dir='ltr'>debuerat</span> <span class='ocrx_word' id='word_1_529' title='bbox 1474 2486 1546 2506; x_wconf 77' lang='lat' dir='ltr'>certe</span> <span class='ocrx_word' id='word_1_530' title='bbox 1556 2477 1712 2505; x_wconf 74' lang='lat' dir='ltr'>lonicorum</span> <span class='ocrx_word' id='word_1_531' title='bbox 1721 2476 1848 2504; x_wconf 82' lang='lat' dir='ltr'>ostiorum</span> <span class='ocrx_word' id='word_1_532' title='bbox 1861 2475 1903 2504; x_wconf 77' lang='lat' dir='ltr'>lu-</span> 
     </span>
     <span class='ocr_line' id='line_1_54' title="bbox 354 2515 1903 2561; baseline -0.008 -6"><span class='ocrx_word' id='word_1_533' title='bbox 354 2527 575 2556; x_wconf 77' lang='lat' dir='ltr'>mcunonidem.</span> <span class='ocrx_word' id='word_1_534' title='bbox 595 2525 636 2553; x_wconf 85' lang='lat' dir='ltr'>sed</span> <span class='ocrx_word' id='word_1_535' title='bbox 646 2525 723 2552; x_wconf 83' lang='lat' dir='ltr'>altius</span> <span class='ocrx_word' id='word_1_536' title='bbox 734 2521 796 2551; x_wconf 81' lang='lat' dir='ltr'>effe.</span> <span class='ocrx_word' id='word_1_537' title='bbox 819 2525 848 2552; x_wconf 79' lang='lat' dir='ltr'>td</span> <span class='ocrx_word' id='word_1_538' title='bbox 858 2524 930 2561; x_wconf 89' lang='lat' dir='ltr'>quod</span> <span class='ocrx_word' id='word_1_539' title='bbox 942 2524 958 2551; x_wconf 83' lang='lat' dir='ltr'>fi</span> <span class='ocrx_word' id='word_1_540' title='bbox 977 2533 1029 2550; x_wconf 87' lang='lat' dir='ltr'>non</span> <span class='ocrx_word' id='word_1_541' title='bbox 1040 2521 1204 2554; x_wconf 78' lang='lat' dir='ltr'>fiet,crescet</span> <span class='ocrx_word' id='word_1_542' title='bbox 1222 2532 1249 2548; x_wconf 91' lang='lat' dir='ltr'>in</span> <span class='ocrx_word' id='word_1_543' title='bbox 1267 2517 1423 2547; x_wconf 83' lang='lat' dir='ltr'>immensum</span> <span class='ocrx_word' id='word_1_544' title='bbox 1436 2528 1551 2549; x_wconf 83' lang='lat' dir='ltr'>corona,</span> <span class='ocrx_word' id='word_1_545' title='bbox 1568 2517 1665 2556; x_wconf 78' lang='lat' dir='ltr'>fietque</span> <span class='ocrx_word' id='word_1_546' title='bbox 1682 2516 1695 2545; x_wconf 76' lang='lat' dir='ltr'>e</span> <span class='ocrx_word' id='word_1_547' title='bbox 1714 2515 1830 2545; x_wconf 81' lang='lat' dir='ltr'>deformi</span> <span class='ocrx_word' id='word_1_548' title='bbox 1848 2526 1903 2543; x_wconf 81' lang='lat' dir='ltr'>non</span> 
     </span>
     <span class='ocr_line' id='line_1_55' title="bbox 346 2555 1904 2606; baseline -0.007 -11"><span class='ocrx_word' id='word_1_549' title='bbox 346 2569 456 2606; x_wconf 82' lang='lat' dir='ltr'>amplius</span> <span class='ocrx_word' id='word_1_550' title='bbox 475 2566 621 2595; x_wconf 83' lang='lat' dir='ltr'>toleranda.</span> <span class='ocrx_word' id='word_1_551' title='bbox 641 2565 689 2593; x_wconf 85' lang='lat' dir='ltr'>Sed</span> <span class='ocrx_word' id='word_1_552' title='bbox 700 2564 836 2604; x_wconf 87' lang='lat' dir='ltr'>intelligit,</span> <span class='ocrx_word' id='word_1_553' title='bbox 848 2564 1016 2591; x_wconf 83' lang='lat' dir='ltr'>altitudinem</span> <span class='ocrx_word' id='word_1_554' title='bbox 1027 2563 1088 2590; x_wconf 72' lang='lat' dir='ltr'>:edis</span> <span class='ocrx_word' id='word_1_555' title='bbox 1107 2562 1121 2589; x_wconf 58' lang='lat' dir='ltr'>„i</span> <span class='ocrx_word' id='word_1_556' title='bbox 1143 2563 1299 2600; x_wconf 77' lang='lat' dir='ltr'>pavimento</span> <span class='ocrx_word' id='word_1_557' title='bbox 1314 2558 1345 2586; x_wconf 86' lang='lat' dir='ltr'>ad</span> <span class='ocrx_word' id='word_1_558' title='bbox 1355 2558 1485 2585; x_wconf 79' lang='lat' dir='ltr'>lacunaria</span> <span class='ocrx_word' id='word_1_559' title='bbox 1495 2559 1661 2586; x_wconf 81' lang='lat' dir='ltr'>dividendam</span> <span class='ocrx_word' id='word_1_560' title='bbox 1673 2555 1724 2585; x_wconf 78' lang='lat' dir='ltr'>effe</span> <span class='ocrx_word' id='word_1_561' title='bbox 1735 2579 1742 2591; x_wconf 81' lang='lat'>‚</span> <span class='ocrx_word' id='word_1_562' title='bbox 1752 2558 1790 2585; x_wconf 88' lang='lat' dir='ltr'>uti</span> <span class='ocrx_word' id='word_1_563' title='bbox 1801 2557 1904 2585; x_wconf 58' lang='lat' dir='ltr'>dietum</span> 
     </span>
     <span class='ocr_line' id='line_1_56' title="bbox 348 2596 1904 2644; baseline -0.006 -10"><span class='ocrx_word' id='word_1_564' title='bbox 348 2609 374 2634; x_wconf 89' lang='lat' dir='ltr'>in</span> <span class='ocrx_word' id='word_1_565' title='bbox 387 2609 495 2639; x_wconf 80' lang='lat' dir='ltr'>Dorica,</span> <span class='ocrx_word' id='word_1_566' title='bbox 513 2607 538 2635; x_wconf 86' lang='lat' dir='ltr'>id</span> <span class='ocrx_word' id='word_1_567' title='bbox 549 2608 594 2640; x_wconf 86' lang='lat' dir='ltr'>est,</span> <span class='ocrx_word' id='word_1_568' title='bbox 606 2616 658 2634; x_wconf 88' lang='lat' dir='ltr'>tres</span> <span class='ocrx_word' id='word_1_569' title='bbox 666 2614 752 2644; x_wconf 81' lang='lat' dir='ltr'>partes</span> <span class='ocrx_word' id='word_1_570' title='bbox 763 2608 787 2632; x_wconf 67' lang='grc' dir='ltr'>ἅ·</span> <span class='ocrx_word' id='word_1_571' title='bbox 801 2615 832 2632; x_wconf 84' lang='lat' dir='ltr'>ex</span> <span class='ocrx_word' id='word_1_572' title='bbox 843 2605 879 2632; x_wconf 80' lang='lat' dir='ltr'>eis</span> <span class='ocrx_word' id='word_1_573' title='bbox 890 2605 951 2632; x_wconf 79' lang='lat' dir='ltr'>duas</span> <span class='ocrx_word' id='word_1_574' title='bbox 963 2613 1048 2641; x_wconf 81' lang='lat' dir='ltr'>partes</span> <span class='ocrx_word' id='word_1_575' title='bbox 1058 2607 1081 2631; x_wconf 67' lang='grc' dir='ltr'>ὅ(</span> <span class='ocrx_word' id='word_1_576' title='bbox 1092 2602 1169 2630; x_wconf 84' lang='lat' dir='ltr'>semis</span> <span class='ocrx_word' id='word_1_577' title='bbox 1181 2603 1275 2629; x_wconf 88' lang='lat' dir='ltr'>lumini</span> <span class='ocrx_word' id='word_1_578' title='bbox 1286 2600 1419 2629; x_wconf 76' lang='lat' dir='ltr'>valvarum</span> <span class='ocrx_word' id='word_1_579' title='bbox 1430 2599 1635 2627; x_wconf 80' lang='lat' dir='ltr'>constituendas.</span> <span class='ocrx_word' id='word_1_580' title='bbox 1659 2602 1699 2626; x_wconf 77' lang='lat' dir='ltr'>lta</span> <span class='ocrx_word' id='word_1_581' title='bbox 1708 2599 1779 2626; x_wconf 84' lang='lat' dir='ltr'>enim</span> <span class='ocrx_word' id='word_1_582' title='bbox 1787 2596 1904 2625; x_wconf 83' lang='lat' dir='ltr'>restitui-</span> 
     </span>
     <span class='ocr_line' id='line_1_57' title="bbox 351 2644 1034 2684; baseline -0.004 -10"><span class='ocrx_word' id='word_1_583' title='bbox 351 2657 417 2678; x_wconf 74' lang='lat' dir='ltr'>mus.</span> <span class='ocrx_word' id='word_1_584' title='bbox 433 2649 605 2676; x_wconf 87' lang='lat' dir='ltr'>velomnibus</span> <span class='ocrx_word' id='word_1_585' title='bbox 619 2645 811 2684; x_wconf 79' lang='lat' dir='ltr'>exemplaribus</span> <span class='ocrx_word' id='word_1_586' title='bbox 823 2644 1034 2672; x_wconf 79' lang='lat' dir='ltr'>reclamantibus.</span> 
     </span>
    </p>

    <p class='ocr_par' dir='ltr' id='par_1_21' title="bbox 314 2676 1904 2799">
     <span class='ocr_line' id='line_1_58' title="bbox 314 2676 1904 2724; baseline -0.007 -10"><span class='ocrx_word' id='word_1_587' title='bbox 314 2689 346 2723; x_wconf 77' lang='lat' dir='ltr'>i]</span> <span class='ocrx_word' id='word_1_588' title='bbox 378 2689 459 2715; x_wconf 83' lang='lat' dir='ltr'>ldem.</span> <span class='ocrx_word' id='word_1_589' title='bbox 478 2689 542 2717; x_wconf 80' lang='lat' dir='ltr'>Hoc</span> <span class='ocrx_word' id='word_1_590' title='bbox 556 2689 573 2716; x_wconf 83' lang='lat' dir='ltr'>li</span> <span class='ocrx_word' id='word_1_591' title='bbox 586 2697 676 2716; x_wconf 86' lang='lat' dir='ltr'>verum</span> <span class='ocrx_word' id='word_1_592' title='bbox 688 2688 728 2717; x_wconf 79' lang='lat' dir='ltr'>fit.</span> <span class='ocrx_word' id='word_1_593' title='bbox 748 2683 1075 2724; x_wconf 79' lang='lat' dir='ltr'>satisqueemaculatisunt</span> <span class='ocrx_word' id='word_1_594' title='bbox 1085 2683 1189 2711; x_wconf 84' lang='lat' dir='ltr'>codices</span> <span class='ocrx_word' id='word_1_595' title='bbox 1203 2704 1209 2714; x_wconf 84' lang='lat'>,</span> <span class='ocrx_word' id='word_1_596' title='bbox 1225 2679 1440 2720; x_wconf 82' lang='lat' dir='ltr'>atquerationem</span> <span class='ocrx_word' id='word_1_597' title='bbox 1448 2678 1541 2707; x_wconf 76' lang='lat' dir='ltr'>habeas</span> <span class='ocrx_word' id='word_1_598' title='bbox 1551 2679 1717 2717; x_wconf 76' lang='lat' dir='ltr'>Symmetria:</span> <span class='ocrx_word' id='word_1_599' title='bbox 1727 2676 1904 2705; x_wconf 83' lang='lat' dir='ltr'>intercolum-</span> 
     </span>
     <span class='ocr_line' id='line_1_59' title="bbox 352 2718 1903 2766; baseline -0.007 -12"><span class='ocrx_word' id='word_1_600' title='bbox 352 2728 467 2757; x_wconf 86' lang='lat' dir='ltr'>niorum.</span> <span class='ocrx_word' id='word_1_601' title='bbox 487 2738 564 2765; x_wconf 85' lang='lat' dir='ltr'>quam</span> <span class='ocrx_word' id='word_1_602' title='bbox 575 2738 652 2756; x_wconf 85' lang='lat' dir='ltr'>antea</span> <span class='ocrx_word' id='word_1_603' title='bbox 661 2726 813 2766; x_wconf 74' lang='lat' dir='ltr'>praescriplit</span> <span class='ocrx_word' id='word_1_604' title='bbox 824 2746 830 2755; x_wconf 87' lang='lat'><strong>.</strong></span> <span class='ocrx_word' id='word_1_605' title='bbox 848 2725 893 2753; x_wconf 81' lang='lat' dir='ltr'>fiet</span> <span class='ocrx_word' id='word_1_606' title='bbox 904 2726 993 2753; x_wconf 83' lang='lat' dir='ltr'>lumen</span> <span class='ocrx_word' id='word_1_607' title='bbox 1006 2726 1030 2752; x_wconf 90' lang='lat' dir='ltr'>iu</span> <span class='ocrx_word' id='word_1_608' title='bbox 1041 2727 1092 2752; x_wconf 81' lang='lat' dir='ltr'>ima</span> <span class='ocrx_word' id='word_1_609' title='bbox 1104 2733 1175 2763; x_wconf 86' lang='lat' dir='ltr'>parte</span> <span class='ocrx_word' id='word_1_610' title='bbox 1187 2723 1263 2751; x_wconf 68' lang='lat' dir='ltr'>latius</span> <span class='ocrx_word' id='word_1_611' title='bbox 1274 2720 1579 2749; x_wconf 85' lang='lat' dir='ltr'>mediointercolumnio</span> <span class='ocrx_word' id='word_1_612' title='bbox 1590 2742 1596 2752; x_wconf 83' lang='lat'>,</span> <span class='ocrx_word' id='word_1_613' title='bbox 1616 2721 1688 2758; x_wconf 88' lang='lat' dir='ltr'>quod</span> <span class='ocrx_word' id='word_1_614' title='bbox 1699 2728 1769 2747; x_wconf 84' lang='lat' dir='ltr'>certe</span> <span class='ocrx_word' id='word_1_615' title='bbox 1782 2722 1807 2746; x_wconf 67' lang='lat' dir='ltr'>St·</span> <span class='ocrx_word' id='word_1_616' title='bbox 1820 2718 1903 2745; x_wconf 83' lang='lat' dir='ltr'>vitio—</span> 
     </span>
     <span class='ocr_line' id='line_1_60' title="bbox 349 2760 1612 2799; baseline -0.009 -3"><span class='ocrx_word' id='word_1_617' title='bbox 349 2768 405 2796; x_wconf 88' lang='lat' dir='ltr'>sum</span> <span class='ocrx_word' id='word_1_618' title='bbox 416 2772 439 2795; x_wconf 61' lang='grc' dir='ltr'>ἃ</span> <span class='ocrx_word' id='word_1_619' title='bbox 450 2766 569 2795; x_wconf 77' lang='lat' dir='ltr'>deforme</span> <span class='ocrx_word' id='word_1_620' title='bbox 580 2770 623 2796; x_wconf 86' lang='lat' dir='ltr'>est.</span> <span class='ocrx_word' id='word_1_621' title='bbox 646 2771 681 2795; x_wconf 89' lang='lat' dir='ltr'>Vt</span> <span class='ocrx_word' id='word_1_622' title='bbox 692 2763 799 2795; x_wconf 76' lang='lat' dir='ltr'>fortaffe</span> <span class='ocrx_word' id='word_1_623' title='bbox 810 2767 933 2794; x_wconf 80' lang='lat' dir='ltr'>lincerior</span> <span class='ocrx_word' id='word_1_624' title='bbox 945 2766 973 2793; x_wconf 76' lang='lat' dir='ltr'>lit</span> <span class='ocrx_word' id='word_1_625' title='bbox 991 2767 1060 2792; x_wconf 76' lang='lat' dir='ltr'>MSti</span> <span class='ocrx_word' id='word_1_626' title='bbox 1076 2765 1177 2792; x_wconf 81' lang='lat' dir='ltr'>codicis</span> <span class='ocrx_word' id='word_1_627' title='bbox 1189 2764 1277 2793; x_wconf 59' lang='lat' dir='ltr'>lectio,</span> <span class='ocrx_word' id='word_1_628' title='bbox 1286 2762 1311 2788; x_wconf 90' lang='lat' dir='ltr'>in</span> <span class='ocrx_word' id='word_1_629' title='bbox 1323 2771 1376 2799; x_wconf 90' lang='lat' dir='ltr'>quo</span> <span class='ocrx_word' id='word_1_630' title='bbox 1385 2761 1454 2788; x_wconf 84' lang='lat' dir='ltr'>deest</span> <span class='ocrx_word' id='word_1_631' title='bbox 1467 2771 1517 2787; x_wconf 83' lang='lat' dir='ltr'>vox</span> <span class='ocrx_word' id='word_1_632' title='bbox 1527 2760 1612 2788; x_wconf 79' lang='lat' dir='ltr'>semis.</span> 
     </span>
    </p>

    <p class='ocr_par' dir='ltr' id='par_1_22' title="bbox 316 2798 1904 2926">
     <span class='ocr_line' id='line_1_61' title="bbox 316 2798 1904 2846; baseline -0.006 -11"><span class='ocrx_word' id='word_1_633' title='bbox 316 2810 345 2844; x_wconf 74' lang='lat' dir='ltr'>k]</span> <span class='ocrx_word' id='word_1_634' title='bbox 367 2808 448 2835; x_wconf 82' lang='lat' dir='ltr'>Idem.</span> <span class='ocrx_word' id='word_1_635' title='bbox 473 2807 556 2835; x_wconf 80' lang='lat' dir='ltr'>Corsa</span> <span class='ocrx_word' id='word_1_636' title='bbox 564 2809 625 2846; x_wconf 88' lang='lat' dir='ltr'>quid</span> <span class='ocrx_word' id='word_1_637' title='bbox 637 2805 700 2836; x_wconf 80' lang='lat' dir='ltr'>effct</span> <span class='ocrx_word' id='word_1_638' title='bbox 714 2830 720 2839; x_wconf 81' lang='lat'>,</span> <span class='ocrx_word' id='word_1_639' title='bbox 740 2807 826 2846; x_wconf 85' lang='lat' dir='ltr'>quide</span> <span class='ocrx_word' id='word_1_640' title='bbox 837 2807 980 2835; x_wconf 80' lang='lat' dir='ltr'>istiusmodi</span> <span class='ocrx_word' id='word_1_641' title='bbox 992 2806 1067 2833; x_wconf 84' lang='lat' dir='ltr'>rebus</span> <span class='ocrx_word' id='word_1_642' title='bbox 1075 2801 1217 2834; x_wconf 80' lang='lat' dir='ltr'>differunt,</span> <span class='ocrx_word' id='word_1_643' title='bbox 1236 2802 1418 2841; x_wconf 77' lang='lat' dir='ltr'>quaeliverunt.</span> <span class='ocrx_word' id='word_1_644' title='bbox 1442 2802 1502 2840; x_wconf 79' lang='lat' dir='ltr'>Ego</span> <span class='ocrx_word' id='word_1_645' title='bbox 1513 2801 1576 2828; x_wconf 90' lang='lat' dir='ltr'>dum</span> <span class='ocrx_word' id='word_1_646' title='bbox 1594 2810 1649 2828; x_wconf 82' lang='lat' dir='ltr'>rem</span> <span class='ocrx_word' id='word_1_647' title='bbox 1657 2800 1735 2827; x_wconf 72' lang='lat' dir='ltr'>altius</span> <span class='ocrx_word' id='word_1_648' title='bbox 1754 2798 1904 2829; x_wconf 62' lang='lat' dir='ltr'>confidem,</span> 
     </span>
     <span class='ocr_line' id='line_1_62' title="bbox 346 2839 1904 2888; baseline -0.006 -13"><span class='ocrx_word' id='word_1_649' title='bbox 346 2849 461 2887; x_wconf 84' lang='lat' dir='ltr'>primam</span> <span class='ocrx_word' id='word_1_650' title='bbox 471 2846 576 2875; x_wconf 72' lang='lat' dir='ltr'>fasciam</span> <span class='ocrx_word' id='word_1_651' title='bbox 588 2857 748 2886; x_wconf 82' lang='lat' dir='ltr'>interpretor</span> <span class='ocrx_word' id='word_1_652' title='bbox 755 2856 1036 2888; x_wconf 79' lang='lat' dir='ltr'>antepagmentorum.</span> <span class='ocrx_word' id='word_1_653' title='bbox 1045 2848 1161 2873; x_wconf 82' lang='lat' dir='ltr'>Primam</span> <span class='ocrx_word' id='word_1_654' title='bbox 1173 2854 1237 2872; x_wconf 89' lang='lat' dir='ltr'>vero</span> <span class='ocrx_word' id='word_1_655' title='bbox 1246 2842 1379 2881; x_wconf 71' lang='lat' dir='ltr'>intelligi),</span> <span class='ocrx_word' id='word_1_656' title='bbox 1390 2852 1448 2880; x_wconf 69' lang='lat' dir='ltr'>quae</span> <span class='ocrx_word' id='word_1_657' title='bbox 1459 2843 1493 2869; x_wconf 78' lang='lat' dir='ltr'>est</span> <span class='ocrx_word' id='word_1_658' title='bbox 1504 2841 1589 2869; x_wconf 83' lang='lat' dir='ltr'>versus</span> <span class='ocrx_word' id='word_1_659' title='bbox 1601 2839 1794 2879; x_wconf 84' lang='lat' dir='ltr'>hypothyrum.</span> <span class='ocrx_word' id='word_1_660' title='bbox 1807 2839 1904 2866; x_wconf 68' lang='lat' dir='ltr'>claud.</span> 
     </span>
     <span class='ocr_line' id='line_1_63' title="bbox 351 2879 1795 2926; baseline -0.006 -10"><span class='ocrx_word' id='word_1_661' title='bbox 351 2888 458 2923; x_wconf 61' lang='lat' dir='ltr'>Salmas</span> <span class='ocrx_word' id='word_1_662' title='bbox 469 2889 565 2925; x_wconf 69' lang='lat' dir='ltr'>KepCoe.</span> <span class='ocrx_word' id='word_1_663' title='bbox 584 2889 641 2915; x_wconf 86' lang='lat' dir='ltr'>vide</span> <span class='ocrx_word' id='word_1_664' title='bbox 651 2888 828 2926; x_wconf 81' lang='lat' dir='ltr'>Hesychium.</span> <span class='ocrx_word' id='word_1_665' title='bbox 847 2889 891 2926; x_wconf 87' lang='lat' dir='ltr'>qui</span> <span class='ocrx_word' id='word_1_666' title='bbox 903 2890 1093 2925; x_wconf 81' lang='lat' dir='ltr'>interpretatur</span> <span class='ocrx_word' id='word_1_667' title='bbox 1105 2882 1232 2922; x_wconf 63' lang='grc' dir='ltr'>κεφαλάς,</span> <span class='ocrx_word' id='word_1_668' title='bbox 1251 2885 1427 2919; x_wconf 43' lang='lat' dir='ltr'>‘meme-spiam,</span> <span class='ocrx_word' id='word_1_669' title='bbox 1438 2879 1566 2918; x_wconf 60' lang='grc' dir='ltr'>ἐπάλξεις,</span> <span class='ocrx_word' id='word_1_670' title='bbox 1578 2884 1686 2918; x_wconf 47' lang='lat' dir='ltr'>eradiat-³</span> <span class='ocrx_word' id='word_1_671' title='bbox 1697 2880 1795 2916; x_wconf 58' lang='grc' dir='ltr'>πύργων.</span> 
     </span>
    </p>

    <p class='ocr_par' dir='ltr' id='par_1_23' title="bbox 309 2918 1904 2966">
     <span class='ocr_line' id='line_1_64' title="bbox 309 2918 1904 2966; baseline -0.007 -9"><span class='ocrx_word' id='word_1_672' title='bbox 309 2929 333 2965; x_wconf 84' lang='lat' dir='ltr'>l]</span> <span class='ocrx_word' id='word_1_673' title='bbox 364 2929 511 2956; x_wconf 65' lang='lat' dir='ltr'>Philander.</span> <span class='ocrx_word' id='word_1_674' title='bbox 535 2930 600 2955; x_wconf 81' lang='lat' dir='ltr'>Sunt</span> <span class='ocrx_word' id='word_1_675' title='bbox 613 2928 734 2956; x_wconf 80' lang='lat' dir='ltr'>mensula-</span> <span class='ocrx_word' id='word_1_676' title='bbox 744 2938 802 2966; x_wconf 82' lang='lat' dir='ltr'>quae</span> <span class='ocrx_word' id='word_1_677' title='bbox 814 2928 944 2966; x_wconf 80' lang='lat' dir='ltr'>capitibus</span> <span class='ocrx_word' id='word_1_678' title='bbox 955 2926 1003 2955; x_wconf 83' lang='lat' dir='ltr'>suis</span> <span class='ocrx_word' id='word_1_679' title='bbox 1014 2928 1041 2954; x_wconf 89' lang='lat' dir='ltr'>in</span> <span class='ocrx_word' id='word_1_680' title='bbox 1054 2927 1205 2955; x_wconf 83' lang='lat' dir='ltr'>volutarum</span> <span class='ocrx_word' id='word_1_681' title='bbox 1215 2921 1346 2951; x_wconf 63' lang='lat' dir='ltr'>anfractus</span> <span class='ocrx_word' id='word_1_682' title='bbox 1358 2924 1536 2962; x_wconf 79' lang='lat' dir='ltr'>implicantur,</span> <span class='ocrx_word' id='word_1_683' title='bbox 1546 2922 1601 2949; x_wconf 77' lang='lat' dir='ltr'>ads</span> <span class='ocrx_word' id='word_1_684' title='bbox 1613 2919 1747 2955; x_wconf 75' lang='lat' dir='ltr'>majusculi</span> <span class='ocrx_word' id='word_1_685' title='bbox 1757 2918 1904 2960; x_wconf 74' lang='lat' dir='ltr'>&amp;oblongi</span> 
     </span>
    </p>
   </div>
   <div class='ocr_carea' id='block_1_15' title="bbox 344 2961 1901 3037">
    <p class='ocr_par' dir='ltr' id='par_1_24' title="bbox 344 2961 1901 3037">
     <span class='ocr_line' id='line_1_65' title="bbox 344 2961 1884 3037; baseline -0.006 -38"><span class='ocrx_word' id='word_1_686' title='bbox 344 2967 468 3001; x_wconf 79' lang='lat' dir='ltr'>formam,</span> <span class='ocrx_word' id='word_1_687' title='bbox 481 2972 505 2998; x_wconf 66' lang='lat' dir='ltr'>St</span> <span class='ocrx_word' id='word_1_688' title='bbox 517 2969 682 3009; x_wconf 85' lang='lat' dir='ltr'>propendent</span> <span class='ocrx_word' id='word_1_689' title='bbox 694 2969 726 2997; x_wconf 81' lang='lat' dir='ltr'>ab</span> <span class='ocrx_word' id='word_1_690' title='bbox 738 2969 792 2998; x_wconf 76' lang='lat' dir='ltr'>ima</span> <span class='ocrx_word' id='word_1_691' title='bbox 801 2968 1053 2999; x_wconf 80' lang='lat' dir='ltr'>coroiiasecundum</span> <span class='ocrx_word' id='word_1_692' title='bbox 1063 2972 1270 3006; x_wconf 73' lang='lat' dir='ltr'>antepagmenta</span> <span class='ocrx_word' id='word_1_693' title='bbox 1281 2963 1313 2992; x_wconf 86' lang='lat' dir='ltr'>:id</span> <span class='ocrx_word' id='word_1_694' title='bbox 1321 2962 1512 2993; x_wconf 75' lang='lat' dir='ltr'>libramentum</span> <span class='ocrx_word' id='word_1_695' title='bbox 1522 2963 1569 2990; x_wconf 87' lang='lat' dir='ltr'>imi</span> <span class='ocrx_word' id='word_1_696' title='bbox 1578 2961 1717 3000; x_wconf 84' lang='lat' dir='ltr'>supercilii.</span> <span class='ocrx_word' id='word_1_697' title='bbox 1817 2999 1884 3037; x_wconf 35' lang='lat' dir='ltr'>ffb·</span> 
     </span>
     <span class='ocr_line' id='line_1_66' title="bbox 1787 3010 1901 3031; baseline -0.018 0"><span class='ocrx_word' id='word_1_698' title='bbox 1787 3011 1814 3031; x_wconf 75' lang='lat' dir='ltr'>m</span> <span class='ocrx_word' id='word_1_699' title='bbox 1867 3010 1901 3029; x_wconf 61' lang='lat' dir='ltr'>A&lt;</span> 
     </span>
    </p>
   </div>
  </div>
 </body>
</html>
