<?xml version="1.0" encoding="UTF-8"?>
<!DOCTYPE html PUBLIC "-//W3C//DTD XHTML 1.0 Transitional//EN"
    "http://www.w3.org/TR/xhtml1/DTD/xhtml1-transitional.dtd">
<html xmlns="http://www.w3.org/1999/xhtml" xml:lang="en" lang="en">
 <head>
  <title>
</title>
<meta http-equiv="Content-Type" content="text/html;charset=utf-8" />
  <meta name='ocr-system' content='tesseract 3.04.00' />
  <meta name='ocr-capabilities' content='ocr_page ocr_carea ocr_par ocr_line ocrx_word'/>
</head>
<body>
  <div class='ocr_page' id='page_1' title='image "./vitruviipollioni00vitr_0164.png"; bbox 0 0 2023 3162; ppageno 0'>
   <div class='ocr_carea' id='block_1_1' title="bbox 333 95 1557 139">
    <p class='ocr_par' dir='ltr' id='par_1_1' title="bbox 333 95 1557 139">
     <span class='ocr_line' id='line_1_1' title="bbox 333 95 1557 139; baseline -0.005 0"><span class='ocrx_word' id='word_1_1' title='bbox 333 106 405 139; x_wconf 79' lang='lat'>116</span> <span class='ocrx_word' id='word_1_2' title='bbox 741 98 795 135; x_wconf 82' lang='lat' dir='ltr'>M.</span> <span class='ocrx_word' id='word_1_3' title='bbox 845 97 1158 135; x_wconf 71' lang='lat' dir='ltr'>Virauvi1</span> <span class='ocrx_word' id='word_1_4' title='bbox 1212 95 1557 133; x_wconf 80' lang='lat' dir='ltr'>PoLLioNis</span> 
     </span>
    </p>
   </div>
   <div class='ocr_carea' id='block_1_2' title="bbox 328 162 1918 1158">
    <p class='ocr_par' dir='ltr' id='par_1_2' title="bbox 328 162 1918 1158">
     <span class='ocr_line' id='line_1_2' title="bbox 328 162 1918 216; baseline 0.001 -12"><span class='ocrx_word' id='word_1_5' title='bbox 328 171 420 205; x_wconf 90' lang='lat' dir='ltr'>lum.</span> <span class='ocrx_word' id='word_1_6' title='bbox 442 166 588 203; x_wconf 80' lang='lat' dir='ltr'>Olearia</span> <span class='ocrx_word' id='word_1_7' title='bbox 601 174 722 203; x_wconf 84' lang='lat' dir='ltr'>autem</span> <span class='ocrx_word' id='word_1_8' title='bbox 733 166 782 202; x_wconf 86' lang='lat' dir='ltr'>ita</span> <span class='ocrx_word' id='word_1_9' title='bbox 793 164 842 202; x_wconf 87' lang='lat' dir='ltr'>est</span> <span class='ocrx_word' id='word_1_10' title='bbox 853 163 1098 208; x_wconf 83' lang='lat' dir='ltr'>collocanda,</span> <span class='ocrx_word' id='word_1_11' title='bbox 1107 173 1147 200; x_wconf 87' lang='lat' dir='ltr'>ut</span> <span class='ocrx_word' id='word_1_12' title='bbox 1157 163 1287 201; x_wconf 77' lang='lat' dir='ltr'>habeat</span> <span class='ocrx_word' id='word_1_13' title='bbox 1297 162 1315 199; x_wconf 71' lang='grc' dir='ltr'>ὲ</span> <span class='ocrx_word' id='word_1_14' title='bbox 1329 164 1479 201; x_wconf 85' lang='lat' dir='ltr'>meridie</span> <span class='ocrx_word' id='word_1_15' title='bbox 1493 163 1691 214; x_wconf 81' lang='lat' dir='ltr'>calidisque</span> <span class='ocrx_word' id='word_1_16' title='bbox 1701 167 1918 216; x_wconf 77' lang='lat' dir='ltr'>regionibus</span> 
     </span>
     <span class='ocr_line' id='line_1_3' title="bbox 328 218 1916 273; baseline -0.001 -11"><span class='ocrx_word' id='word_1_17' title='bbox 328 224 468 262; x_wconf 83' lang='lat' dir='ltr'>lumen.</span> <span class='ocrx_word' id='word_1_18' title='bbox 497 223 594 260; x_wconf 87' lang='lat' dir='ltr'>Non</span> <span class='ocrx_word' id='word_1_19' title='bbox 605 223 701 258; x_wconf 90' lang='lat' dir='ltr'>enim</span> <span class='ocrx_word' id='word_1_20' title='bbox 712 220 820 256; x_wconf 90' lang='lat' dir='ltr'>debet</span> <span class='ocrx_word' id='word_1_21' title='bbox 832 220 961 256; x_wconf 86' lang='lat' dir='ltr'>oleum</span> <span class='ocrx_word' id='word_1_22' title='bbox 973 220 1177 268; x_wconf 80' lang='lat' dir='ltr'>congelari,</span> <span class='ocrx_word' id='word_1_23' title='bbox 1192 218 1250 256; x_wconf 88' lang='lat' dir='ltr'>sed</span> <span class='ocrx_word' id='word_1_24' title='bbox 1261 229 1392 269; x_wconf 85' lang='lat' dir='ltr'>tepore</span> <span class='ocrx_word' id='word_1_25' title='bbox 1403 221 1537 257; x_wconf 77' lang='lat' dir='ltr'>caloris</span> <span class='ocrx_word' id='word_1_26' title='bbox 1552 224 1749 259; x_wconf 83' lang='lat' dir='ltr'>extenuari.</span> <span class='ocrx_word' id='word_1_27' title='bbox 1770 225 1916 273; x_wconf 52' lang='lat' dir='ltr'>Magn}</span> 
     </span>
     <span class='ocr_line' id='line_1_4' title="bbox 330 274 1915 317; baseline 0.001 -2"><span class='ocrx_word' id='word_1_28' title='bbox 330 277 473 315; x_wconf 88' lang='lat' dir='ltr'>tudines</span> <span class='ocrx_word' id='word_1_29' title='bbox 483 287 607 315; x_wconf 83' lang='lat' dir='ltr'>autem</span> <span class='ocrx_word' id='word_1_30' title='bbox 619 287 746 314; x_wconf 87' lang='lat' dir='ltr'>earum</span> <span class='ocrx_word' id='word_1_31' title='bbox 755 275 799 312; x_wconf 86' lang='lat' dir='ltr'>ad</span> <span class='ocrx_word' id='word_1_32' title='bbox 809 274 997 311; x_wconf 79' lang='lat' dir='ltr'>fruCtuum</span> <span class='ocrx_word' id='word_1_33' title='bbox 1009 276 1214 312; x_wconf 72' lang='lat' dir='ltr'>tationem,</span> <span class='ocrx_word' id='word_1_34' title='bbox 1230 277 1266 312; x_wconf 70' lang='grc' dir='ltr'>ὅ(</span> <span class='ocrx_word' id='word_1_35' title='bbox 1279 287 1476 312; x_wconf 86' lang='lat' dir='ltr'>numerum</span> <span class='ocrx_word' id='word_1_36' title='bbox 1487 275 1676 313; x_wconf 89' lang='lat' dir='ltr'>doliorum</span> <span class='ocrx_word' id='word_1_37' title='bbox 1688 277 1766 315; x_wconf 85' lang='lat' dir='ltr'>sunt</span> <span class='ocrx_word' id='word_1_38' title='bbox 1776 278 1915 317; x_wconf 85' lang='lat' dir='ltr'>facien-</span> 
     </span>
     <span class='ocr_line' id='line_1_5' title="bbox 333 330 1913 382; baseline 0.001 -12"><span class='ocrx_word' id='word_1_39' title='bbox 333 333 388 370; x_wconf 82' lang='lat' dir='ltr'>dae</span> <span class='ocrx_word' id='word_1_40' title='bbox 401 362 410 377; x_wconf 93' lang='lat'>,</span> <span class='ocrx_word' id='word_1_41' title='bbox 430 344 509 382; x_wconf 82' lang='lat' dir='ltr'>quae</span> <span class='ocrx_word' id='word_1_42' title='bbox 520 345 606 369; x_wconf 88' lang='lat' dir='ltr'>cum</span> <span class='ocrx_word' id='word_1_43' title='bbox 618 331 686 367; x_wconf 83' lang='lat' dir='ltr'>sint</span> <span class='ocrx_word' id='word_1_44' title='bbox 698 333 753 375; x_wconf 88' lang='lat' dir='ltr'>[e]</span> <span class='ocrx_word' id='word_1_45' title='bbox 766 331 954 370; x_wconf 84' lang='lat' dir='ltr'>cullearia,</span> <span class='ocrx_word' id='word_1_46' title='bbox 977 341 1041 379; x_wconf 89' lang='lat' dir='ltr'>per</span> <span class='ocrx_word' id='word_1_47' title='bbox 1053 330 1219 367; x_wconf 87' lang='lat' dir='ltr'>medium</span> <span class='ocrx_word' id='word_1_48' title='bbox 1230 342 1417 381; x_wconf 84' lang='lat' dir='ltr'>occupare</span> <span class='ocrx_word' id='word_1_49' title='bbox 1430 332 1568 368; x_wconf 85' lang='lat' dir='ltr'>debent</span> <span class='ocrx_word' id='word_1_50' title='bbox 1579 331 1689 382; x_wconf 88' lang='lat' dir='ltr'>pedes</span> <span class='ocrx_word' id='word_1_51' title='bbox 1701 345 1913 380; x_wconf 86' lang='lat' dir='ltr'>quaternos.</span> 
     </span>
     <span class='ocr_line' id='line_1_6' title="bbox 329 383 1914 438; baseline 0.001 -13"><span class='ocrx_word' id='word_1_52' title='bbox 329 390 344 426; x_wconf 84' lang='lat'>1</span> <span class='ocrx_word' id='word_1_53' title='bbox 352 388 454 438; x_wconf 87' lang='lat' dir='ltr'>psum</span> <span class='ocrx_word' id='word_1_54' title='bbox 483 397 607 425; x_wconf 85' lang='lat' dir='ltr'>autem</span> <span class='ocrx_word' id='word_1_55' title='bbox 638 383 713 435; x_wconf 85' lang='lat' dir='ltr'>[s]</span> <span class='ocrx_word' id='word_1_56' title='bbox 743 385 906 422; x_wconf 79' lang='lat' dir='ltr'>torcular</span> <span class='ocrx_word' id='word_1_57' title='bbox 918 411 926 424; x_wconf 87' lang='lat'>‚</span> <span class='ocrx_word' id='word_1_58' title='bbox 964 385 986 422; x_wconf 83' lang='lat' dir='ltr'>si</span> <span class='ocrx_word' id='word_1_59' title='bbox 1005 397 1081 422; x_wconf 90' lang='lat' dir='ltr'>non</span> <span class='ocrx_word' id='word_1_60' title='bbox 1103 388 1173 438; x_wconf 84' lang='lat' dir='ltr'>[g]</span> <span class='ocrx_word' id='word_1_61' title='bbox 1195 385 1360 423; x_wconf 84' lang='lat' dir='ltr'>cochleis</span> <span class='ocrx_word' id='word_1_62' title='bbox 1378 396 1571 436; x_wconf 82' lang='lat' dir='ltr'>torquetur</span> <span class='ocrx_word' id='word_1_63' title='bbox 1582 415 1591 431; x_wconf 91' lang='lat'>‚</span> <span class='ocrx_word' id='word_1_64' title='bbox 1612 385 1672 423; x_wconf 88' lang='lat' dir='ltr'>sed</span> <span class='ocrx_word' id='word_1_65' title='bbox 1691 389 1852 427; x_wconf 65' lang='lat' dir='ltr'>vectibus</span> <span class='ocrx_word' id='word_1_66' title='bbox 1873 393 1914 429; x_wconf 71' lang='grc' dir='ltr'>ὃς</span> 
     </span>
     <span class='ocr_line' id='line_1_7' title="bbox 335 441 1914 493; baseline 0.003 -14"><span class='ocrx_word' id='word_1_67' title='bbox 335 441 400 489; x_wconf 88' lang='lat' dir='ltr'>[h]</span> <span class='ocrx_word' id='word_1_68' title='bbox 411 444 514 493; x_wconf 85' lang='lat' dir='ltr'>prelo</span> <span class='ocrx_word' id='word_1_69' title='bbox 527 443 700 493; x_wconf 78' lang='lat' dir='ltr'>premitur</span> <span class='ocrx_word' id='word_1_70' title='bbox 711 468 720 483; x_wconf 86' lang='lat'>‚</span> <span class='ocrx_word' id='word_1_71' title='bbox 731 451 777 476; x_wconf 90' lang='lat' dir='ltr'>ne</span> <span class='ocrx_word' id='word_1_72' title='bbox 789 442 910 477; x_wconf 89' lang='lat' dir='ltr'>minus</span> <span class='ocrx_word' id='word_1_73' title='bbox 922 441 1081 490; x_wconf 81' lang='lat' dir='ltr'>longum</span> <span class='ocrx_word' id='word_1_74' title='bbox 1091 442 1201 492; x_wconf 88' lang='lat' dir='ltr'>pedes</span> <span class='ocrx_word' id='word_1_75' title='bbox 1211 441 1448 491; x_wconf 80' lang='lat' dir='ltr'>quadraginta</span> <span class='ocrx_word' id='word_1_76' title='bbox 1459 442 1718 480; x_wconf 77' lang='lat' dir='ltr'>constituatur.</span> <span class='ocrx_word' id='word_1_77' title='bbox 1750 443 1804 481; x_wconf 84' lang='lat' dir='ltr'>Ita</span> <span class='ocrx_word' id='word_1_78' title='bbox 1813 448 1914 484; x_wconf 89' lang='lat' dir='ltr'>enim</span> 
     </span>
     <span class='ocr_line' id='line_1_8' title="bbox 332 492 1912 550; baseline 0.001 -15"><span class='ocrx_word' id='word_1_79' title='bbox 332 501 401 535; x_wconf 84' lang='lat' dir='ltr'>erit</span> <span class='ocrx_word' id='word_1_80' title='bbox 411 499 582 534; x_wconf 68' lang='lat' dir='ltr'>vestiario</span> <span class='ocrx_word' id='word_1_81' title='bbox 592 497 747 546; x_wconf 78' lang='lat' dir='ltr'>spatium</span> <span class='ocrx_word' id='word_1_82' title='bbox 759 496 983 546; x_wconf 83' lang='lat' dir='ltr'>expeditum.</span> <span class='ocrx_word' id='word_1_83' title='bbox 1013 497 1193 534; x_wconf 86' lang='lat' dir='ltr'>Latitudo</span> <span class='ocrx_word' id='word_1_84' title='bbox 1211 498 1286 541; x_wconf 85' lang='lat' dir='ltr'>ejus</span> <span class='ocrx_word' id='word_1_85' title='bbox 1296 508 1345 534; x_wconf 90' lang='lat' dir='ltr'>ne</span> <span class='ocrx_word' id='word_1_86' title='bbox 1354 500 1477 534; x_wconf 88' lang='lat' dir='ltr'>minus</span> <span class='ocrx_word' id='word_1_87' title='bbox 1489 498 1624 549; x_wconf 88' lang='lat' dir='ltr'>pedum</span> <span class='ocrx_word' id='word_1_88' title='bbox 1634 492 1912 550; x_wconf 75' lang='lat' dir='ltr'>se&#39;numdenum3</span> 
     </span>
     <span class='ocr_line' id='line_1_9' title="bbox 331 551 1914 603; baseline 0.003 -13"><span class='ocrx_word' id='word_1_89' title='bbox 331 566 417 590; x_wconf 85' lang='lat' dir='ltr'>nam</span> <span class='ocrx_word' id='word_1_90' title='bbox 438 553 484 589; x_wconf 84' lang='lat' dir='ltr'>fic</span> <span class='ocrx_word' id='word_1_91' title='bbox 505 554 573 589; x_wconf 87' lang='lat' dir='ltr'>erit</span> <span class='ocrx_word' id='word_1_92' title='bbox 592 551 635 588; x_wconf 85' lang='lat' dir='ltr'>ad</span> <span class='ocrx_word' id='word_1_93' title='bbox 653 552 804 601; x_wconf 86' lang='lat' dir='ltr'>plenum</span> <span class='ocrx_word' id='word_1_94' title='bbox 823 564 922 602; x_wconf 89' lang='lat' dir='ltr'>opus</span> <span class='ocrx_word' id='word_1_95' title='bbox 933 553 1152 589; x_wconf 83' lang='lat' dir='ltr'>facientibus</span> <span class='ocrx_word' id='word_1_96' title='bbox 1163 553 1277 589; x_wconf 87' lang='lat' dir='ltr'>libera</span> <span class='ocrx_word' id='word_1_97' title='bbox 1287 554 1487 591; x_wconf 86' lang='lat' dir='ltr'>versatio&amp;</span> <span class='ocrx_word' id='word_1_98' title='bbox 1500 554 1681 603; x_wconf 85' lang='lat' dir='ltr'>expedita.</span> <span class='ocrx_word' id='word_1_99' title='bbox 1715 554 1776 590; x_wconf 88' lang='lat' dir='ltr'>Sin</span> <span class='ocrx_word' id='word_1_100' title='bbox 1789 565 1914 594; x_wconf 81' lang='lat' dir='ltr'>autern</span> 
     </span>
     <span class='ocr_line' id='line_1_10' title="bbox 332 607 1915 658; baseline 0.003 -13"><span class='ocrx_word' id='word_1_101' title='bbox 332 608 477 645; x_wconf 88' lang='lat' dir='ltr'>duobus</span> <span class='ocrx_word' id='word_1_102' title='bbox 492 609 597 657; x_wconf 79' lang='lat' dir='ltr'>prelis</span> <span class='ocrx_word' id='word_1_103' title='bbox 610 608 702 644; x_wconf 89' lang='lat' dir='ltr'>loco</span> <span class='ocrx_word' id='word_1_104' title='bbox 713 619 806 656; x_wconf 86' lang='lat' dir='ltr'>opus</span> <span class='ocrx_word' id='word_1_105' title='bbox 817 607 836 644; x_wconf 95' lang='lat' dir='ltr'>s</span> <span class='ocrx_word' id='word_1_106' title='bbox 835 609 940 652; x_wconf 84' lang='lat' dir='ltr'>uerit,</span> <span class='ocrx_word' id='word_1_107' title='bbox 958 618 1118 657; x_wconf 87' lang='lat' dir='ltr'>quatuor</span> <span class='ocrx_word' id='word_1_108' title='bbox 1132 608 1169 644; x_wconf 70' lang='grc' dir='ltr'>ἃ</span> <span class='ocrx_word' id='word_1_109' title='bbox 1179 609 1307 658; x_wconf 82' lang='lat' dir='ltr'>viginti</span> <span class='ocrx_word' id='word_1_110' title='bbox 1317 609 1428 658; x_wconf 83' lang='lat' dir='ltr'>pedes</span> <span class='ocrx_word' id='word_1_111' title='bbox 1437 610 1619 647; x_wconf 81' lang='lat' dir='ltr'>latitudini</span> <span class='ocrx_word' id='word_1_112' title='bbox 1629 609 1766 646; x_wconf 77' lang='lat' dir='ltr'>dentur.</span> <span class='ocrx_word' id='word_1_113' title='bbox 1792 611 1915 650; x_wconf 81' lang='lat' dir='ltr'>Ovilia</span> 
     </span>
     <span class='ocr_line' id='line_1_11' title="bbox 332 661 1916 714; baseline 0.003 -15"><span class='ocrx_word' id='word_1_114' title='bbox 332 666 370 700; x_wconf 68' lang='grc' dir='ltr'>ὃ(</span> <span class='ocrx_word' id='word_1_115' title='bbox 382 665 526 713; x_wconf 84' lang='lat' dir='ltr'>caprilia</span> <span class='ocrx_word' id='word_1_116' title='bbox 537 665 587 700; x_wconf 84' lang='lat' dir='ltr'>ita</span> <span class='ocrx_word' id='word_1_117' title='bbox 597 674 729 712; x_wconf 81' lang='lat' dir='ltr'>magna</span> <span class='ocrx_word' id='word_1_118' title='bbox 739 663 816 700; x_wconf 83' lang='lat' dir='ltr'>sunt</span> <span class='ocrx_word' id='word_1_119' title='bbox 830 662 996 701; x_wconf 83' lang='lat' dir='ltr'>facienda</span> <span class='ocrx_word' id='word_1_120' title='bbox 1012 692 1022 708; x_wconf 89' lang='lat'><em>‚</em></span> <span class='ocrx_word' id='word_1_121' title='bbox 1043 673 1082 701; x_wconf 90' lang='lat' dir='ltr'>ut</span> <span class='ocrx_word' id='word_1_122' title='bbox 1098 663 1239 713; x_wconf 82' lang='lat' dir='ltr'>singula</span> <span class='ocrx_word' id='word_1_123' title='bbox 1257 675 1394 714; x_wconf 84' lang='lat' dir='ltr'>pecora</span> <span class='ocrx_word' id='word_1_124' title='bbox 1413 661 1501 703; x_wconf 80' lang='lat' dir='ltr'>areae</span> <span class='ocrx_word' id='word_1_125' title='bbox 1513 677 1559 702; x_wconf 89' lang='lat' dir='ltr'>ne</span> <span class='ocrx_word' id='word_1_126' title='bbox 1571 667 1692 701; x_wconf 90' lang='lat' dir='ltr'>minus</span> <span class='ocrx_word' id='word_1_127' title='bbox 1702 664 1813 714; x_wconf 89' lang='lat' dir='ltr'>pedes</span> <span class='ocrx_word' id='word_1_128' title='bbox 1825 678 1916 714; x_wconf 87' lang='lat' dir='ltr'>qua·</span> 
     </span>
     <span class='ocr_line' id='line_1_12' title="bbox 331 718 1916 770; baseline 0.003 -15"><span class='ocrx_word' id='word_1_129' title='bbox 331 730 456 756; x_wconf 85' lang='lat' dir='ltr'>ternos</span> <span class='ocrx_word' id='word_1_130' title='bbox 469 721 505 755; x_wconf 83' lang='lat'>&amp;</span> <span class='ocrx_word' id='word_1_131' title='bbox 517 719 738 768; x_wconf 84' lang='lat' dir='ltr'>semipedem</span> <span class='ocrx_word' id='word_1_132' title='bbox 753 747 762 762; x_wconf 92' lang='lat'><em>‚</em></span> <span class='ocrx_word' id='word_1_133' title='bbox 775 730 821 755; x_wconf 89' lang='lat' dir='ltr'>ne</span> <span class='ocrx_word' id='word_1_134' title='bbox 831 720 911 768; x_wconf 88' lang='lat' dir='ltr'>plus</span> <span class='ocrx_word' id='word_1_135' title='bbox 922 719 1026 755; x_wconf 82' lang='lat' dir='ltr'>senos</span> <span class='ocrx_word' id='word_1_136' title='bbox 1039 718 1170 770; x_wconf 85' lang='lat' dir='ltr'>possint</span> <span class='ocrx_word' id='word_1_137' title='bbox 1181 719 1324 756; x_wconf 83' lang='lat' dir='ltr'>habere.</span> <span class='ocrx_word' id='word_1_138' title='bbox 1358 722 1420 766; x_wconf 77' lang='lat' dir='ltr'>[z]</span> <span class='ocrx_word' id='word_1_139' title='bbox 1440 720 1612 757; x_wconf 80' lang='lat' dir='ltr'>Granaria</span> <span class='ocrx_word' id='word_1_140' title='bbox 1622 721 1809 758; x_wconf 84' lang='lat' dir='ltr'>sublimata</span> <span class='ocrx_word' id='word_1_141' title='bbox 1821 723 1858 758; x_wconf 77' lang='grc' dir='ltr'>ὃ(</span> <span class='ocrx_word' id='word_1_142' title='bbox 1870 722 1916 759; x_wconf 88' lang='lat' dir='ltr'>ad</span> 
     </span>
     <span class='ocr_line' id='line_1_13' title="bbox 329 773 1916 827; baseline 0.003 -17"><span class='ocrx_word' id='word_1_143' title='bbox 329 775 696 824; x_wconf 83' lang='lat' dir='ltr'>septentrionem‚aut</span> <span class='ocrx_word' id='word_1_144' title='bbox 706 774 925 822; x_wconf 79' lang='lat' dir='ltr'>aquilonem</span> <span class='ocrx_word' id='word_1_145' title='bbox 937 773 1131 826; x_wconf 76' lang='lat' dir='ltr'>spectantia</span> <span class='ocrx_word' id='word_1_146' title='bbox 1141 775 1444 825; x_wconf 83' lang='lat' dir='ltr'>disponantur.lta</span> <span class='ocrx_word' id='word_1_147' title='bbox 1455 778 1555 813; x_wconf 83' lang='lat' dir='ltr'>enim</span> <span class='ocrx_word' id='word_1_148' title='bbox 1566 776 1745 813; x_wconf 86' lang='lat' dir='ltr'>frumenta</span> <span class='ocrx_word' id='word_1_149' title='bbox 1756 788 1834 812; x_wconf 89' lang='lat' dir='ltr'>non</span> <span class='ocrx_word' id='word_1_150' title='bbox 1846 788 1916 827; x_wconf 83' lang='lat' dir='ltr'>po-</span> 
     </span>
     <span class='ocr_line' id='line_1_14' title="bbox 331 829 1912 880; baseline 0.002 -13"><span class='ocrx_word' id='word_1_151' title='bbox 331 840 454 867; x_wconf 85' lang='lat' dir='ltr'>terunt</span> <span class='ocrx_word' id='word_1_152' title='bbox 470 834 547 868; x_wconf 89' lang='lat' dir='ltr'>cito</span> <span class='ocrx_word' id='word_1_153' title='bbox 564 829 820 866; x_wconf 81' lang='lat' dir='ltr'>concalescere</span> <span class='ocrx_word' id='word_1_154' title='bbox 833 859 842 873; x_wconf 91' lang='lat'>,</span> <span class='ocrx_word' id='word_1_155' title='bbox 861 830 919 867; x_wconf 90' lang='lat' dir='ltr'>sed</span> <span class='ocrx_word' id='word_1_156' title='bbox 930 829 1055 868; x_wconf 74' lang='lat' dir='ltr'>afflatu</span> <span class='ocrx_word' id='word_1_157' title='bbox 1068 831 1278 880; x_wconf 80' lang='lat' dir='ltr'>refrigerata</span> <span class='ocrx_word' id='word_1_158' title='bbox 1289 832 1352 868; x_wconf 92' lang='lat' dir='ltr'>diu</span> <span class='ocrx_word' id='word_1_159' title='bbox 1362 831 1554 869; x_wconf 85' lang='lat' dir='ltr'>servantur.</span> <span class='ocrx_word' id='word_1_160' title='bbox 1586 832 1763 880; x_wconf 81' lang='lat' dir='ltr'>Namque</span> <span class='ocrx_word' id='word_1_161' title='bbox 1776 843 1912 870; x_wconf 80' lang='lat' dir='ltr'>caeterae</span> 
     </span>
     <span class='ocr_line' id='line_1_15' title="bbox 330 885 1914 936; baseline 0.001 -13"><span class='ocrx_word' id='word_1_162' title='bbox 330 887 503 934; x_wconf 72' lang='lat' dir='ltr'>regiones</span> <span class='ocrx_word' id='word_1_163' title='bbox 516 896 711 936; x_wconf 81' lang='lat' dir='ltr'>procreant</span> <span class='ocrx_word' id='word_1_164' title='bbox 723 886 995 930; x_wconf 87' lang='lat' dir='ltr'>curculionem,</span> <span class='ocrx_word' id='word_1_165' title='bbox 1007 888 1043 923; x_wconf 70' lang='grc' dir='ltr'>ὅ(</span> <span class='ocrx_word' id='word_1_166' title='bbox 1058 887 1212 935; x_wconf 83' lang='lat' dir='ltr'>reliquas</span> <span class='ocrx_word' id='word_1_167' title='bbox 1223 886 1391 924; x_wconf 83' lang='lat' dir='ltr'>bestiolas</span> <span class='ocrx_word' id='word_1_168' title='bbox 1403 916 1413 930; x_wconf 91' lang='lat'>,</span> <span class='ocrx_word' id='word_1_169' title='bbox 1423 899 1502 936; x_wconf 79' lang='lat' dir='ltr'>quae</span> <span class='ocrx_word' id='word_1_170' title='bbox 1513 887 1704 924; x_wconf 84' lang='lat' dir='ltr'>frumentis</span> <span class='ocrx_word' id='word_1_171' title='bbox 1714 885 1833 924; x_wconf 87' lang='lat' dir='ltr'>solent</span> <span class='ocrx_word' id='word_1_172' title='bbox 1845 899 1914 925; x_wconf 93' lang='lat' dir='ltr'>no-</span> 
     </span>
     <span class='ocr_line' id='line_1_16' title="bbox 333 937 1915 992; baseline 0.001 -14"><span class='ocrx_word' id='word_1_173' title='bbox 333 953 426 978; x_wconf 89' lang='lat' dir='ltr'>cere.</span> <span class='ocrx_word' id='word_1_174' title='bbox 463 937 521 992; x_wconf 77' lang='lat' dir='ltr'>[k]</span> <span class='ocrx_word' id='word_1_175' title='bbox 546 942 687 990; x_wconf 82' lang='lat' dir='ltr'>Equilia</span> <span class='ocrx_word' id='word_1_176' title='bbox 705 953 815 989; x_wconf 85' lang='lat' dir='ltr'>quarn</span> <span class='ocrx_word' id='word_1_177' title='bbox 828 943 987 979; x_wconf 82' lang='lat' dir='ltr'>maxime</span> <span class='ocrx_word' id='word_1_178' title='bbox 1007 943 1043 977; x_wconf 92' lang='lat' dir='ltr'>in</span> <span class='ocrx_word' id='word_1_179' title='bbox 1063 942 1166 981; x_wconf 81' lang='lat' dir='ltr'>villa,</span> <span class='ocrx_word' id='word_1_180' title='bbox 1189 942 1251 978; x_wconf 90' lang='lat' dir='ltr'>ubi</span> <span class='ocrx_word' id='word_1_181' title='bbox 1262 943 1349 980; x_wconf 89' lang='lat' dir='ltr'>loca</span> <span class='ocrx_word' id='word_1_182' title='bbox 1371 941 1585 979; x_wconf 83' lang='lat' dir='ltr'>calidissima</span> <span class='ocrx_word' id='word_1_183' title='bbox 1606 942 1741 979; x_wconf 87' lang='lat' dir='ltr'>fuerint</span> <span class='ocrx_word' id='word_1_184' title='bbox 1753 971 1762 986; x_wconf 90' lang='lat'><em>‚</em></span> <span class='ocrx_word' id='word_1_185' title='bbox 1782 943 1915 980; x_wconf 86' lang='lat' dir='ltr'>consti-</span> 
     </span>
     <span class='ocr_line' id='line_1_17' title="bbox 330 995 1913 1048; baseline 0.002 -15"><span class='ocrx_word' id='word_1_186' title='bbox 330 1006 492 1040; x_wconf 79' lang='lat' dir='ltr'>tuantur,</span> <span class='ocrx_word' id='word_1_187' title='bbox 511 996 659 1033; x_wconf 89' lang='lat' dir='ltr'>dumne</span> <span class='ocrx_word' id='word_1_188' title='bbox 671 996 715 1033; x_wconf 84' lang='lat' dir='ltr'>ad</span> <span class='ocrx_word' id='word_1_189' title='bbox 725 995 859 1033; x_wconf 90' lang='lat' dir='ltr'>focum</span> <span class='ocrx_word' id='word_1_190' title='bbox 868 996 1038 1046; x_wconf 63' lang='lat' dir='ltr'>spes’tent.</span> <span class='ocrx_word' id='word_1_191' title='bbox 1078 997 1178 1034; x_wconf 92' lang='lat' dir='ltr'>Cum</span> <span class='ocrx_word' id='word_1_192' title='bbox 1192 999 1289 1034; x_wconf 87' lang='lat' dir='ltr'>enim</span> <span class='ocrx_word' id='word_1_193' title='bbox 1301 1000 1462 1043; x_wconf 86' lang='lat' dir='ltr'>jumenta</span> <span class='ocrx_word' id='word_1_194' title='bbox 1471 1000 1641 1048; x_wconf 86' lang='lat' dir='ltr'>proxime</span> <span class='ocrx_word' id='word_1_195' title='bbox 1660 1000 1785 1047; x_wconf 82' lang='lat' dir='ltr'>ignem</span> <span class='ocrx_word' id='word_1_196' title='bbox 1797 998 1913 1036; x_wconf 88' lang='lat' dir='ltr'>stabu-</span> 
     </span>
     <span class='ocr_line' id='line_1_18' title="bbox 332 1051 1914 1104; baseline 0.003 -16"><span class='ocrx_word' id='word_1_197' title='bbox 332 1053 452 1088; x_wconf 83' lang='lat' dir='ltr'>lantur</span> <span class='ocrx_word' id='word_1_198' title='bbox 464 1081 473 1095; x_wconf 89' lang='lat'>‚</span> <span class='ocrx_word' id='word_1_199' title='bbox 493 1052 639 1088; x_wconf 86' lang='lat' dir='ltr'>horrida</span> <span class='ocrx_word' id='word_1_200' title='bbox 651 1051 755 1088; x_wconf 85' lang='lat' dir='ltr'>fiunt.</span> <span class='ocrx_word' id='word_1_201' title='bbox 788 1052 884 1088; x_wconf 84' lang='lat' dir='ltr'>Item</span> <span class='ocrx_word' id='word_1_202' title='bbox 897 1064 976 1088; x_wconf 89' lang='lat' dir='ltr'>non</span> <span class='ocrx_word' id='word_1_203' title='bbox 993 1052 1074 1089; x_wconf 87' lang='lat' dir='ltr'>sunt</span> <span class='ocrx_word' id='word_1_204' title='bbox 1083 1053 1223 1090; x_wconf 83' lang='lat' dir='ltr'>inutilia</span> <span class='ocrx_word' id='word_1_205' title='bbox 1243 1052 1429 1104; x_wconf 75' lang='lat' dir='ltr'>praesepia,</span> <span class='ocrx_word' id='word_1_206' title='bbox 1451 1066 1535 1103; x_wconf 80' lang='lat' dir='ltr'>quae</span> <span class='ocrx_word' id='word_1_207' title='bbox 1557 1054 1793 1091; x_wconf 83' lang='lat' dir='ltr'>collocantur</span> <span class='ocrx_word' id='word_1_208' title='bbox 1811 1063 1914 1092; x_wconf 82' lang='lat' dir='ltr'>extra</span> 
     </span>
     <span class='ocr_line' id='line_1_19' title="bbox 334 1107 1914 1158; baseline 0.004 -16"><span class='ocrx_word' id='word_1_209' title='bbox 334 1107 495 1143; x_wconf 86' lang='lat' dir='ltr'>culinam</span> <span class='ocrx_word' id='word_1_210' title='bbox 509 1111 545 1143; x_wconf 90' lang='lat' dir='ltr'>in</span> <span class='ocrx_word' id='word_1_211' title='bbox 557 1117 697 1156; x_wconf 78' lang='lat' dir='ltr'>aperto,</span> <span class='ocrx_word' id='word_1_212' title='bbox 713 1116 846 1156; x_wconf 88' lang='lat' dir='ltr'>contra</span> <span class='ocrx_word' id='word_1_213' title='bbox 857 1108 1066 1146; x_wconf 86' lang='lat' dir='ltr'>Orientem.</span> <span class='ocrx_word' id='word_1_214' title='bbox 1098 1108 1198 1145; x_wconf 90' lang='lat' dir='ltr'>Cum</span> <span class='ocrx_word' id='word_1_215' title='bbox 1210 1110 1359 1145; x_wconf 89' lang='lat' dir='ltr'>enimin</span> <span class='ocrx_word' id='word_1_216' title='bbox 1373 1109 1504 1158; x_wconf 83' lang='lat' dir='ltr'>hyeme</span> <span class='ocrx_word' id='word_1_217' title='bbox 1519 1108 1745 1146; x_wconf 82' lang='lat' dir='ltr'>annifereno</span> <span class='ocrx_word' id='word_1_218' title='bbox 1758 1110 1914 1148; x_wconf 84' lang='lat' dir='ltr'>coeloin</span> 
     </span>
    </p>
   </div>
   <div class='ocr_carea' id='block_1_3' title="bbox 333 1163 1913 1265">
    <p class='ocr_par' dir='ltr' id='par_1_3' title="bbox 333 1163 1913 1265">
     <span class='ocr_line' id='line_1_20' title="bbox 333 1163 1910 1215; baseline 0.003 -17"><span class='ocrx_word' id='word_1_219' title='bbox 333 1174 373 1198; x_wconf 79' lang='lat' dir='ltr'>ea</span> <span class='ocrx_word' id='word_1_220' title='bbox 386 1164 646 1202; x_wconf 80' lang='lat' dir='ltr'>traducuntur,</span> <span class='ocrx_word' id='word_1_221' title='bbox 668 1165 853 1199; x_wconf 83' lang='lat' dir='ltr'>matutino</span> <span class='ocrx_word' id='word_1_222' title='bbox 863 1163 980 1201; x_wconf 86' lang='lat' dir='ltr'>boves</span> <span class='ocrx_word' id='word_1_223' title='bbox 993 1163 1036 1200; x_wconf 84' lang='lat' dir='ltr'>ad</span> <span class='ocrx_word' id='word_1_224' title='bbox 1047 1164 1161 1200; x_wconf 89' lang='lat' dir='ltr'>solem</span> <span class='ocrx_word' id='word_1_225' title='bbox 1171 1164 1352 1213; x_wconf 82' lang='lat' dir='ltr'>pabulum</span> <span class='ocrx_word' id='word_1_226' title='bbox 1365 1166 1551 1215; x_wconf 80' lang='lat' dir='ltr'>capientes</span> <span class='ocrx_word' id='word_1_227' title='bbox 1563 1193 1573 1209; x_wconf 89' lang='lat'>,</span> <span class='ocrx_word' id='word_1_228' title='bbox 1592 1163 1684 1201; x_wconf 88' lang='lat' dir='ltr'>fiunt</span> <span class='ocrx_word' id='word_1_229' title='bbox 1705 1164 1910 1202; x_wconf 87' lang='lat' dir='ltr'>nitidiores.</span> 
     </span>
     <span class='ocr_line' id='line_1_21' title="bbox 1508 1218 1913 1265; baseline 0.005 -9"><span class='ocrx_word' id='word_1_230' title='bbox 1508 1229 1510 1231; x_wconf 70' lang='grc'><strong><em>’</em></strong></span> <span class='ocrx_word' id='word_1_231' title='bbox 1739 1218 1797 1265; x_wconf 87' lang='lat' dir='ltr'>[l]</span> <span class='ocrx_word' id='word_1_232' title='bbox 1813 1220 1913 1258; x_wconf 83' lang='lat' dir='ltr'>Hot-</span> 
     </span>
    </p>
   </div>
   <div class='ocr_carea' id='block_1_4' title="bbox 311 1306 1913 3013">
    <p class='ocr_par' dir='ltr' id='par_1_4' title="bbox 365 1306 1913 1470">
     <span class='ocr_line' id='line_1_22' title="bbox 371 1306 1913 1350; baseline 0.001 -15"><span class='ocrx_word' id='word_1_233' title='bbox 371 1307 416 1336; x_wconf 89' lang='lat' dir='ltr'>lib.</span> <span class='ocrx_word' id='word_1_234' title='bbox 428 1318 448 1335; x_wconf 87' lang='lat'>1.</span> <span class='ocrx_word' id='word_1_235' title='bbox 459 1318 515 1347; x_wconf 84' lang='lat' dir='ltr'>cap.</span> <span class='ocrx_word' id='word_1_236' title='bbox 525 1319 610 1336; x_wconf 86' lang='lat' dir='ltr'>xvrrt.</span> <span class='ocrx_word' id='word_1_237' title='bbox 622 1306 747 1350; x_wconf 76' lang='lat' dir='ltr'>frigidam</span> <span class='ocrx_word' id='word_1_238' title='bbox 758 1310 830 1338; x_wconf 81' lang='lat' dir='ltr'>illam</span> <span class='ocrx_word' id='word_1_239' title='bbox 841 1310 948 1348; x_wconf 88' lang='lat' dir='ltr'>quidem</span> <span class='ocrx_word' id='word_1_240' title='bbox 958 1313 983 1337; x_wconf 62' lang='lat'>&amp;-</span> <span class='ocrx_word' id='word_1_241' title='bbox 995 1310 1075 1349; x_wconf 80' lang='lat' dir='ltr'>longe</span> <span class='ocrx_word' id='word_1_242' title='bbox 1086 1309 1101 1337; x_wconf 63' lang='grc' dir='ltr'>ἃ.</span> <span class='ocrx_word' id='word_1_243' title='bbox 1111 1308 1220 1341; x_wconf 76' lang='lat' dir='ltr'>balneis,</span> <span class='ocrx_word' id='word_1_244' title='bbox 1233 1308 1347 1342; x_wconf 52' lang='lat' dir='ltr'>stabulm</span> <span class='ocrx_word' id='word_1_245' title='bbox 1358 1307 1437 1338; x_wconf 86' lang='lat' dir='ltr'>furno</span> <span class='ocrx_word' id='word_1_246' title='bbox 1447 1330 1454 1342; x_wconf 94' lang='lat'>,</span> <span class='ocrx_word' id='word_1_247' title='bbox 1467 1310 1641 1347; x_wconf 83' lang='lat' dir='ltr'>sterquiliniis.</span> <span class='ocrx_word' id='word_1_248' title='bbox 1663 1308 1814 1337; x_wconf 71' lang='lat' dir='ltr'>Columella</span> <span class='ocrx_word' id='word_1_249' title='bbox 1822 1317 1913 1336; x_wconf 80' lang='lat' dir='ltr'>tamen</span> 
     </span>
     <span class='ocr_line' id='line_1_23' title="bbox 367 1347 1913 1389; baseline 0.001 -14"><span class='ocrx_word' id='word_1_250' title='bbox 367 1349 413 1375; x_wconf 86' lang='lat' dir='ltr'>lib.</span> <span class='ocrx_word' id='word_1_251' title='bbox 425 1358 440 1375; x_wconf 84' lang='lat' dir='ltr'>i.</span> <span class='ocrx_word' id='word_1_252' title='bbox 451 1359 506 1387; x_wconf 74' lang='lat' dir='ltr'>cap.</span> <span class='ocrx_word' id='word_1_253' title='bbox 519 1360 557 1377; x_wconf 85' lang='lat' dir='ltr'>vi.</span> <span class='ocrx_word' id='word_1_254' title='bbox 570 1349 709 1388; x_wconf 78' lang='lat' dir='ltr'>apothecas</span> <span class='ocrx_word' id='word_1_255' title='bbox 723 1352 792 1379; x_wconf 64' lang='lat' dir='ltr'>rcc‘te</span> <span class='ocrx_word' id='word_1_256' title='bbox 803 1350 941 1389; x_wconf 85' lang='lat' dir='ltr'>superponi</span> <span class='ocrx_word' id='word_1_257' title='bbox 951 1351 986 1378; x_wconf 84' lang='lat' dir='ltr'>ait</span> <span class='ocrx_word' id='word_1_258' title='bbox 997 1352 1026 1377; x_wconf 83' lang='lat' dir='ltr'>iis</span> <span class='ocrx_word' id='word_1_259' title='bbox 1037 1350 1112 1380; x_wconf 82' lang='lat' dir='ltr'>locis,</span> <span class='ocrx_word' id='word_1_260' title='bbox 1122 1351 1189 1378; x_wconf 85' lang='lat' dir='ltr'>unde</span> <span class='ocrx_word' id='word_1_261' title='bbox 1200 1349 1353 1388; x_wconf 85' lang='lat' dir='ltr'>plerumque</span> <span class='ocrx_word' id='word_1_262' title='bbox 1366 1350 1517 1377; x_wconf 82' lang='lat' dir='ltr'>balnearum</span> <span class='ocrx_word' id='word_1_263' title='bbox 1528 1347 1615 1377; x_wconf 84' lang='lat' dir='ltr'>fumus</span> <span class='ocrx_word' id='word_1_264' title='bbox 1623 1350 1757 1377; x_wconf 80' lang='lat' dir='ltr'>exoriatur</span> <span class='ocrx_word' id='word_1_265' title='bbox 1770 1358 1776 1375; x_wconf 84' lang='lat'><strong>:</strong></span> <span class='ocrx_word' id='word_1_266' title='bbox 1787 1349 1913 1387; x_wconf 86' lang='lat' dir='ltr'>quoniam</span> 
     </span>
     <span class='ocr_line' id='line_1_24' title="bbox 367 1388 1912 1430; baseline 0.001 -15"><span class='ocrx_word' id='word_1_267' title='bbox 367 1389 546 1424; x_wconf 69' lang='lat' dir='ltr'>vina‚ce1eriiis</span> <span class='ocrx_word' id='word_1_268' title='bbox 564 1389 745 1418; x_wconf 84' lang='lat' dir='ltr'>veruscescunt</span> <span class='ocrx_word' id='word_1_269' title='bbox 757 1412 763 1424; x_wconf 89' lang='lat'>‚</span> <span class='ocrx_word' id='word_1_270' title='bbox 780 1401 837 1430; x_wconf 67' lang='lat' dir='ltr'>quae</span> <span class='ocrx_word' id='word_1_271' title='bbox 846 1388 913 1418; x_wconf 85' lang='lat' dir='ltr'>fumi</span> <span class='ocrx_word' id='word_1_272' title='bbox 932 1390 1047 1430; x_wconf 82' lang='lat' dir='ltr'>quodam</span> <span class='ocrx_word' id='word_1_273' title='bbox 1061 1400 1155 1418; x_wconf 87' lang='lat' dir='ltr'>tenore</span> <span class='ocrx_word' id='word_1_274' title='bbox 1172 1399 1344 1428; x_wconf 75' lang='lat' dir='ltr'>praecoquem</span> <span class='ocrx_word' id='word_1_275' title='bbox 1361 1391 1542 1418; x_wconf 71' lang='lat' dir='ltr'>maturitatem</span> <span class='ocrx_word' id='word_1_276' title='bbox 1551 1391 1669 1421; x_wconf 82' lang='lat' dir='ltr'>trahunt,</span> <span class='ocrx_word' id='word_1_277' title='bbox 1690 1390 1778 1418; x_wconf 80' lang='lat' dir='ltr'>Multa</span> <span class='ocrx_word' id='word_1_278' title='bbox 1787 1390 1820 1417; x_wconf 91' lang='lat' dir='ltr'>de</span> <span class='ocrx_word' id='word_1_279' title='bbox 1839 1389 1912 1417; x_wconf 83' lang='lat' dir='ltr'>cellis</span> 
     </span>
     <span class='ocr_line' id='line_1_25' title="bbox 365 1428 1498 1470; baseline 0.001 -14"><span class='ocrx_word' id='word_1_280' title='bbox 365 1429 471 1456; x_wconf 71' lang='lat' dir='ltr'>vinatiis</span> <span class='ocrx_word' id='word_1_281' title='bbox 483 1431 623 1460; x_wconf 83' lang='lat' dir='ltr'>traduntur</span> <span class='ocrx_word' id='word_1_282' title='bbox 633 1435 647 1458; x_wconf 71' lang='lat' dir='ltr'>a</span> <span class='ocrx_word' id='word_1_283' title='bbox 658 1431 759 1460; x_wconf 80' lang='lat' dir='ltr'>Caleno</span> <span class='ocrx_word' id='word_1_284' title='bbox 767 1432 813 1459; x_wconf 85' lang='lat' dir='ltr'>lib.</span> <span class='ocrx_word' id='word_1_285' title='bbox 825 1441 846 1460; x_wconf 89' lang='lat'>1.</span> <span class='ocrx_word' id='word_1_286' title='bbox 855 1432 1008 1461; x_wconf 66' lang='lat' dir='ltr'>antidotum</span> <span class='ocrx_word' id='word_1_287' title='bbox 1018 1441 1075 1470; x_wconf 78' lang='lat' dir='ltr'>quae</span> <span class='ocrx_word' id='word_1_288' title='bbox 1083 1429 1163 1459; x_wconf 85' lang='lat' dir='ltr'>fuerit</span> <span class='ocrx_word' id='word_1_289' title='bbox 1174 1440 1260 1469; x_wconf 85' lang='lat' dir='ltr'>opetae</span> <span class='ocrx_word' id='word_1_290' title='bbox 1272 1440 1390 1468; x_wconf 81' lang='lat' dir='ltr'>precium</span> <span class='ocrx_word' id='word_1_291' title='bbox 1398 1428 1498 1469; x_wconf 76' lang='lat' dir='ltr'>legiffe.</span> 
     </span>
    </p>

    <p class='ocr_par' dir='ltr' id='par_1_5' title="bbox 324 1470 1905 1511">
     <span class='ocr_line' id='line_1_26' title="bbox 324 1470 1905 1511; baseline 0.001 -15"><span class='ocrx_word' id='word_1_292' title='bbox 324 1470 351 1504; x_wconf 80' lang='lat' dir='ltr'>e]</span> <span class='ocrx_word' id='word_1_293' title='bbox 380 1470 465 1497; x_wconf 83' lang='lat' dir='ltr'>Idem.</span> <span class='ocrx_word' id='word_1_294' title='bbox 492 1471 614 1500; x_wconf 81' lang='lat' dir='ltr'>Culleare</span> <span class='ocrx_word' id='word_1_295' title='bbox 625 1481 668 1499; x_wconf 78' lang='lat' dir='ltr'>vas</span> <span class='ocrx_word' id='word_1_296' title='bbox 679 1482 722 1500; x_wconf 87' lang='lat' dir='ltr'>xx.</span> <span class='ocrx_word' id='word_1_297' title='bbox 735 1471 876 1511; x_wconf 82' lang='lat' dir='ltr'>amphoras</span> <span class='ocrx_word' id='word_1_298' title='bbox 886 1473 1007 1501; x_wconf 86' lang='lat' dir='ltr'>continet</span> <span class='ocrx_word' id='word_1_299' title='bbox 1019 1493 1025 1504; x_wconf 94' lang='lat'>,</span> <span class='ocrx_word' id='word_1_300' title='bbox 1045 1471 1172 1510; x_wconf 76' lang='lat' dir='ltr'>amphora</span> <span class='ocrx_word' id='word_1_301' title='bbox 1182 1480 1271 1499; x_wconf 79' lang='lat' dir='ltr'>autem</span> <span class='ocrx_word' id='word_1_302' title='bbox 1282 1470 1469 1499; x_wconf 54' lang='lat' dir='ltr'>xusextanos.</span> <span class='ocrx_word' id='word_1_303' title='bbox 1481 1472 1513 1498; x_wconf 89' lang='lat' dir='ltr'>de</span> <span class='ocrx_word' id='word_1_304' title='bbox 1525 1470 1621 1500; x_wconf 87' lang='lat' dir='ltr'>Culleo</span> <span class='ocrx_word' id='word_1_305' title='bbox 1631 1471 1668 1500; x_wconf 85' lang='lat' dir='ltr'>ita</span> <span class='ocrx_word' id='word_1_306' title='bbox 1678 1470 1769 1499; x_wconf 82' lang='lat' dir='ltr'>scribit</span> <span class='ocrx_word' id='word_1_307' title='bbox 1782 1470 1905 1498; x_wconf 80' lang='lat' dir='ltr'>Fannius:</span> 
     </span>
    </p>

    <p class='ocr_par' dir='ltr' id='par_1_6' title="bbox 680 1516 1317 1556">
     <span class='ocr_line' id='line_1_27' title="bbox 680 1516 1317 1556; baseline 0 -11"><span class='ocrx_word' id='word_1_308' title='bbox 680 1521 726 1545; x_wconf 76' lang='lat' dir='ltr'>Es&#39;l</span> <span class='ocrx_word' id='word_1_309' title='bbox 738 1516 770 1549; x_wconf 53' lang='grc' dir='ltr'>ἐξ</span> <span class='ocrx_word' id='word_1_310' title='bbox 780 1518 816 1546; x_wconf 66' lang='lat' dir='ltr'>bis</span> <span class='ocrx_word' id='word_1_311' title='bbox 825 1518 902 1546; x_wconf 73' lang='lat' dir='ltr'>decies</span> <span class='ocrx_word' id='word_1_312' title='bbox 912 1527 986 1556; x_wconf 81' lang='lat' dir='ltr'>quem</span> <span class='ocrx_word' id='word_1_313' title='bbox 996 1516 1089 1553; x_wconf 57' lang='lat' dir='ltr'>conficti</span> <span class='ocrx_word' id='word_1_314' title='bbox 1098 1518 1221 1555; x_wconf 82' lang='lat' dir='ltr'>amphora</span> <span class='ocrx_word' id='word_1_315' title='bbox 1231 1517 1317 1553; x_wconf 66' lang='lat' dir='ltr'>nostris</span> 
     </span>
    </p>

    <p class='ocr_par' dir='ltr' id='par_1_7' title="bbox 361 1558 1910 2044">
     <span class='ocr_line' id='line_1_28' title="bbox 679 1558 1291 1596; baseline -0.002 -10"><span class='ocrx_word' id='word_1_316' title='bbox 679 1559 779 1592; x_wconf 69' lang='lat' dir='ltr'>cuum,</span> <span class='ocrx_word' id='word_1_317' title='bbox 791 1559 834 1586; x_wconf 78' lang='lat' dir='ltr'>hoc</span> <span class='ocrx_word' id='word_1_318' title='bbox 843 1560 914 1586; x_wconf 79' lang='lat' dir='ltr'>nulla</span> <span class='ocrx_word' id='word_1_319' title='bbox 923 1560 957 1586; x_wconf 71' lang='lat' dir='ltr'>es&#39;l</span> <span class='ocrx_word' id='word_1_320' title='bbox 967 1559 1049 1595; x_wconf 84' lang='lat' dir='ltr'>major</span> <span class='ocrx_word' id='word_1_321' title='bbox 1058 1559 1174 1594; x_wconf 81' lang='lat' dir='ltr'>mensura</span> <span class='ocrx_word' id='word_1_322' title='bbox 1182 1558 1291 1596; x_wconf 75' lang='lat' dir='ltr'>liquoris.</span> 
     </span>
     <span class='ocr_line' id='line_1_29' title="bbox 363 1602 1908 1643; baseline 0.003 -14"><span class='ocrx_word' id='word_1_323' title='bbox 363 1602 412 1630; x_wconf 83' lang='lat' dir='ltr'>Sed</span> <span class='ocrx_word' id='word_1_324' title='bbox 422 1603 523 1641; x_wconf 62' lang='lat' dir='ltr'>praestat</span> <span class='ocrx_word' id='word_1_325' title='bbox 534 1602 580 1630; x_wconf 77' lang='lat' dir='ltr'>liic</span> <span class='ocrx_word' id='word_1_326' title='bbox 591 1604 680 1641; x_wconf 82' lang='lat' dir='ltr'>paucis</span> <span class='ocrx_word' id='word_1_327' title='bbox 692 1603 871 1633; x_wconf 81' lang='lat' dir='ltr'>mensurarum</span> <span class='ocrx_word' id='word_1_328' title='bbox 881 1605 994 1632; x_wconf 77' lang='lat' dir='ltr'>rationes</span> <span class='ocrx_word' id='word_1_329' title='bbox 1004 1605 1158 1642; x_wconf 73' lang='lat' dir='ltr'>completsti.</span> <span class='ocrx_word' id='word_1_330' title='bbox 1180 1605 1282 1632; x_wconf 67' lang='lat' dir='ltr'>Cullma</span> <span class='ocrx_word' id='word_1_331' title='bbox 1291 1603 1429 1643; x_wconf 82' lang='lat' dir='ltr'>amphoras</span> <span class='ocrx_word' id='word_1_332' title='bbox 1440 1613 1482 1632; x_wconf 85' lang='lat' dir='ltr'>xx.</span> <span class='ocrx_word' id='word_1_333' title='bbox 1501 1603 1584 1642; x_wconf 82' lang='lat' dir='ltr'>capit,</span> <span class='ocrx_word' id='word_1_334' title='bbox 1607 1603 1632 1631; x_wconf 88' lang='lat' dir='ltr'>id</span> <span class='ocrx_word' id='word_1_335' title='bbox 1644 1602 1765 1632; x_wconf 83' lang='lat' dir='ltr'>estlibras</span> <span class='ocrx_word' id='word_1_336' title='bbox 1774 1603 1908 1633; x_wconf 68' lang='lat' dir='ltr'>mensura-</span> 
     </span>
     <span class='ocr_line' id='line_1_30' title="bbox 364 1642 1905 1684; baseline 0.003 -15"><span class='ocrx_word' id='word_1_337' title='bbox 364 1643 399 1670; x_wconf 86' lang='lat' dir='ltr'>les</span> <span class='ocrx_word' id='word_1_338' title='bbox 412 1664 417 1673; x_wconf 94' lang='lat'>,</span> <span class='ocrx_word' id='word_1_339' title='bbox 435 1643 527 1681; x_wconf 77' lang='lat' dir='ltr'>quibus</span> <span class='ocrx_word' id='word_1_340' title='bbox 537 1642 635 1671; x_wconf 84' lang='lat' dir='ltr'>scilicet</span> <span class='ocrx_word' id='word_1_341' title='bbox 644 1645 680 1671; x_wconf 88' lang='lat' dir='ltr'>rei</span> <span class='ocrx_word' id='word_1_342' title='bbox 689 1646 784 1676; x_wconf 88' lang='lat' dir='ltr'>moles,</span> <span class='ocrx_word' id='word_1_343' title='bbox 796 1655 849 1672; x_wconf 88' lang='lat' dir='ltr'>non</span> <span class='ocrx_word' id='word_1_344' title='bbox 862 1645 964 1683; x_wconf 81' lang='lat' dir='ltr'>pondus</span> <span class='ocrx_word' id='word_1_345' title='bbox 974 1646 1102 1684; x_wconf 77' lang='lat' dir='ltr'>exigitur,</span> <span class='ocrx_word' id='word_1_346' title='bbox 1115 1645 1186 1673; x_wconf 85' lang='lat' dir='ltr'>mille</span> <span class='ocrx_word' id='word_1_347' title='bbox 1195 1644 1328 1673; x_wconf 80' lang='lat' dir='ltr'>sexcentas</span> <span class='ocrx_word' id='word_1_348' title='bbox 1341 1644 1481 1682; x_wconf 80' lang='lat' dir='ltr'>;amphora</span> <span class='ocrx_word' id='word_1_349' title='bbox 1489 1654 1563 1672; x_wconf 80' lang='lat' dir='ltr'>urnas</span> <span class='ocrx_word' id='word_1_350' title='bbox 1572 1644 1644 1675; x_wconf 78' lang='lat' dir='ltr'>duas,</span> <span class='ocrx_word' id='word_1_351' title='bbox 1654 1645 1681 1672; x_wconf 92' lang='lat' dir='ltr'>id.</span> <span class='ocrx_word' id='word_1_352' title='bbox 1692 1645 1726 1671; x_wconf 89' lang='lat' dir='ltr'>est</span> <span class='ocrx_word' id='word_1_353' title='bbox 1737 1644 1814 1673; x_wconf 83' lang='lat' dir='ltr'>libras</span> <span class='ocrx_word' id='word_1_354' title='bbox 1826 1655 1905 1673; x_wconf 76' lang='lat' dir='ltr'>Lxxx-</span> 
     </span>
     <span class='ocr_line' id='line_1_31' title="bbox 364 1684 1910 1723; baseline 0.001 -13"><span class='ocrx_word' id='word_1_355' title='bbox 364 1693 430 1710; x_wconf 71' lang='lat' dir='ltr'>urna</span> <span class='ocrx_word' id='word_1_356' title='bbox 438 1685 550 1723; x_wconf 80' lang='lat' dir='ltr'>congios</span> <span class='ocrx_word' id='word_1_357' title='bbox 561 1693 684 1722; x_wconf 82' lang='lat' dir='ltr'>quatuor,</span> <span class='ocrx_word' id='word_1_358' title='bbox 694 1685 719 1712; x_wconf 89' lang='lat' dir='ltr'>id</span> <span class='ocrx_word' id='word_1_359' title='bbox 729 1686 763 1713; x_wconf 90' lang='lat' dir='ltr'>est</span> <span class='ocrx_word' id='word_1_360' title='bbox 775 1685 833 1713; x_wconf 85' lang='lat' dir='ltr'>libr.</span> <span class='ocrx_word' id='word_1_361' title='bbox 845 1696 890 1712; x_wconf 70' lang='lat' dir='ltr'>xi.</span> <span class='ocrx_word' id='word_1_362' title='bbox 913 1688 1021 1722; x_wconf 81' lang='lat' dir='ltr'>Congius</span> <span class='ocrx_word' id='word_1_363' title='bbox 1031 1685 1153 1713; x_wconf 77' lang='lat' dir='ltr'>sextarios</span> <span class='ocrx_word' id='word_1_364' title='bbox 1163 1685 1214 1717; x_wconf 85' lang='lat' dir='ltr'>sex,</span> <span class='ocrx_word' id='word_1_365' title='bbox 1227 1685 1252 1712; x_wconf 92' lang='lat' dir='ltr'>id</span> <span class='ocrx_word' id='word_1_366' title='bbox 1262 1686 1297 1712; x_wconf 82' lang='lat' dir='ltr'>est</span> <span class='ocrx_word' id='word_1_367' title='bbox 1312 1685 1370 1713; x_wconf 89' lang='lat' dir='ltr'>libr.</span> <span class='ocrx_word' id='word_1_368' title='bbox 1382 1695 1408 1713; x_wconf 88' lang='lat' dir='ltr'>x.</span> <span class='ocrx_word' id='word_1_369' title='bbox 1427 1687 1559 1712; x_wconf 65' lang='lat' dir='ltr'>Sextarim</span> <span class='ocrx_word' id='word_1_370' title='bbox 1569 1684 1687 1713; x_wconf 75' lang='lat' dir='ltr'>heminas</span> <span class='ocrx_word' id='word_1_371' title='bbox 1698 1685 1760 1712; x_wconf 78' lang='lat' dir='ltr'>duas</span> <span class='ocrx_word' id='word_1_372' title='bbox 1772 1705 1779 1716; x_wconf 83' lang='lat'>,</span> <span class='ocrx_word' id='word_1_373' title='bbox 1797 1685 1822 1713; x_wconf 88' lang='lat' dir='ltr'>id</span> <span class='ocrx_word' id='word_1_374' title='bbox 1833 1686 1867 1713; x_wconf 83' lang='lat' dir='ltr'>esl</span> <span class='ocrx_word' id='word_1_375' title='bbox 1876 1685 1910 1712; x_wconf 91' lang='lat' dir='ltr'>li-</span> 
     </span>
     <span class='ocr_line' id='line_1_32' title="bbox 362 1720 1909 1765; baseline 0.001 -15"><span class='ocrx_word' id='word_1_376' title='bbox 362 1723 436 1750; x_wconf 84' lang='lat' dir='ltr'>bram</span> <span class='ocrx_word' id='word_1_377' title='bbox 447 1728 469 1750; x_wconf 71' lang='lat' dir='ltr'>St</span> <span class='ocrx_word' id='word_1_378' title='bbox 481 1720 577 1752; x_wconf 78' lang='lat' dir='ltr'>bessem</span> <span class='ocrx_word' id='word_1_379' title='bbox 588 1725 639 1752; x_wconf 81' lang='lat' dir='ltr'>live</span> <span class='ocrx_word' id='word_1_380' title='bbox 650 1726 738 1753; x_wconf 83' lang='lat' dir='ltr'>uncias</span> <span class='ocrx_word' id='word_1_381' title='bbox 749 1736 783 1754; x_wconf 88' lang='lat' dir='ltr'>xx</span> <span class='ocrx_word' id='word_1_382' title='bbox 796 1738 801 1757; x_wconf 84' lang='lat'><em>;</em></span> <span class='ocrx_word' id='word_1_383' title='bbox 821 1726 939 1755; x_wconf 80' lang='lat' dir='ltr'>hemina.</span> <span class='ocrx_word' id='word_1_384' title='bbox 959 1735 1016 1764; x_wconf 82' lang='lat' dir='ltr'>quae</span> <span class='ocrx_word' id='word_1_385' title='bbox 1027 1729 1051 1754; x_wconf 84' lang='lat'><strong>&amp;</strong></span> <span class='ocrx_word' id='word_1_386' title='bbox 1065 1726 1173 1764; x_wconf 74' lang='lat' dir='ltr'>coryla,</span> <span class='ocrx_word' id='word_1_387' title='bbox 1194 1727 1339 1764; x_wconf 76' lang='lat' dir='ltr'>quartarios</span> <span class='ocrx_word' id='word_1_388' title='bbox 1351 1726 1427 1758; x_wconf 84' lang='lat' dir='ltr'>duos,</span> <span class='ocrx_word' id='word_1_389' title='bbox 1438 1725 1462 1752; x_wconf 86' lang='lat' dir='ltr'>id</span> <span class='ocrx_word' id='word_1_390' title='bbox 1472 1726 1508 1753; x_wconf 77' lang='lat' dir='ltr'>est</span> <span class='ocrx_word' id='word_1_391' title='bbox 1517 1725 1607 1753; x_wconf 78' lang='lat' dir='ltr'>uncias</span> <span class='ocrx_word' id='word_1_392' title='bbox 1617 1735 1649 1752; x_wconf 87' lang='lat' dir='ltr'>x:</span> <span class='ocrx_word' id='word_1_393' title='bbox 1663 1727 1812 1765; x_wconf 69' lang='lat' dir='ltr'>quar-turim</span> <span class='ocrx_word' id='word_1_394' title='bbox 1820 1733 1909 1753; x_wconf 73' lang='lat' dir='ltr'>aceta-</span> 
     </span>
     <span class='ocr_line' id='line_1_33' title="bbox 365 1762 1907 1804; baseline 0.002 -15"><span class='ocrx_word' id='word_1_395' title='bbox 365 1762 430 1790; x_wconf 89' lang='lat' dir='ltr'>bulo</span> <span class='ocrx_word' id='word_1_396' title='bbox 438 1764 500 1795; x_wconf 88' lang='lat' dir='ltr'>duo,</span> <span class='ocrx_word' id='word_1_397' title='bbox 511 1764 537 1792; x_wconf 88' lang='lat' dir='ltr'>id</span> <span class='ocrx_word' id='word_1_398' title='bbox 545 1765 590 1794; x_wconf 82' lang='lat' dir='ltr'>est,</span> <span class='ocrx_word' id='word_1_399' title='bbox 600 1767 687 1793; x_wconf 80' lang='lat' dir='ltr'>uncias</span> <span class='ocrx_word' id='word_1_400' title='bbox 699 1777 723 1793; x_wconf 82' lang='lat' dir='ltr'>v.</span> <span class='ocrx_word' id='word_1_401' title='bbox 745 1766 909 1794; x_wconf 79' lang='lat' dir='ltr'>acetabulum</span> <span class='ocrx_word' id='word_1_402' title='bbox 918 1765 1128 1804; x_wconf 80' lang='lat' dir='ltr'>sesquicyathum</span> <span class='ocrx_word' id='word_1_403' title='bbox 1138 1770 1160 1794; x_wconf 74' lang='lat' dir='ltr'>St</span> <span class='ocrx_word' id='word_1_404' title='bbox 1171 1767 1260 1794; x_wconf 83' lang='lat' dir='ltr'>uncias</span> <span class='ocrx_word' id='word_1_405' title='bbox 1271 1767 1334 1794; x_wconf 78' lang='lat' dir='ltr'>duas</span> <span class='ocrx_word' id='word_1_406' title='bbox 1352 1776 1413 1794; x_wconf 90' lang='lat' dir='ltr'>cum</span> <span class='ocrx_word' id='word_1_407' title='bbox 1424 1766 1531 1793; x_wconf 84' lang='lat' dir='ltr'>dimidia</span> <span class='ocrx_word' id='word_1_408' title='bbox 1544 1777 1549 1793; x_wconf 91' lang='lat'>:</span> <span class='ocrx_word' id='word_1_409' title='bbox 1573 1766 1680 1804; x_wconf 79' lang='lat' dir='ltr'>cyathus</span> <span class='ocrx_word' id='word_1_410' title='bbox 1691 1765 1782 1804; x_wconf 76' lang='lat' dir='ltr'>ligulas</span> <span class='ocrx_word' id='word_1_411' title='bbox 1792 1773 1907 1802; x_wconf 77' lang='lat' dir='ltr'>quatuor</span> 
     </span>
     <span class='ocr_line' id='line_1_34' title="bbox 363 1802 1908 1846; baseline 0.002 -17"><span class='ocrx_word' id='word_1_412' title='bbox 363 1803 390 1830; x_wconf 88' lang='lat' dir='ltr'>id</span> <span class='ocrx_word' id='word_1_413' title='bbox 400 1804 434 1830; x_wconf 85' lang='lat' dir='ltr'>est</span> <span class='ocrx_word' id='word_1_414' title='bbox 446 1802 611 1836; x_wconf 81' lang='lat' dir='ltr'>sescunciam,</span> <span class='ocrx_word' id='word_1_415' title='bbox 621 1805 776 1834; x_wconf 78' lang='lat' dir='ltr'>drachmam</span> <span class='ocrx_word' id='word_1_416' title='bbox 786 1811 809 1834; x_wconf 86' lang='lat'>&amp;</span> <span class='ocrx_word' id='word_1_417' title='bbox 818 1806 980 1844; x_wconf 83' lang='lat' dir='ltr'>scrupulum,</span> <span class='ocrx_word' id='word_1_418' title='bbox 992 1815 1020 1834; x_wconf 89' lang='lat' dir='ltr'>ut</span> <span class='ocrx_word' id='word_1_419' title='bbox 1030 1808 1066 1834; x_wconf 80' lang='lat' dir='ltr'>ita</span> <span class='ocrx_word' id='word_1_420' title='bbox 1077 1806 1241 1845; x_wconf 81' lang='lat' dir='ltr'>exprimendi</span> <span class='ocrx_word' id='word_1_421' title='bbox 1249 1808 1336 1846; x_wconf 82' lang='lat' dir='ltr'>gratia</span> <span class='ocrx_word' id='word_1_422' title='bbox 1347 1806 1538 1843; x_wconf 78' lang='lat' dir='ltr'>dicam,(liceat</span> <span class='ocrx_word' id='word_1_423' title='bbox 1548 1815 1618 1834; x_wconf 85' lang='lat' dir='ltr'>enim</span> <span class='ocrx_word' id='word_1_424' title='bbox 1628 1806 1652 1833; x_wconf 90' lang='lat' dir='ltr'>id</span> <span class='ocrx_word' id='word_1_425' title='bbox 1663 1804 1813 1842; x_wconf 81' lang='lat' dir='ltr'>miht,quod</span> <span class='ocrx_word' id='word_1_426' title='bbox 1822 1805 1908 1833; x_wconf 87' lang='lat' dir='ltr'>Colu-</span> 
     </span>
     <span class='ocr_line' id='line_1_35' title="bbox 364 1843 1907 1887; baseline 0.002 -17"><span class='ocrx_word' id='word_1_427' title='bbox 364 1843 468 1873; x_wconf 70' lang='lat' dir='ltr'>mclix,</span> <span class='ocrx_word' id='word_1_428' title='bbox 490 1845 533 1881; x_wconf 85' lang='lat' dir='ltr'>qui</span> <span class='ocrx_word' id='word_1_429' title='bbox 545 1844 590 1871; x_wconf 83' lang='lat' dir='ltr'>lib.</span> <span class='ocrx_word' id='word_1_430' title='bbox 602 1855 624 1872; x_wconf 90' lang='lat' dir='ltr'>v.</span> <span class='ocrx_word' id='word_1_431' title='bbox 636 1855 691 1884; x_wconf 83' lang='lat' dir='ltr'>cap.</span> <span class='ocrx_word' id='word_1_432' title='bbox 706 1856 726 1873; x_wconf 90' lang='lat'>1.</span> <span class='ocrx_word' id='word_1_433' title='bbox 746 1847 773 1873; x_wconf 86' lang='lat' dir='ltr'>in</span> <span class='ocrx_word' id='word_1_434' title='bbox 791 1857 918 1887; x_wconf 80' lang='lat' dir='ltr'>agrorum</span> <span class='ocrx_word' id='word_1_435' title='bbox 935 1847 1060 1874; x_wconf 83' lang='lat' dir='ltr'>mensuris</span> <span class='ocrx_word' id='word_1_436' title='bbox 1071 1847 1138 1874; x_wconf 82' lang='lat' dir='ltr'>dixit</span> <span class='ocrx_word' id='word_1_437' title='bbox 1158 1848 1278 1878; x_wconf 84' lang='lat' dir='ltr'>unciam,</span> <span class='ocrx_word' id='word_1_438' title='bbox 1294 1846 1453 1875; x_wconf 78' lang='lat' dir='ltr'>semunciam</span> <span class='ocrx_word' id='word_1_439' title='bbox 1465 1866 1471 1876; x_wconf 79' lang='grc'>,</span> <span class='ocrx_word' id='word_1_440' title='bbox 1489 1846 1615 1873; x_wconf 76' lang='lat' dir='ltr'>sextulam</span> <span class='ocrx_word' id='word_1_441' title='bbox 1627 1844 1804 1876; x_wconf 59' lang='lat' dir='ltr'>&amp;sicilicum</span> <span class='ocrx_word' id='word_1_442' title='bbox 1828 1845 1907 1873; x_wconf 77' lang='lat' dir='ltr'>liceat</span> 
     </span>
     <span class='ocr_line' id='line_1_36' title="bbox 362 1883 1905 1925; baseline 0.003 -16"><span class='ocrx_word' id='word_1_443' title='bbox 362 1885 435 1922; x_wconf 85' lang='lat' dir='ltr'>quod</span> <span class='ocrx_word' id='word_1_444' title='bbox 447 1883 542 1915; x_wconf 63' lang='lat' dir='ltr'>Plinio,</span> <span class='ocrx_word' id='word_1_445' title='bbox 553 1885 597 1922; x_wconf 89' lang='lat' dir='ltr'>qui</span> <span class='ocrx_word' id='word_1_446' title='bbox 607 1885 652 1912; x_wconf 89' lang='lat' dir='ltr'>lib.</span> <span class='ocrx_word' id='word_1_447' title='bbox 665 1895 732 1914; x_wconf 82' lang='lat' dir='ltr'>xiii.</span> <span class='ocrx_word' id='word_1_448' title='bbox 742 1896 798 1925; x_wconf 83' lang='lat' dir='ltr'>cap.</span> <span class='ocrx_word' id='word_1_449' title='bbox 808 1898 850 1914; x_wconf 84' lang='lat' dir='ltr'>xv.</span> <span class='ocrx_word' id='word_1_450' title='bbox 867 1887 933 1914; x_wconf 82' lang='lat' dir='ltr'>dixit</span> <span class='ocrx_word' id='word_1_451' title='bbox 944 1886 1057 1914; x_wconf 80' lang='lat' dir='ltr'>mensam</span> <span class='ocrx_word' id='word_1_452' title='bbox 1069 1897 1184 1924; x_wconf 84' lang='lat' dir='ltr'>quatuor</span> <span class='ocrx_word' id='word_1_453' title='bbox 1194 1887 1271 1925; x_wconf 74' lang='lat' dir='ltr'>pedes</span> <span class='ocrx_word' id='word_1_454' title='bbox 1281 1908 1287 1918; x_wconf 88' lang='lat'>,</span> <span class='ocrx_word' id='word_1_455' title='bbox 1304 1886 1421 1914; x_wconf 74' lang='lat' dir='ltr'>sextante</span> <span class='ocrx_word' id='word_1_456' title='bbox 1432 1890 1456 1913; x_wconf 71' lang='lat' dir='ltr'>Sc</span> <span class='ocrx_word' id='word_1_457' title='bbox 1466 1885 1566 1913; x_wconf 83' lang='lat' dir='ltr'>licilico</span> <span class='ocrx_word' id='word_1_458' title='bbox 1574 1885 1756 1916; x_wconf 83' lang='lat' dir='ltr'>excedentem,</span> <span class='ocrx_word' id='word_1_459' title='bbox 1770 1894 1827 1913; x_wconf 77' lang='lat' dir='ltr'>tota</span> <span class='ocrx_word' id='word_1_460' title='bbox 1839 1895 1905 1913; x_wconf 89' lang='lat' dir='ltr'>vero</span> 
     </span>
     <span class='ocr_line' id='line_1_37' title="bbox 361 1920 1906 1964; baseline 0.001 -13"><span class='ocrx_word' id='word_1_461' title='bbox 361 1920 529 1952; x_wconf 79' lang='lat' dir='ltr'>crassitudine</span> <span class='ocrx_word' id='word_1_462' title='bbox 540 1923 704 1956; x_wconf 61' lang='lat' dir='ltr'>sescunciam</span> <span class='ocrx_word' id='word_1_463' title='bbox 727 1926 804 1954; x_wconf 83' lang='lat' dir='ltr'>liceat</span> <span class='ocrx_word' id='word_1_464' title='bbox 815 1926 938 1964; x_wconf 79' lang='lat' dir='ltr'>quodipii</span> <span class='ocrx_word' id='word_1_465' title='bbox 949 1927 1075 1954; x_wconf 86' lang='lat' dir='ltr'>Vitruvio</span> <span class='ocrx_word' id='word_1_466' title='bbox 1084 1948 1091 1959; x_wconf 84' lang='lat'>‚</span> <span class='ocrx_word' id='word_1_467' title='bbox 1101 1929 1147 1964; x_wconf 88' lang='lat' dir='ltr'>qui</span> <span class='ocrx_word' id='word_1_468' title='bbox 1158 1927 1203 1954; x_wconf 89' lang='lat' dir='ltr'>lib.</span> <span class='ocrx_word' id='word_1_469' title='bbox 1215 1937 1239 1953; x_wconf 84' lang='lat' dir='ltr'>x.</span> <span class='ocrx_word' id='word_1_470' title='bbox 1252 1927 1378 1954; x_wconf 85' lang='lat' dir='ltr'>licilicum</span> <span class='ocrx_word' id='word_1_471' title='bbox 1389 1924 1526 1953; x_wconf 76' lang='lat' dir='ltr'>foraminis</span> <span class='ocrx_word' id='word_1_472' title='bbox 1536 1926 1626 1960; x_wconf 82' lang='lat' dir='ltr'>dixit.)</span> <span class='ocrx_word' id='word_1_473' title='bbox 1642 1926 1810 1964; x_wconf 62' lang='lat' dir='ltr'>Ligula,quae</span> <span class='ocrx_word' id='word_1_474' title='bbox 1822 1930 1846 1953; x_wconf 65' lang='grc' dir='ltr'>ἃ·</span> <span class='ocrx_word' id='word_1_475' title='bbox 1857 1926 1906 1954; x_wconf 88' lang='lat' dir='ltr'>ali-</span> 
     </span>
     <span class='ocr_line' id='line_1_38' title="bbox 363 1964 1904 2006; baseline 0.003 -15"><span class='ocrx_word' id='word_1_476' title='bbox 363 1964 470 2002; x_wconf 80' lang='lat' dir='ltr'>quando</span> <span class='ocrx_word' id='word_1_477' title='bbox 480 1964 626 1992; x_wconf 81' lang='lat' dir='ltr'>cochlearis</span> <span class='ocrx_word' id='word_1_478' title='bbox 637 1966 745 1993; x_wconf 88' lang='lat' dir='ltr'>nomine</span> <span class='ocrx_word' id='word_1_479' title='bbox 756 1967 915 2006; x_wconf 79' lang='lat' dir='ltr'>intelligitur</span> <span class='ocrx_word' id='word_1_480' title='bbox 929 1966 1096 1997; x_wconf 79' lang='lat' dir='ltr'>‚drachmam</span> <span class='ocrx_word' id='word_1_481' title='bbox 1107 1972 1131 1995; x_wconf 64' lang='grc' dir='ltr'>ἃ</span> <span class='ocrx_word' id='word_1_482' title='bbox 1142 1967 1299 2005; x_wconf 84' lang='lat' dir='ltr'>scrupulum.</span> <span class='ocrx_word' id='word_1_483' title='bbox 1324 1969 1365 1995; x_wconf 90' lang='lat' dir='ltr'>De</span> <span class='ocrx_word' id='word_1_484' title='bbox 1377 1966 1630 2005; x_wconf 81' lang='lat' dir='ltr'>ponderibusdicarn</span> <span class='ocrx_word' id='word_1_485' title='bbox 1648 1965 1693 1993; x_wconf 88' lang='lat' dir='ltr'>lib.</span> <span class='ocrx_word' id='word_1_486' title='bbox 1707 1976 1748 1994; x_wconf 85' lang='lat' dir='ltr'>vr.</span> <span class='ocrx_word' id='word_1_487' title='bbox 1765 1977 1820 2006; x_wconf 79' lang='lat' dir='ltr'>cap.</span> <span class='ocrx_word' id='word_1_488' title='bbox 1834 1976 1904 1995; x_wconf 76' lang='lat' dir='ltr'>viii.</span> 
     </span>
     <span class='ocr_line' id='line_1_39' title="bbox 361 2004 1041 2044; baseline 0.004 -13"><span class='ocrx_word' id='word_1_489' title='bbox 361 2015 392 2032; x_wconf 84' lang='lat' dir='ltr'>ex</span> <span class='ocrx_word' id='word_1_490' title='bbox 403 2004 497 2043; x_wconf 83' lang='lat' dir='ltr'>quibus</span> <span class='ocrx_word' id='word_1_491' title='bbox 507 2006 637 2032; x_wconf 77' lang='lat' dir='ltr'>rationem</span> <span class='ocrx_word' id='word_1_492' title='bbox 647 2006 824 2034; x_wconf 76' lang='lat' dir='ltr'>transsationis</span> <span class='ocrx_word' id='word_1_493' title='bbox 835 2007 922 2034; x_wconf 79' lang='lat' dir='ltr'>venari</span> <span class='ocrx_word' id='word_1_494' title='bbox 934 2008 1041 2044; x_wconf 85' lang='lat' dir='ltr'>poteris.</span> 
     </span>
    </p>

    <p class='ocr_par' dir='ltr' id='par_1_8' title="bbox 313 2045 1904 2167">
     <span class='ocr_line' id='line_1_40' title="bbox 313 2045 1903 2085; baseline 0.003 -14"><span class='ocrx_word' id='word_1_495' title='bbox 313 2045 353 2082; x_wconf 82' lang='lat' dir='ltr'>f]</span> <span class='ocrx_word' id='word_1_496' title='bbox 383 2046 464 2072; x_wconf 84' lang='lat' dir='ltr'>ldem.</span> <span class='ocrx_word' id='word_1_497' title='bbox 489 2045 574 2083; x_wconf 86' lang='lat' dir='ltr'>Qod</span> <span class='ocrx_word' id='word_1_498' title='bbox 588 2046 713 2074; x_wconf 90' lang='lat' dir='ltr'>hocloco</span> <span class='ocrx_word' id='word_1_499' title='bbox 723 2046 891 2079; x_wconf 86' lang='lat' dir='ltr'>describitur,</span> <span class='ocrx_word' id='word_1_500' title='bbox 904 2046 1035 2075; x_wconf 83' lang='lat' dir='ltr'>diversum</span> <span class='ocrx_word' id='word_1_501' title='bbox 1046 2047 1081 2075; x_wconf 90' lang='lat' dir='ltr'>est</span> <span class='ocrx_word' id='word_1_502' title='bbox 1098 2045 1112 2075; x_wconf 68' lang='grc' dir='ltr'><strong>ὲ</strong></span> <span class='ocrx_word' id='word_1_503' title='bbox 1133 2047 1225 2075; x_wconf 79' lang='lat' dir='ltr'>nostrae</span> <span class='ocrx_word' id='word_1_504' title='bbox 1236 2047 1396 2085; x_wconf 82' lang='lat' dir='ltr'>tempestatis</span> <span class='ocrx_word' id='word_1_505' title='bbox 1405 2046 1588 2075; x_wconf 67' lang='lat' dir='ltr'>torcularibus.</span> <span class='ocrx_word' id='word_1_506' title='bbox 1609 2047 1674 2075; x_wconf 88' lang='lat' dir='ltr'>lllud</span> <span class='ocrx_word' id='word_1_507' title='bbox 1687 2047 1775 2074; x_wconf 87' lang='lat' dir='ltr'>obiter</span> <span class='ocrx_word' id='word_1_508' title='bbox 1784 2048 1903 2076; x_wconf 83' lang='lat' dir='ltr'>occurrit</span> 
     </span>
     <span class='ocr_line' id='line_1_41' title="bbox 361 2086 1904 2126; baseline 0.003 -14"><span class='ocrx_word' id='word_1_509' title='bbox 361 2086 584 2113; x_wconf 80' lang='lat' dir='ltr'>animadverlione</span> <span class='ocrx_word' id='word_1_510' title='bbox 592 2087 705 2126; x_wconf 75' lang='lat' dir='ltr'>dignum</span> <span class='ocrx_word' id='word_1_511' title='bbox 715 2108 721 2118; x_wconf 85' lang='grc'>,</span> <span class='ocrx_word' id='word_1_512' title='bbox 742 2088 876 2115; x_wconf 90' lang='lat' dir='ltr'>torculum</span> <span class='ocrx_word' id='word_1_513' title='bbox 886 2109 892 2119; x_wconf 81' lang='grc'><strong>,</strong></span> <span class='ocrx_word' id='word_1_514' title='bbox 911 2087 1022 2120; x_wconf 74' lang='lat' dir='ltr'>torcula,</span> <span class='ocrx_word' id='word_1_515' title='bbox 1038 2092 1061 2115; x_wconf 62' lang='lat' dir='ltr'>R*</span> <span class='ocrx_word' id='word_1_516' title='bbox 1074 2089 1245 2116; x_wconf 74' lang='lat' dir='ltr'>torcularium</span> <span class='ocrx_word' id='word_1_517' title='bbox 1257 2089 1362 2126; x_wconf 81' lang='lat' dir='ltr'>reperiri</span> <span class='ocrx_word' id='word_1_518' title='bbox 1371 2089 1438 2126; x_wconf 82' lang='lat' dir='ltr'>apud</span> <span class='ocrx_word' id='word_1_519' title='bbox 1452 2090 1602 2119; x_wconf 83' lang='lat' dir='ltr'>Catonem,</span> <span class='ocrx_word' id='word_1_520' title='bbox 1623 2088 1838 2117; x_wconf 67' lang='lat' dir='ltr'>Columellam&amp;</span> <span class='ocrx_word' id='word_1_521' title='bbox 1850 2089 1904 2116; x_wconf 79' lang='lat' dir='ltr'>Pli-</span> 
     </span>
     <span class='ocr_line' id='line_1_42' title="bbox 361 2125 1671 2167; baseline 0.002 -15"><span class='ocrx_word' id='word_1_522' title='bbox 361 2126 446 2153; x_wconf 89' lang='lat' dir='ltr'>nium.</span> <span class='ocrx_word' id='word_1_523' title='bbox 468 2125 563 2153; x_wconf 83' lang='lat' dir='ltr'>Scribit</span> <span class='ocrx_word' id='word_1_524' title='bbox 574 2135 662 2154; x_wconf 82' lang='lat' dir='ltr'>tamen</span> <span class='ocrx_word' id='word_1_525' title='bbox 674 2128 802 2166; x_wconf 70' lang='lat' dir='ltr'>Sosipater</span> <span class='ocrx_word' id='word_1_526' title='bbox 813 2138 866 2155; x_wconf 88' lang='lat' dir='ltr'>non</span> <span class='ocrx_word' id='word_1_527' title='bbox 878 2138 931 2155; x_wconf 88' lang='lat' dir='ltr'>uno</span> <span class='ocrx_word' id='word_1_528' title='bbox 942 2128 968 2155; x_wconf 90' lang='lat' dir='ltr'>in</span> <span class='ocrx_word' id='word_1_529' title='bbox 980 2128 1042 2155; x_wconf 83' lang='lat' dir='ltr'>loco</span> <span class='ocrx_word' id='word_1_530' title='bbox 1055 2128 1101 2155; x_wconf 83' lang='lat' dir='ltr'>lib.</span> <span class='ocrx_word' id='word_1_531' title='bbox 1112 2140 1132 2156; x_wconf 86' lang='grc' dir='ltr'>ι.</span> <span class='ocrx_word' id='word_1_532' title='bbox 1144 2129 1274 2156; x_wconf 73' lang='lat' dir='ltr'>torculare</span> <span class='ocrx_word' id='word_1_533' title='bbox 1284 2129 1380 2156; x_wconf 57' lang='lat' dir='ltr'>rcc‘tius</span> <span class='ocrx_word' id='word_1_534' title='bbox 1392 2129 1442 2156; x_wconf 89' lang='lat' dir='ltr'>dici</span> <span class='ocrx_word' id='word_1_535' title='bbox 1455 2138 1536 2167; x_wconf 74' lang='lat' dir='ltr'>quam</span> <span class='ocrx_word' id='word_1_536' title='bbox 1545 2128 1671 2156; x_wconf 76' lang='lat' dir='ltr'>torcular.</span> 
     </span>
    </p>

    <p class='ocr_par' dir='ltr' id='par_1_9' title="bbox 317 2166 1905 2648">
     <span class='ocr_line' id='line_1_43' title="bbox 317 2166 1905 2207; baseline 0.004 -15"><span class='ocrx_word' id='word_1_537' title='bbox 317 2168 349 2202; x_wconf 89' lang='lat' dir='ltr'>g]</span> <span class='ocrx_word' id='word_1_538' title='bbox 382 2166 529 2193; x_wconf 83' lang='lat' dir='ltr'>Philander.</span> <span class='ocrx_word' id='word_1_539' title='bbox 552 2167 656 2195; x_wconf 66' lang='lat' dir='ltr'>Cochlea</span> <span class='ocrx_word' id='word_1_540' title='bbox 665 2167 722 2196; x_wconf 86' lang='lat' dir='ltr'>sunt</span> <span class='ocrx_word' id='word_1_541' title='bbox 733 2179 777 2206; x_wconf 84' lang='lat' dir='ltr'>per</span> <span class='ocrx_word' id='word_1_542' title='bbox 793 2178 856 2206; x_wconf 82' lang='lat' dir='ltr'>quas</span> <span class='ocrx_word' id='word_1_543' title='bbox 866 2168 1046 2196; x_wconf 77' lang='lat' dir='ltr'>claviculatim</span> <span class='ocrx_word' id='word_1_544' title='bbox 1067 2169 1164 2196; x_wconf 79' lang='lat' dir='ltr'>striatas</span> <span class='ocrx_word' id='word_1_545' title='bbox 1174 2167 1291 2196; x_wconf 82' lang='lat' dir='ltr'>foratum</span> <span class='ocrx_word' id='word_1_546' title='bbox 1305 2169 1408 2207; x_wconf 88' lang='lat' dir='ltr'>prelum</span> <span class='ocrx_word' id='word_1_547' title='bbox 1421 2173 1444 2197; x_wconf 66' lang='grc' dir='ltr'>ἃ</span> <span class='ocrx_word' id='word_1_548' title='bbox 1456 2168 1662 2207; x_wconf 75' lang='lat' dir='ltr'>ipsumspiratim</span> <span class='ocrx_word' id='word_1_549' title='bbox 1674 2169 1807 2197; x_wconf 79' lang='lat' dir='ltr'>attollitur</span> <span class='ocrx_word' id='word_1_550' title='bbox 1826 2169 1905 2198; x_wconf 88' lang='lat' dir='ltr'>&amp;de-</span> 
     </span>
     <span class='ocr_line' id='line_1_44' title="bbox 359 2207 1901 2248; baseline 0.003 -15"><span class='ocrx_word' id='word_1_551' title='bbox 359 2207 477 2234; x_wconf 86' lang='lat' dir='ltr'>mittitur</span> <span class='ocrx_word' id='word_1_552' title='bbox 488 2208 515 2233; x_wconf 88' lang='lat' dir='ltr'>in</span> <span class='ocrx_word' id='word_1_553' title='bbox 525 2208 666 2239; x_wconf 78' lang='lat' dir='ltr'>torculari.</span> <span class='ocrx_word' id='word_1_554' title='bbox 686 2210 814 2237; x_wconf 67' lang='lat' dir='ltr'>vestiariis</span> <span class='ocrx_word' id='word_1_555' title='bbox 826 2218 944 2248; x_wconf 80' lang='lat' dir='ltr'>ergatam</span> <span class='ocrx_word' id='word_1_556' title='bbox 956 2208 1125 2236; x_wconf 71' lang='lat' dir='ltr'>versantibus.</span> <span class='ocrx_word' id='word_1_557' title='bbox 1147 2211 1213 2237; x_wconf 85' lang='lat' dir='ltr'>Sunt</span> <span class='ocrx_word' id='word_1_558' title='bbox 1231 2211 1302 2237; x_wconf 84' lang='lat' dir='ltr'>enim</span> <span class='ocrx_word' id='word_1_559' title='bbox 1313 2211 1400 2237; x_wconf 69' lang='lat' dir='ltr'>vec&#39;tes</span> <span class='ocrx_word' id='word_1_560' title='bbox 1409 2210 1512 2244; x_wconf 57' lang='lat' dir='ltr'>trajecti</span> <span class='ocrx_word' id='word_1_561' title='bbox 1522 2219 1567 2247; x_wconf 87' lang='lat' dir='ltr'>per</span> <span class='ocrx_word' id='word_1_562' title='bbox 1577 2219 1634 2237; x_wconf 80' lang='lat' dir='ltr'>eam</span> <span class='ocrx_word' id='word_1_563' title='bbox 1645 2209 1795 2237; x_wconf 70' lang='lat' dir='ltr'>machinam</span> <span class='ocrx_word' id='word_1_564' title='bbox 1806 2209 1901 2241; x_wconf 79' lang='lat' dir='ltr'>baculi,</span> 
     </span>
     <span class='ocr_line' id='line_1_45' title="bbox 357 2247 1902 2289; baseline 0.003 -16"><span class='ocrx_word' id='word_1_565' title='bbox 357 2247 428 2274; x_wconf 87' lang='lat' dir='ltr'>unde</span> <span class='ocrx_word' id='word_1_566' title='bbox 438 2247 534 2274; x_wconf 88' lang='lat' dir='ltr'>vocati.</span> <span class='ocrx_word' id='word_1_567' title='bbox 559 2248 642 2286; x_wconf 84' lang='lat' dir='ltr'>Qod</span> <span class='ocrx_word' id='word_1_568' title='bbox 661 2248 692 2275; x_wconf 82' lang='lat' dir='ltr'>ad</span> <span class='ocrx_word' id='word_1_569' title='bbox 702 2249 840 2277; x_wconf 75' lang='lat' dir='ltr'>cochleam</span> <span class='ocrx_word' id='word_1_570' title='bbox 860 2249 974 2282; x_wconf 85' lang='lat' dir='ltr'>attinet,</span> <span class='ocrx_word' id='word_1_571' title='bbox 996 2249 1129 2277; x_wconf 82' lang='lat' dir='ltr'>sciendum</span> <span class='ocrx_word' id='word_1_572' title='bbox 1140 2251 1175 2277; x_wconf 87' lang='lat' dir='ltr'>est</span> <span class='ocrx_word' id='word_1_573' title='bbox 1184 2270 1190 2279; x_wconf 88' lang='lat'>,</span> <span class='ocrx_word' id='word_1_574' title='bbox 1204 2253 1228 2277; x_wconf 66' lang='grc' dir='ltr'>δε</span> <span class='ocrx_word' id='word_1_575' title='bbox 1240 2250 1265 2276; x_wconf 83' lang='lat' dir='ltr'>iii</span> <span class='ocrx_word' id='word_1_576' title='bbox 1277 2249 1405 2277; x_wconf 82' lang='lat' dir='ltr'>machinis</span> <span class='ocrx_word' id='word_1_577' title='bbox 1414 2259 1502 2277; x_wconf 80' lang='lat' dir='ltr'>earum</span> <span class='ocrx_word' id='word_1_578' title='bbox 1511 2247 1562 2277; x_wconf 79' lang='lat' dir='ltr'>effe</span> <span class='ocrx_word' id='word_1_579' title='bbox 1571 2250 1662 2280; x_wconf 73' lang='lat' dir='ltr'>ufum;</span> <span class='ocrx_word' id='word_1_580' title='bbox 1682 2260 1793 2288; x_wconf 75' lang='lat' dir='ltr'>quarum</span> <span class='ocrx_word' id='word_1_581' title='bbox 1803 2251 1902 2289; x_wconf 80' lang='lat' dir='ltr'>aliquas</span> 
     </span>
     <span class='ocr_line' id='line_1_46' title="bbox 360 2287 1902 2329; baseline 0.002 -15"><span class='ocrx_word' id='word_1_582' title='bbox 360 2287 497 2324; x_wconf 73' lang='lat' dir='ltr'>quadratas</span> <span class='ocrx_word' id='word_1_583' title='bbox 506 2308 511 2316; x_wconf 86' lang='lat'>,</span> <span class='ocrx_word' id='word_1_584' title='bbox 520 2287 580 2314; x_wconf 81' lang='lat' dir='ltr'>alias</span> <span class='ocrx_word' id='word_1_585' title='bbox 591 2289 757 2317; x_wconf 79' lang='lat' dir='ltr'>lenticulares</span> <span class='ocrx_word' id='word_1_586' title='bbox 769 2290 904 2318; x_wconf 80' lang='lat' dir='ltr'>Oribalius</span> <span class='ocrx_word' id='word_1_587' title='bbox 913 2289 958 2316; x_wconf 83' lang='lat' dir='ltr'>lib.</span> <span class='ocrx_word' id='word_1_588' title='bbox 967 2288 1156 2327; x_wconf 54' lang='grc' dir='ltr'>,ιιημνηωέτω</span> <span class='ocrx_word' id='word_1_589' title='bbox 1166 2290 1254 2320; x_wconf 79' lang='lat' dir='ltr'>tradit,</span> <span class='ocrx_word' id='word_1_590' title='bbox 1265 2299 1343 2329; x_wconf 83' lang='lat' dir='ltr'>atque</span> <span class='ocrx_word' id='word_1_591' title='bbox 1353 2290 1417 2318; x_wconf 78' lang='lat' dir='ltr'>istud</span> <span class='ocrx_word' id='word_1_592' title='bbox 1427 2291 1536 2329; x_wconf 83' lang='lat' dir='ltr'>quidem</span> <span class='ocrx_word' id='word_1_593' title='bbox 1544 2289 1646 2317; x_wconf 86' lang='lat' dir='ltr'>sortitas</span> <span class='ocrx_word' id='word_1_594' title='bbox 1656 2291 1773 2318; x_wconf 81' lang='lat' dir='ltr'>nominis</span> <span class='ocrx_word' id='word_1_595' title='bbox 1782 2300 1814 2317; x_wconf 88' lang='lat' dir='ltr'>ex</span> <span class='ocrx_word' id='word_1_596' title='bbox 1821 2289 1902 2329; x_wconf 83' lang='lat' dir='ltr'>spira-</span> 
     </span>
     <span class='ocr_line' id='line_1_47' title="bbox 359 2327 1902 2369; baseline 0.003 -16"><span class='ocrx_word' id='word_1_597' title='bbox 359 2336 418 2354; x_wconf 87' lang='lat' dir='ltr'>rum</span> <span class='ocrx_word' id='word_1_598' title='bbox 430 2327 561 2354; x_wconf 80' lang='lat' dir='ltr'>tortilium</span> <span class='ocrx_word' id='word_1_599' title='bbox 573 2327 700 2365; x_wconf 80' lang='lat' dir='ltr'>scalptura</span> <span class='ocrx_word' id='word_1_600' title='bbox 710 2351 717 2361; x_wconf 84' lang='lat'><em>.</em></span> <span class='ocrx_word' id='word_1_601' title='bbox 736 2340 797 2358; x_wconf 86' lang='lat' dir='ltr'>cum</span> <span class='ocrx_word' id='word_1_602' title='bbox 810 2330 926 2358; x_wconf 86' lang='lat' dir='ltr'>cochlea:</span> <span class='ocrx_word' id='word_1_603' title='bbox 937 2340 1024 2358; x_wconf 84' lang='lat' dir='ltr'>omnis</span> <span class='ocrx_word' id='word_1_604' title='bbox 1035 2331 1066 2358; x_wconf 83' lang='lat' dir='ltr'>ad</span> <span class='ocrx_word' id='word_1_605' title='bbox 1077 2340 1185 2358; x_wconf 82' lang='lat' dir='ltr'>tori-um</span> <span class='ocrx_word' id='word_1_606' title='bbox 1196 2331 1351 2358; x_wconf 69' lang='lat' dir='ltr'>rotundatas</span> <span class='ocrx_word' id='word_1_607' title='bbox 1363 2330 1392 2357; x_wconf 78' lang='lat' dir='ltr'>iit</span> <span class='ocrx_word' id='word_1_608' title='bbox 1403 2329 1501 2369; x_wconf 80' lang='lat' dir='ltr'>scapus.</span> <span class='ocrx_word' id='word_1_609' title='bbox 1525 2331 1702 2369; x_wconf 64' lang='lat' dir='ltr'>thtmlmas</span> <span class='ocrx_word' id='word_1_610' title='bbox 1713 2330 1820 2368; x_wconf 81' lang='lat' dir='ltr'>quidem</span> <span class='ocrx_word' id='word_1_611' title='bbox 1829 2331 1902 2358; x_wconf 82' lang='lat' dir='ltr'>dice-</span> 
     </span>
     <span class='ocr_line' id='line_1_48' title="bbox 357 2366 1900 2410; baseline 0.003 -16"><span class='ocrx_word' id='word_1_612' title='bbox 357 2366 420 2394; x_wconf 79' lang='lat' dir='ltr'>bant</span> <span class='ocrx_word' id='word_1_613' title='bbox 434 2388 440 2399; x_wconf 83' lang='lat'>,</span> <span class='ocrx_word' id='word_1_614' title='bbox 455 2368 480 2394; x_wconf 85' lang='lat' dir='ltr'>in</span> <span class='ocrx_word' id='word_1_615' title='bbox 490 2367 583 2405; x_wconf 82' lang='lat' dir='ltr'>quibus</span> <span class='ocrx_word' id='word_1_616' title='bbox 595 2369 659 2395; x_wconf 74' lang='lat' dir='ltr'>stria·</span> <span class='ocrx_word' id='word_1_617' title='bbox 671 2373 693 2397; x_wconf 58' lang='grc' dir='ltr'>ἃ</span> <span class='ocrx_word' id='word_1_618' title='bbox 704 2371 794 2410; x_wconf 80' lang='lat' dir='ltr'>striges</span> <span class='ocrx_word' id='word_1_619' title='bbox 805 2391 811 2402; x_wconf 86' lang='lat'>,</span> <span class='ocrx_word' id='word_1_620' title='bbox 831 2371 855 2398; x_wconf 86' lang='lat' dir='ltr'>id</span> <span class='ocrx_word' id='word_1_621' title='bbox 867 2371 902 2398; x_wconf 83' lang='lat' dir='ltr'>est</span> <span class='ocrx_word' id='word_1_622' title='bbox 910 2371 1111 2409; x_wconf 84' lang='lat' dir='ltr'>protuberantes</span> <span class='ocrx_word' id='word_1_623' title='bbox 1122 2380 1208 2409; x_wconf 83' lang='lat' dir='ltr'>partes</span> <span class='ocrx_word' id='word_1_624' title='bbox 1219 2374 1242 2399; x_wconf 71' lang='lat'>3.-</span> <span class='ocrx_word' id='word_1_625' title='bbox 1254 2381 1347 2398; x_wconf 81' lang='lat' dir='ltr'>cavum</span> <span class='ocrx_word' id='word_1_626' title='bbox 1360 2371 1482 2409; x_wconf 83' lang='lat' dir='ltr'>quadrata</span> <span class='ocrx_word' id='word_1_627' title='bbox 1497 2370 1572 2398; x_wconf 88' lang='lat' dir='ltr'>sunt:</span> <span class='ocrx_word' id='word_1_628' title='bbox 1592 2371 1757 2399; x_wconf 79' lang='lat' dir='ltr'>lenticulares</span> <span class='ocrx_word' id='word_1_629' title='bbox 1774 2381 1838 2408; x_wconf 82' lang='lat' dir='ltr'>vero</span> <span class='ocrx_word' id='word_1_630' title='bbox 1849 2391 1856 2403; x_wconf 91' lang='lat'>,</span> <span class='ocrx_word' id='word_1_631' title='bbox 1873 2373 1900 2399; x_wconf 88' lang='lat' dir='ltr'>in</span> 
     </span>
     <span class='ocr_line' id='line_1_49' title="bbox 356 2408 1901 2451; baseline 0.003 -16"><span class='ocrx_word' id='word_1_632' title='bbox 356 2408 451 2446; x_wconf 74' lang='lat' dir='ltr'>quibus</span> <span class='ocrx_word' id='word_1_633' title='bbox 462 2417 558 2435; x_wconf 79' lang='lat' dir='ltr'>cavum</span> <span class='ocrx_word' id='word_1_634' title='bbox 567 2411 590 2435; x_wconf 55' lang='grc' dir='ltr'>ἃ</span> <span class='ocrx_word' id='word_1_635' title='bbox 603 2409 681 2437; x_wconf 89' lang='lat' dir='ltr'>veluti</span> <span class='ocrx_word' id='word_1_636' title='bbox 691 2409 784 2442; x_wconf 82' lang='lat' dir='ltr'>sulcus,</span> <span class='ocrx_word' id='word_1_637' title='bbox 795 2412 879 2438; x_wconf 86' lang='lat' dir='ltr'>imum</span> <span class='ocrx_word' id='word_1_638' title='bbox 888 2410 971 2439; x_wconf 80' lang='lat' dir='ltr'>versus</span> <span class='ocrx_word' id='word_1_639' title='bbox 980 2412 1120 2451; x_wconf 80' lang='lat' dir='ltr'>angustum</span> <span class='ocrx_word' id='word_1_640' title='bbox 1128 2412 1172 2444; x_wconf 82' lang='lat' dir='ltr'>est,</span> <span class='ocrx_word' id='word_1_641' title='bbox 1184 2411 1287 2439; x_wconf 85' lang='lat' dir='ltr'>summo</span> <span class='ocrx_word' id='word_1_642' title='bbox 1296 2412 1359 2443; x_wconf 79' lang='lat' dir='ltr'>lato,</span> <span class='ocrx_word' id='word_1_643' title='bbox 1371 2421 1437 2451; x_wconf 77' lang='lat' dir='ltr'>ruga</span> <span class='ocrx_word' id='word_1_644' title='bbox 1446 2421 1535 2439; x_wconf 79' lang='lat' dir='ltr'>autern</span> <span class='ocrx_word' id='word_1_645' title='bbox 1545 2415 1570 2440; x_wconf 82' lang='lat'>&amp;</span> <span class='ocrx_word' id='word_1_646' title='bbox 1580 2412 1648 2449; x_wconf 74' lang='lat' dir='ltr'>quali</span> <span class='ocrx_word' id='word_1_647' title='bbox 1660 2411 1779 2450; x_wconf 81' lang='lat' dir='ltr'>porea,id</span> <span class='ocrx_word' id='word_1_648' title='bbox 1788 2412 1834 2443; x_wconf 80' lang='lat' dir='ltr'>est,</span> <span class='ocrx_word' id='word_1_649' title='bbox 1842 2421 1901 2450; x_wconf 81' lang='lat' dir='ltr'>pars</span> 
     </span>
     <span class='ocr_line' id='line_1_50' title="bbox 355 2448 1899 2491; baseline 0.003 -17"><span class='ocrx_word' id='word_1_650' title='bbox 355 2448 470 2476; x_wconf 80' lang='lat' dir='ltr'>eminula</span> <span class='ocrx_word' id='word_1_651' title='bbox 482 2469 489 2479; x_wconf 72' lang='lat'>,</span> <span class='ocrx_word' id='word_1_652' title='bbox 505 2457 566 2476; x_wconf 89' lang='lat' dir='ltr'>cum</span> <span class='ocrx_word' id='word_1_653' title='bbox 577 2448 606 2475; x_wconf 83' lang='lat' dir='ltr'>lit</span> <span class='ocrx_word' id='word_1_654' title='bbox 617 2450 643 2476; x_wconf 81' lang='lat' dir='ltr'>in</span> <span class='ocrx_word' id='word_1_655' title='bbox 656 2450 708 2477; x_wconf 85' lang='lat' dir='ltr'>ima</span> <span class='ocrx_word' id='word_1_656' title='bbox 725 2460 795 2488; x_wconf 76' lang='lat' dir='ltr'>parte</span> <span class='ocrx_word' id='word_1_657' title='bbox 807 2451 857 2478; x_wconf 75' lang='lat' dir='ltr'>lata</span> <span class='ocrx_word' id='word_1_658' title='bbox 869 2473 875 2481; x_wconf 88' lang='lat'>‚</span> <span class='ocrx_word' id='word_1_659' title='bbox 894 2453 920 2478; x_wconf 90' lang='lat' dir='ltr'>in</span> <span class='ocrx_word' id='word_1_660' title='bbox 930 2452 1057 2479; x_wconf 85' lang='lat' dir='ltr'>verticem</span> <span class='ocrx_word' id='word_1_661' title='bbox 1074 2451 1220 2491; x_wconf 80' lang='lat' dir='ltr'>gracilescit</span> <span class='ocrx_word' id='word_1_662' title='bbox 1231 2456 1431 2480; x_wconf 82' lang='lat' dir='ltr'>&amp;extenuatur.</span> <span class='ocrx_word' id='word_1_663' title='bbox 1454 2451 1730 2490; x_wconf 75' lang='lat' dir='ltr'>Oribafiusfirnplices</span> <span class='ocrx_word' id='word_1_664' title='bbox 1750 2462 1792 2479; x_wconf 82' lang='lat' dir='ltr'>eas</span> <span class='ocrx_word' id='word_1_665' title='bbox 1810 2461 1899 2484; x_wconf 84' lang='lat' dir='ltr'>vocat,</span> 
     </span>
     <span class='ocr_line' id='line_1_51' title="bbox 357 2488 1899 2530; baseline 0.003 -14"><span class='ocrx_word' id='word_1_666' title='bbox 357 2499 415 2527; x_wconf 75' lang='lat' dir='ltr'>quae</span> <span class='ocrx_word' id='word_1_667' title='bbox 426 2499 480 2516; x_wconf 90' lang='lat' dir='ltr'>uno</span> <span class='ocrx_word' id='word_1_668' title='bbox 490 2488 617 2516; x_wconf 80' lang='lat' dir='ltr'>duntaxat</span> <span class='ocrx_word' id='word_1_669' title='bbox 628 2492 751 2527; x_wconf 85' lang='lat' dir='ltr'>capreolo</span> <span class='ocrx_word' id='word_1_670' title='bbox 762 2513 768 2524; x_wconf 90' lang='lat'>‚</span> <span class='ocrx_word' id='word_1_671' title='bbox 782 2492 806 2518; x_wconf 92' lang='lat' dir='ltr'>id</span> <span class='ocrx_word' id='word_1_672' title='bbox 817 2493 852 2519; x_wconf 83' lang='lat' dir='ltr'>est</span> <span class='ocrx_word' id='word_1_673' title='bbox 862 2513 868 2521; x_wconf 92' lang='lat'>.</span> <span class='ocrx_word' id='word_1_674' title='bbox 879 2491 1001 2519; x_wconf 86' lang='lat' dir='ltr'>tortuoso</span> <span class='ocrx_word' id='word_1_675' title='bbox 1011 2493 1159 2520; x_wconf 77' lang='lat' dir='ltr'>canaliculo</span> <span class='ocrx_word' id='word_1_676' title='bbox 1169 2502 1300 2520; x_wconf 77' lang='lat' dir='ltr'>excavata:</span> <span class='ocrx_word' id='word_1_677' title='bbox 1310 2491 1387 2520; x_wconf 77' lang='lat' dir='ltr'>sum:</span> <span class='ocrx_word' id='word_1_678' title='bbox 1406 2493 1524 2530; x_wconf 80' lang='lat' dir='ltr'>duplices</span> <span class='ocrx_word' id='word_1_679' title='bbox 1535 2502 1597 2520; x_wconf 78' lang='lat' dir='ltr'>veto</span> <span class='ocrx_word' id='word_1_680' title='bbox 1608 2513 1615 2523; x_wconf 89' lang='lat'>,</span> <span class='ocrx_word' id='word_1_681' title='bbox 1637 2502 1694 2529; x_wconf 84' lang='lat' dir='ltr'>quae</span> <span class='ocrx_word' id='word_1_682' title='bbox 1706 2492 1782 2520; x_wconf 73' lang='lat' dir='ltr'>binos</span> <span class='ocrx_word' id='word_1_683' title='bbox 1800 2492 1899 2520; x_wconf 79' lang='lat' dir='ltr'>habent</span> 
     </span>
     <span class='ocr_line' id='line_1_52' title="bbox 354 2528 1895 2571; baseline 0.003 -15"><span class='ocrx_word' id='word_1_684' title='bbox 354 2528 453 2557; x_wconf 83' lang='lat' dir='ltr'>excisos</span> <span class='ocrx_word' id='word_1_685' title='bbox 464 2529 631 2557; x_wconf 74' lang='lat' dir='ltr'>canaliculos.</span> <span class='ocrx_word' id='word_1_686' title='bbox 656 2531 752 2559; x_wconf 75' lang='lat' dir='ltr'>Eadem</span> <span class='ocrx_word' id='word_1_687' title='bbox 764 2533 865 2559; x_wconf 81' lang='lat' dir='ltr'>ratione</span> <span class='ocrx_word' id='word_1_688' title='bbox 874 2532 969 2559; x_wconf 75' lang='lat' dir='ltr'>dixeris</span> <span class='ocrx_word' id='word_1_689' title='bbox 982 2533 1097 2570; x_wconf 75' lang='lat' dir='ltr'>triplices</span> <span class='ocrx_word' id='word_1_690' title='bbox 1107 2554 1113 2564; x_wconf 86' lang='lat'>,</span> <span class='ocrx_word' id='word_1_691' title='bbox 1132 2533 1314 2571; x_wconf 75' lang='lat' dir='ltr'>quadruplices</span> <span class='ocrx_word' id='word_1_692' title='bbox 1334 2536 1359 2560; x_wconf 83' lang='lat'>&amp;</span> <span class='ocrx_word' id='word_1_693' title='bbox 1378 2533 1490 2570; x_wconf 80' lang='lat' dir='ltr'>reliquas</span> <span class='ocrx_word' id='word_1_694' title='bbox 1499 2543 1548 2570; x_wconf 87' lang='lat' dir='ltr'>pro</span> <span class='ocrx_word' id='word_1_695' title='bbox 1556 2532 1763 2560; x_wconf 74' lang='lat' dir='ltr'>canaliculorurn</span> <span class='ocrx_word' id='word_1_696' title='bbox 1774 2542 1895 2560; x_wconf 83' lang='lat' dir='ltr'>numero.</span> 
     </span>
     <span class='ocr_line' id='line_1_53' title="bbox 356 2567 1899 2612; baseline 0.003 -16"><span class='ocrx_word' id='word_1_697' title='bbox 356 2569 472 2597; x_wconf 76' lang='lat' dir='ltr'>Cochlea</span> <span class='ocrx_word' id='word_1_698' title='bbox 482 2567 603 2601; x_wconf 70' lang='lat' dir='ltr'>foemina.</span> <span class='ocrx_word' id='word_1_699' title='bbox 616 2570 641 2598; x_wconf 81' lang='lat' dir='ltr'>id</span> <span class='ocrx_word' id='word_1_700' title='bbox 649 2572 720 2599; x_wconf 88' lang='lat' dir='ltr'>estin</span> <span class='ocrx_word' id='word_1_701' title='bbox 732 2582 782 2610; x_wconf 88' lang='lat' dir='ltr'>qua</span> <span class='ocrx_word' id='word_1_702' title='bbox 793 2574 904 2599; x_wconf 83' lang='lat' dir='ltr'>vertitur</span> <span class='ocrx_word' id='word_1_703' title='bbox 912 2572 1009 2599; x_wconf 84' lang='lat' dir='ltr'>tortilis</span> <span class='ocrx_word' id='word_1_704' title='bbox 1019 2572 1118 2611; x_wconf 83' lang='lat' dir='ltr'>scapus,</span> <span class='ocrx_word' id='word_1_705' title='bbox 1130 2584 1208 2612; x_wconf 77' lang='lat' dir='ltr'>quam</span> <span class='ocrx_word' id='word_1_706' title='bbox 1221 2574 1309 2601; x_wconf 80' lang='lat' dir='ltr'>Graeci</span> <span class='ocrx_word' id='word_1_707' title='bbox 1319 2571 1478 2608; x_wconf 57' lang='grc' dir='ltr'>ω’ὲικςχλιον</span> <span class='ocrx_word' id='word_1_708' title='bbox 1489 2582 1587 2601; x_wconf 80' lang='lat' dir='ltr'>vocant</span> <span class='ocrx_word' id='word_1_709' title='bbox 1596 2592 1602 2602; x_wconf 88' lang='lat'><strong><em>.</em></strong></span> <span class='ocrx_word' id='word_1_710' title='bbox 1627 2574 1724 2601; x_wconf 82' lang='lat' dir='ltr'>Latino</span> <span class='ocrx_word' id='word_1_711' title='bbox 1734 2575 1843 2602; x_wconf 82' lang='lat' dir='ltr'>nomine</span> <span class='ocrx_word' id='word_1_712' title='bbox 1853 2583 1899 2601; x_wconf 49' lang='lat' dir='ltr'>ca,-</span> 
     </span>
     <span class='ocr_line' id='line_1_54' title="bbox 352 2611 944 2648; baseline 0.005 -12"><span class='ocrx_word' id='word_1_713' title='bbox 352 2618 401 2636; x_wconf 90' lang='lat' dir='ltr'>ret.</span> <span class='ocrx_word' id='word_1_714' title='bbox 424 2611 514 2648; x_wconf 83' lang='lat' dir='ltr'>Itaque</span> <span class='ocrx_word' id='word_1_715' title='bbox 526 2613 649 2638; x_wconf 70' lang='lat' dir='ltr'>Graecum</span> <span class='ocrx_word' id='word_1_716' title='bbox 660 2611 703 2639; x_wconf 92' lang='lat' dir='ltr'>usu</span> <span class='ocrx_word' id='word_1_717' title='bbox 718 2614 752 2640; x_wconf 86' lang='lat' dir='ltr'>est</span> <span class='ocrx_word' id='word_1_718' title='bbox 763 2613 944 2640; x_wconf 80' lang='lat' dir='ltr'>molliendum.</span> 
     </span>
    </p>

    <p class='ocr_par' dir='ltr' id='par_1_10' title="bbox 311 2649 1898 2771">
     <span class='ocr_line' id='line_1_55' title="bbox 311 2649 1896 2692; baseline 0.004 -18"><span class='ocrx_word' id='word_1_719' title='bbox 311 2649 341 2682; x_wconf 77' lang='lat' dir='ltr'>h]</span> <span class='ocrx_word' id='word_1_720' title='bbox 371 2649 452 2677; x_wconf 83' lang='lat' dir='ltr'>Idem.</span> <span class='ocrx_word' id='word_1_721' title='bbox 476 2650 572 2679; x_wconf 83' lang='lat' dir='ltr'>Scribit</span> <span class='ocrx_word' id='word_1_722' title='bbox 583 2652 686 2680; x_wconf 81' lang='lat' dir='ltr'>Servius</span> <span class='ocrx_word' id='word_1_723' title='bbox 697 2652 742 2680; x_wconf 87' lang='lat' dir='ltr'>lib.</span> <span class='ocrx_word' id='word_1_724' title='bbox 755 2656 899 2688; x_wconf 62' lang='lat' dir='ltr'>Gc01·‹„⁷,.1i.</span> <span class='ocrx_word' id='word_1_725' title='bbox 913 2653 982 2690; x_wconf 71' lang='lat' dir='ltr'>prela</span> <span class='ocrx_word' id='word_1_726' title='bbox 990 2651 1040 2681; x_wconf 76' lang='lat' dir='ltr'>effi·</span> <span class='ocrx_word' id='word_1_727' title='bbox 1060 2653 1160 2684; x_wconf 78' lang='lat' dir='ltr'>trabes,</span> <span class='ocrx_word' id='word_1_728' title='bbox 1177 2654 1271 2692; x_wconf 83' lang='lat' dir='ltr'>quibus</span> <span class='ocrx_word' id='word_1_729' title='bbox 1290 2664 1339 2681; x_wconf 85' lang='lat' dir='ltr'>uva</span> <span class='ocrx_word' id='word_1_730' title='bbox 1358 2653 1412 2687; x_wconf 76' lang='lat' dir='ltr'>jam</span> <span class='ocrx_word' id='word_1_731' title='bbox 1428 2653 1527 2681; x_wconf 82' lang='lat' dir='ltr'>calcata</span> <span class='ocrx_word' id='word_1_732' title='bbox 1540 2654 1676 2691; x_wconf 84' lang='lat' dir='ltr'>premitur.</span> <span class='ocrx_word' id='word_1_733' title='bbox 1700 2655 1788 2681; x_wconf 82' lang='lat' dir='ltr'>Locus</span> <span class='ocrx_word' id='word_1_734' title='bbox 1799 2653 1841 2681; x_wconf 85' lang='lat' dir='ltr'>hic</span> <span class='ocrx_word' id='word_1_735' title='bbox 1852 2654 1896 2681; x_wconf 81' lang='lat' dir='ltr'>in—</span> 
     </span>
     <span class='ocr_line' id='line_1_56' title="bbox 352 2687 1898 2733; baseline 0.005 -18"><span class='ocrx_word' id='word_1_736' title='bbox 352 2689 465 2717; x_wconf 76' lang='lat' dir='ltr'>dicioesl</span> <span class='ocrx_word' id='word_1_737' title='bbox 476 2691 502 2717; x_wconf 88' lang='lat' dir='ltr'>in</span> <span class='ocrx_word' id='word_1_738' title='bbox 514 2691 614 2718; x_wconf 80' lang='lat' dir='ltr'>oleario</span> <span class='ocrx_word' id='word_1_739' title='bbox 632 2693 713 2720; x_wconf 82' lang='lat' dir='ltr'>eriam</span> <span class='ocrx_word' id='word_1_740' title='bbox 725 2687 849 2721; x_wconf 77' lang='lat' dir='ltr'>torculari</span> <span class='ocrx_word' id='word_1_741' title='bbox 869 2693 941 2731; x_wconf 79' lang='lat' dir='ltr'>prelo</span> <span class='ocrx_word' id='word_1_742' title='bbox 950 2694 1023 2721; x_wconf 75' lang='lat' dir='ltr'>suun}</span> <span class='ocrx_word' id='word_1_743' title='bbox 1034 2691 1085 2722; x_wconf 76' lang='lat' dir='ltr'>esse</span> <span class='ocrx_word' id='word_1_744' title='bbox 1095 2696 1192 2722; x_wconf 85' lang='lat' dir='ltr'>locuni.</span> <span class='ocrx_word' id='word_1_745' title='bbox 1214 2697 1278 2722; x_wconf 85' lang='lat' dir='ltr'>Non</span> <span class='ocrx_word' id='word_1_746' title='bbox 1289 2694 1359 2722; x_wconf 82' lang='lat' dir='ltr'>enim</span> <span class='ocrx_word' id='word_1_747' title='bbox 1369 2695 1452 2733; x_wconf 76' lang='lat' dir='ltr'>magis</span> <span class='ocrx_word' id='word_1_748' title='bbox 1472 2694 1504 2721; x_wconf 91' lang='lat' dir='ltr'>de</span> <span class='ocrx_word' id='word_1_749' title='bbox 1514 2696 1616 2721; x_wconf 78' lang='lat' dir='ltr'>vinario</span> <span class='ocrx_word' id='word_1_750' title='bbox 1627 2703 1707 2733; x_wconf 79' lang='lat' dir='ltr'>quam</span> <span class='ocrx_word' id='word_1_751' title='bbox 1723 2694 1821 2721; x_wconf 81' lang='lat' dir='ltr'>oleario</span> <span class='ocrx_word' id='word_1_752' title='bbox 1831 2704 1898 2732; x_wconf 80' lang='lat' dir='ltr'>prae-</span> 
     </span>
     <span class='ocr_line' id='line_1_57' title="bbox 353 2728 1128 2771; baseline 0.008 -16"><span class='ocrx_word' id='word_1_753' title='bbox 353 2728 451 2756; x_wconf 83' lang='lat' dir='ltr'>scribit.</span> <span class='ocrx_word' id='word_1_754' title='bbox 473 2729 638 2770; x_wconf 73' lang='lat' dir='ltr'>suffragatur</span> <span class='ocrx_word' id='word_1_755' title='bbox 649 2733 784 2762; x_wconf 49' lang='lat' dir='ltr'>Colurncl.</span> <span class='ocrx_word' id='word_1_756' title='bbox 795 2734 840 2762; x_wconf 74' lang='lat' dir='ltr'>lib.</span> <span class='ocrx_word' id='word_1_757' title='bbox 852 2738 1046 2771; x_wconf 69' lang='lat' dir='ltr'>x11.cap.1..&amp;</span> <span class='ocrx_word' id='word_1_758' title='bbox 1061 2745 1128 2763; x_wconf 70' lang='lat' dir='ltr'>tin.</span> 
     </span>
    </p>

    <p class='ocr_par' dir='ltr' id='par_1_11' title="bbox 312 2769 1897 2895">
     <span class='ocr_line' id='line_1_58' title="bbox 312 2769 1897 2814; baseline 0.006 -19"><span class='ocrx_word' id='word_1_759' title='bbox 312 2770 334 2803; x_wconf 81' lang='lat' dir='ltr'>i]</span> <span class='ocrx_word' id='word_1_760' title='bbox 363 2769 444 2796; x_wconf 85' lang='lat' dir='ltr'>ldem.</span> <span class='ocrx_word' id='word_1_761' title='bbox 468 2771 560 2798; x_wconf 84' lang='lat' dir='ltr'>Tradit</span> <span class='ocrx_word' id='word_1_762' title='bbox 574 2774 656 2800; x_wconf 82' lang='lat' dir='ltr'>Varro</span> <span class='ocrx_word' id='word_1_763' title='bbox 675 2774 720 2801; x_wconf 90' lang='lat' dir='ltr'>lib.</span> <span class='ocrx_word' id='word_1_764' title='bbox 731 2785 750 2802; x_wconf 87' lang='lat'>1.</span> <span class='ocrx_word' id='word_1_765' title='bbox 762 2785 818 2813; x_wconf 81' lang='lat' dir='ltr'>cap.</span> <span class='ocrx_word' id='word_1_766' title='bbox 830 2784 899 2802; x_wconf 61' lang='grc' dir='ltr'><em>ινιτ.</em></span> <span class='ocrx_word' id='word_1_767' title='bbox 918 2775 1038 2802; x_wconf 77' lang='lat' dir='ltr'>triricum</span> <span class='ocrx_word' id='word_1_768' title='bbox 1049 2777 1128 2803; x_wconf 82' lang='lat' dir='ltr'>condi</span> <span class='ocrx_word' id='word_1_769' title='bbox 1139 2784 1262 2813; x_wconf 61' lang='lat' dir='ltr'>oportere</span> <span class='ocrx_word' id='word_1_770' title='bbox 1274 2775 1298 2802; x_wconf 85' lang='lat' dir='ltr'>iu</span> <span class='ocrx_word' id='word_1_771' title='bbox 1309 2775 1426 2814; x_wconf 73' lang='lat' dir='ltr'>granaria</span> <span class='ocrx_word' id='word_1_772' title='bbox 1436 2773 1572 2805; x_wconf 71' lang='lat' dir='ltr'>sublimia.</span> <span class='ocrx_word' id='word_1_773' title='bbox 1590 2784 1648 2812; x_wconf 56' lang='grc' dir='ltr'>(χιι-ἐ</span> <span class='ocrx_word' id='word_1_774' title='bbox 1657 2775 1802 2812; x_wconf 74' lang='lat' dir='ltr'>perflentur</span> <span class='ocrx_word' id='word_1_775' title='bbox 1814 2785 1897 2804; x_wconf 87' lang='lat' dir='ltr'>vento</span> 
     </span>
     <span class='ocr_line' id='line_1_59' title="bbox 346 2809 1892 2855; baseline 0.006 -20"><span class='ocrx_word' id='word_1_776' title='bbox 346 2809 379 2835; x_wconf 85' lang='lat' dir='ltr'>ab</span> <span class='ocrx_word' id='word_1_777' title='bbox 387 2818 480 2836; x_wconf 83' lang='lat' dir='ltr'>exortu</span> <span class='ocrx_word' id='word_1_778' title='bbox 490 2820 517 2837; x_wconf 80' lang='lat' dir='ltr'>ac</span> <span class='ocrx_word' id='word_1_779' title='bbox 528 2813 745 2849; x_wconf 79' lang='lat' dir='ltr'>Septentrionum</span> <span class='ocrx_word' id='word_1_780' title='bbox 756 2816 864 2855; x_wconf 74' lang='lat' dir='ltr'>regione</span> <span class='ocrx_word' id='word_1_781' title='bbox 877 2837 883 2846; x_wconf 80' lang='lat'>,</span> <span class='ocrx_word' id='word_1_782' title='bbox 894 2815 925 2843; x_wconf 73' lang='lat' dir='ltr'>ad</span> <span class='ocrx_word' id='word_1_783' title='bbox 936 2826 993 2851; x_wconf 73' lang='lat' dir='ltr'>qua:</span> <span class='ocrx_word' id='word_1_784' title='bbox 1006 2817 1074 2844; x_wconf 86' lang='lat' dir='ltr'>nulla</span> <span class='ocrx_word' id='word_1_785' title='bbox 1084 2826 1145 2844; x_wconf 77' lang='lat' dir='ltr'>aura</span> <span class='ocrx_word' id='word_1_786' title='bbox 1155 2817 1261 2844; x_wconf 79' lang='lat' dir='ltr'>humida</span> <span class='ocrx_word' id='word_1_787' title='bbox 1270 2816 1284 2843; x_wconf 69' lang='lat' dir='ltr'>a</span> <span class='ocrx_word' id='word_1_788' title='bbox 1296 2817 1448 2855; x_wconf 81' lang='lat' dir='ltr'>propinquis</span> <span class='ocrx_word' id='word_1_789' title='bbox 1458 2815 1523 2843; x_wconf 79' lang='lat' dir='ltr'>locis</span> <span class='ocrx_word' id='word_1_790' title='bbox 1534 2815 1637 2853; x_wconf 74' lang='lat' dir='ltr'>aspiret.</span> <span class='ocrx_word' id='word_1_791' title='bbox 1661 2817 1736 2854; x_wconf 84' lang='lat' dir='ltr'>Lege</span> <span class='ocrx_word' id='word_1_792' title='bbox 1746 2817 1892 2845; x_wconf 79' lang='lat' dir='ltr'>Columell-</span> 
     </span>
     <span class='ocr_line' id='line_1_60' title="bbox 349 2849 1261 2895; baseline 0.009 -20"><span class='ocrx_word' id='word_1_793' title='bbox 349 2849 393 2876; x_wconf 83' lang='lat' dir='ltr'>lib.</span> <span class='ocrx_word' id='word_1_794' title='bbox 405 2859 424 2876; x_wconf 90' lang='lat'>1.</span> <span class='ocrx_word' id='word_1_795' title='bbox 438 2860 494 2887; x_wconf 83' lang='lat' dir='ltr'>cap.</span> <span class='ocrx_word' id='word_1_796' title='bbox 507 2852 885 2894; x_wconf 52' lang='lat' dir='ltr'>v1.1&gt;1m.1ib.xv111.caim&amp;</span> <span class='ocrx_word' id='word_1_797' title='bbox 909 2856 1052 2884; x_wconf 75' lang='lat' dir='ltr'>Palladium</span> <span class='ocrx_word' id='word_1_798' title='bbox 1064 2856 1109 2884; x_wconf 82' lang='lat' dir='ltr'>lib.</span> <span class='ocrx_word' id='word_1_799' title='bbox 1121 2868 1141 2884; x_wconf 92' lang='lat'>1.</span> <span class='ocrx_word' id='word_1_800' title='bbox 1153 2867 1209 2895; x_wconf 80' lang='lat' dir='ltr'>cap.</span> <span class='ocrx_word' id='word_1_801' title='bbox 1222 2867 1261 2887; x_wconf 85' lang='lat'>19.</span> 
     </span>
    </p>

    <p class='ocr_par' dir='ltr' id='par_1_12' title="bbox 315 2890 1894 3013">
     <span class='ocr_line' id='line_1_61' title="bbox 315 2890 1894 2936; baseline 0.006 -20"><span class='ocrx_word' id='word_1_802' title='bbox 315 2891 342 2924; x_wconf 77' lang='lat' dir='ltr'>k]</span> <span class='ocrx_word' id='word_1_803' title='bbox 366 2890 447 2917; x_wconf 75' lang='lat' dir='ltr'>Idem.</span> <span class='ocrx_word' id='word_1_804' title='bbox 472 2891 607 2927; x_wconf 78' lang='lat' dir='ltr'>Equorum</span> <span class='ocrx_word' id='word_1_805' title='bbox 619 2894 714 2922; x_wconf 81' lang='lat' dir='ltr'>stabula</span> <span class='ocrx_word' id='word_1_806' title='bbox 725 2897 780 2923; x_wconf 87' lang='lat' dir='ltr'>vult</span> <span class='ocrx_word' id='word_1_807' title='bbox 793 2897 886 2924; x_wconf 72' lang='lat' dir='ltr'>Pallad-</span> <span class='ocrx_word' id='word_1_808' title='bbox 895 2896 940 2924; x_wconf 84' lang='lat' dir='ltr'>lib.</span> <span class='ocrx_word' id='word_1_809' title='bbox 953 2906 972 2923; x_wconf 81' lang='lat' dir='ltr'>r.</span> <span class='ocrx_word' id='word_1_810' title='bbox 982 2907 1038 2935; x_wconf 71' lang='lat' dir='ltr'>cap.</span> <span class='ocrx_word' id='word_1_811' title='bbox 1053 2908 1109 2925; x_wconf 82' lang='lat' dir='ltr'>xxi.</span> <span class='ocrx_word' id='word_1_812' title='bbox 1121 2899 1156 2924; x_wconf 85' lang='lat' dir='ltr'>ita</span> <span class='ocrx_word' id='word_1_813' title='bbox 1166 2897 1320 2925; x_wconf 78' lang='lat' dir='ltr'>meridianas</span> <span class='ocrx_word' id='word_1_814' title='bbox 1333 2897 1419 2935; x_wconf 72' lang='lat' dir='ltr'>plagas</span> <span class='ocrx_word' id='word_1_815' title='bbox 1430 2896 1556 2934; x_wconf 78' lang='lat' dir='ltr'>respicere</span> <span class='ocrx_word' id='word_1_816' title='bbox 1567 2918 1574 2929; x_wconf 81' lang='lat'>.</span> <span class='ocrx_word' id='word_1_817' title='bbox 1595 2905 1624 2924; x_wconf 92' lang='lat' dir='ltr'>ut</span> <span class='ocrx_word' id='word_1_818' title='bbox 1635 2906 1687 2923; x_wconf 85' lang='lat' dir='ltr'>non</span> <span class='ocrx_word' id='word_1_819' title='bbox 1699 2904 1789 2924; x_wconf 78' lang='lat' dir='ltr'>tamen</span> <span class='ocrx_word' id='word_1_820' title='bbox 1797 2906 1894 2936; x_wconf 80' lang='lat' dir='ltr'>egeant</span> 
     </span>
     <span class='ocr_line' id='line_1_62' title="bbox 355 2930 1894 2978; baseline 0.006 -21"><span class='ocrx_word' id='word_1_821' title='bbox 355 2931 548 2967; x_wconf 85' lang='lat' dir='ltr'>Septentrionis</span> <span class='ocrx_word' id='word_1_822' title='bbox 558 2930 709 2966; x_wconf 70' lang='lat' dir='ltr'>luminibus,</span> <span class='ocrx_word' id='word_1_823' title='bbox 722 2947 779 2974; x_wconf 77' lang='lat' dir='ltr'>quae</span> <span class='ocrx_word' id='word_1_824' title='bbox 791 2948 835 2976; x_wconf 85' lang='lat' dir='ltr'>per</span> <span class='ocrx_word' id='word_1_825' title='bbox 846 2937 970 2975; x_wconf 78' lang='lat' dir='ltr'>hyemem</span> <span class='ocrx_word' id='word_1_826' title='bbox 982 2937 1062 2966; x_wconf 86' lang='lat' dir='ltr'>clausa</span> <span class='ocrx_word' id='word_1_827' title='bbox 1073 2948 1126 2965; x_wconf 86' lang='lat' dir='ltr'>non</span> <span class='ocrx_word' id='word_1_828' title='bbox 1135 2946 1263 2969; x_wconf 84' lang='lat' dir='ltr'>noceant,</span> <span class='ocrx_word' id='word_1_829' title='bbox 1285 2947 1329 2974; x_wconf 79' lang='lat' dir='ltr'>per</span> <span class='ocrx_word' id='word_1_830' title='bbox 1339 2938 1451 2964; x_wconf 78' lang='lat' dir='ltr'>:estatem</span> <span class='ocrx_word' id='word_1_831' title='bbox 1462 2936 1590 2975; x_wconf 62' lang='lat' dir='ltr'>patefacta</span> <span class='ocrx_word' id='word_1_832' title='bbox 1598 2934 1767 2978; x_wconf 80' lang='lat' dir='ltr'>refrigerent.</span> <span class='ocrx_word' id='word_1_833' title='bbox 1786 2934 1894 2966; x_wconf 72' lang='lat' dir='ltr'>Plantas</span> 
     </span>
     <span class='ocr_line' id='line_1_63' title="bbox 354 2970 1520 3013; baseline 0.004 -13"><span class='ocrx_word' id='word_1_834' title='bbox 354 2970 447 2999; x_wconf 70' lang='lat' dir='ltr'>habere</span> <span class='ocrx_word' id='word_1_835' title='bbox 458 2970 582 2999; x_wconf 76' lang='lat' dir='ltr'>robore-25</span> <span class='ocrx_word' id='word_1_836' title='bbox 592 2972 732 3012; x_wconf 81' lang='lat' dir='ltr'>snppoiitas</span> <span class='ocrx_word' id='word_1_837' title='bbox 743 2987 805 3006; x_wconf 84' lang='lat' dir='ltr'>cum</span> <span class='ocrx_word' id='word_1_838' title='bbox 816 2977 978 3011; x_wconf 78' lang='lat' dir='ltr'>stramine,ut</span> <span class='ocrx_word' id='word_1_839' title='bbox 986 2979 1134 3013; x_wconf 80' lang='lat' dir='ltr'>jacentibus</span> <span class='ocrx_word' id='word_1_840' title='bbox 1142 2978 1223 3007; x_wconf 89' lang='lat' dir='ltr'>molle</span> <span class='ocrx_word' id='word_1_841' title='bbox 1233 2978 1273 3008; x_wconf 77' lang='lat' dir='ltr'>lit,</span> <span class='ocrx_word' id='word_1_842' title='bbox 1284 2977 1520 3006; x_wconf 80' lang='lat' dir='ltr'>stantibusdurum.</span> 
     </span>
    </p>
   </div>
   <div class='ocr_carea' id='block_1_5' title="bbox 334 1280 1554 1296">
    <p class='ocr_par' dir='ltr' id='par_1_13' title="bbox 334 1280 1554 1296">
     <span class='ocr_line' id='line_1_64' title="bbox 334 1280 1554 1296; baseline 0 0"><span class='ocrx_word' id='word_1_843' title='bbox 334 1280 1554 1296; x_wconf 95' lang='lat' dir='ltr'> </span> 
     </span>
    </p>
   </div>
   <div class='ocr_carea' id='block_1_6' title="bbox 1795 3018 1893 3053">
    <p class='ocr_par' dir='ltr' id='par_1_14' title="bbox 1795 3018 1893 3053">
     <span class='ocr_line' id='line_1_65' title="bbox 1795 3018 1893 3053; baseline 0.01 -6"><span class='ocrx_word' id='word_1_844' title='bbox 1795 3018 1817 3053; x_wconf 89' lang='lat' dir='ltr'>l]</span> <span class='ocrx_word' id='word_1_845' title='bbox 1828 3018 1893 3048; x_wconf 83' lang='lat' dir='ltr'>Vide</span> 
     </span>
    </p>
   </div>
  </div>
 </body>
</html>
