2023 3162
223 52 269 85 54
622 34 952 72 LUDOV1CI
1002 32 1450 71 Dznowrxosn

216 102 373 141 inescat.
406 102 503 141 Illud
521 102 632 152 igitur
651 100 803 151 pistoris
815 127 824 142 ,
845 98 923 135 hoc
942 99 1080 136 fictoris
1099 97 1149 135 est
1160 127 1168 134 .
1211 99 1443 137 Caelaturam
1463 99 1605 149 pistura
1624 100 1730 137 lineis
1753 101 1824 138 cir-

220 160 452 198 cumscribir.
488 158 551 195 has
582 160 676 194 inter
704 156 875 206 corporis
900 154 1137 192 dimidiatum
1157 153 1341 191 ambitum
1361 155 1524 191 imitatur
1547 156 1714 194 caelatura
1734 185 1745 200 ‚
1777 157 1823 194 ab

221 214 530 253 eminentioribus
551 214 711 263 primum
725 209 963 260 incipiendo,
985 222 1066 260 quae
1086 210 1234 258 longius
1257 209 1477 260 ‘asuperficie
1488 210 1619 247 tabulae
1630 212 1823 248 recedunt.

223 273 269 309 ab
287 273 329 308 iis
348 272 393 309 ad
419 267 642 320 depressiora
661 270 698 304 &
718 266 899 303 minantia
923 277 1055 303 manus
1075 267 1225 303 acclivis
1248 266 1430 303 delabitur
1443 295 1453 310 ‚
1473 266 1517 302 ad
1538 266 1688 315 planam
1710 267 1823 316 usque

225 327 359 365 tabulae
380 324 610 377 superficiem
623 348 631 362 ,
654 322 820 362 molliter
839 322 877 358 in
895 331 1079 359 extremas
1100 322 1213 357 lineas
1235 321 1421 359 desinente
1442 322 1585 358 summa
1609 322 1753 370 operis:
1784 332 1824 359 ut

227 384 334 433 quod
354 382 446 432 sugit
458 410 467 425 ‚
479 381 606 431 potius
617 378 822 415 existimare
835 406 845 422 ‚
865 389 979 426 quam
993 376 1193 414 desiderare
1205 379 1415 426 contingat.
1433 376 1505 413 Sed
1520 386 1674 426 argento
1685 378 1721 414 ὅ(
1734 389 1825 415 auro

226 439 395 477 cat-lando
419 434 699 488 compendiaria
717 435 802 470 artis
824 435 922 470 ratio
942 434 1154 483 excogitata
1173 431 1243 469 est.
1283 434 1327 470 In
1351 433 1503 470 laminas
1523 432 1635 469 duCto
1659 433 1826 482 primum

228 496 403 533 metallo,
427 492 502 541 styli
515 490 662 541 cuspide
683 490 836 540 paulum
859 487 975 526 retusa
996 501 1039 525 ex
1053 489 1164 525 altera
1187 499 1285 539 parte
1296 487 1430 525 tabulae
1450 488 1569 524 forma
1590 487 1825 538 procuditur,

226 562 266 588 ut
284 553 319 586 in
338 549 496 586 aversam
517 557 660 597 partem
679 545 797 595 surgat
817 556 912 594 opus
930 561 939 586 ς
970 544 1105 582 diversa
1123 544 1270 594 prorsus
1290 545 1435 581 ratione
1453 545 1499 581 ab
1518 555 1559 580 ea
1571 554 1686 592 quam
1704 543 1826 580 modo

230 607 506 656 explicavimus.
536 603 596 640 hic
608 598 1040 651 enimadepressiotibus
1059 600 1104 636 ad
1115 602 1367 637 eminentiora
1388 601 1567 650 paulatim
1587 599 1700 647 surgit
1719 597 1831 635 artifi-

230 664 284 699 cis
304 672 454 707 manus3
474 661 511 696 in
523 660 582 696 illa
595 668 727 696 contra
739 656 785 694 ab
797 657 1104 693 eminentioribus
1115 655 1160 694 ad
1177 654 1410 706 depressiora.
1424 654 1601 704 Utroque
1613 666 1749 703 genere
1768 666 1830 692 ve-

230 728 327 755 teres
339 727 492 766 argento
507 713 641 753 caelass'e
654 714 861 763 comperio.
895 712 1111 763 Anaglypta
1127 713 1294 762 primum
1315 714 1352 747 in
1365 710 1591 761 asperitatem
1604 709 1825 748 excidendo,

227 785 269 811 ut
280 785 322 810 ex
335 774 452 810 Plinio
466 771 705 809 ostendimus.
717 771 827 819 idque
839 768 883 806 ad
895 767 973 806 vasa
984 769 1019 805 &
1030 770 1167 819 pocula
1180 794 1187 808 ‚
1199 768 1236 805 ὃ(
1247 767 1272 804 si
1283 778 1356 816 qua
1368 767 1517 804 fuerunt
1528 765 1721 813 ejusmodi.
1754 765 1829 804 Vel

228 830 382 867 laminas
394 831 430 865 in
443 827 665 878 operimenti
676 825 780 862 usum
791 824 985 861 tenuando
997 824 1202 861 crustarum
1215 823 1332 860 instar.
1346 823 1443 861 unde
1456 823 1492 860 &
1509 822 1737 865 Teucro‚de
1749 833 1829 870 quo

232 885 334 922 idem
345 886 480 922 Plinius
491 895 533 920 x1
549 895 562 920 1
573 911 579 918 .
591 894 669 933 cap.
680 880 740 918 lib.
755 891 824 917 xxx
834 892 846 916 1
861 893 873 915 1
890 891 919 915 1.
933 880 1118 924 meminit,
1133 878 1297 915 crustarii
1307 891 1448 916 nomen
1458 878 1616 915 inditum
1629 876 1678 913 est
1688 878 1734 915 ab
1746 878 1829 915 arti-

232 940 335 978 ficio.
368 941 457 978 Hoc
468 940 592 989 operis
604 948 739 987 genere
749 936 885 972 milites
898 935 1047 984 vaginas
1066 936 1103 971 ὅτ.
1123 934 1296 971 baltheos
1317 934 1515 979 ornabant,
1530 946 1620 972 cum
1632 933 1724 972 ebur
1735 932 1829 970 fasti-

234 998 303 1034 diri
315 1007 489 1046 coeptum
502 994 599 1032 ess'et.
630 992 701 1028 Sed
713 991 750 1027 &
762 990 869 1036 hujus
881 990 1095 1027 ornamenti
1105 988 1240 1041 duplex
1252 1001 1368 1039 genus
1380 989 1466 1026 fuit:
1486 991 1700 1029 Deliacum.
1716 1002 1759 1026 ex
1773 999 1830 1025 te-

234 1051 370 1089 nuibus
383 1050 639 1094 eriistiS‚altera
650 1057 750 1099 parte
762 1047 872 1086 cavis,
885 1047 996 1083 altera
1009 1045 1251 1096 turgentibus.
1264 1046 1461 1089 Punicum,
1471 1045 1575 1094 quod
1586 1044 1705 1082 solido
1716 1057 1832 1097 opere

232 1107 344 1144 fiebat
355 1135 366 1152 ‚
387 1107 484 1143 nulla
495 1104 618 1143 subtus
630 1104 817 1141 inanitate.
847 1102 986 1140 Le&os
1004 1113 1094 1139 vero
1116 1102 1315 1138 mulierum
1334 1103 1453 1151 inquit
1474 1111 1584 1139 autor
1604 1101 1830 1151 jampridem

231 1174 336 1200 totos
349 1163 484 1213 operiri
503 1170 659 1210 argento
671 1189 680 1203 ‚
701 1162 739 1197 ὅ(
752 1158 912 1197 triclinia
930 1157 1124 1207 quaedam,
1144 1158 1277 1206 quibus
1290 1167 1487 1207 argentum
1507 1156 1676 1194 addidisse
1687 1157 1828 1207 primus

231 1220 384 1256 traditur
405 1218 587 1255 Carvilius
607 1216 732 1253 Pollio
752 1216 876 1263 Eques
891 1214 1207 1263 Romanus5n0n
1219 1224 1258 1251 ut
1269 1215 1431 1264 operiret
1444 1242 1454 1258 ,
1467 1222 1531 1250 aut
1544 1213 1698 1250 Deliaca
1709 1212 1830 1263 specie

231 1275 366 1312 faceret
379 1303 388 1319 ,
411 1274 470 1311 sed
480 1274 638 1310 Punica.
675 1272 865 1309 Caeterum
886 1282 975 1308 cum
993 1281 1084 1307 auro
1103 1269 1139 1306 &
1160 1279 1316 1319 argento
1331 1270 1440 1307 nullo
1459 1267 1666 1306 discrimine
1687 1277 1831 1306 veteres

232 1331 439 1368 caelaverint
451 1359 461 1374 ,
478 1330 628 1367 miratur
637 1328 779 1365 Plinius
790 1337 881 1365 auro
892 1325 1094 1364 inclaruisse
1105 1326 1295 1364 neminem
1307 1355 1317 1371 ‚
1337 1334 1496 1376 argento
1505 1324 1700 1375 plurimos
1732 1323 1831 1361 Lau-

231 1386 337 1423 datus
351 1386 448 1423 estin
460 1387 586 1436 primis
597 1386 763 1423 Mentor.
796 1382 909 1419 Hunc
920 1383 1092 1432 proxime
1108 1382 1266 1420 aemulati
1277 1381 1356 1420 sunt
1369 1382 1536 1431 Acragas
1547 1409 1556 1424 ‚
1577 1380 1749 1418 Boethus
1762 1408 1771 1424 ,
1792 1381 1831 1417 &

231 1442 328 1490 Mys.
358 1442 527 1478 Proximi
539 1441 583 1478 ab
595 1440 649 1477 his
661 1439 763 1477 fuere
776 1438 941 1476 Calamis
953 1438 989 1475 &
1001 1437 1222 1489 Antipater:
1240 1439 1377 1490 quippe
1389 1439 1561 1486 Satyrum
1574 1437 1611 1473 in
1621 1435 1742 1486 phiala
1751 1445 1831 1485 gra-

231 1508 360 1536 vatum
372 1496 508 1534 somno
522 1494 761 1534 collocaviffe
773 1519 780 1533 ,
793 1495 915 1532 verius
926 1506 1039 1544 quam
1050 1494 1223 1533 caelavisse
1233 1493 1347 1532 distus
1357 1493 1406 1531 est
1418 1494 1662 1530 Stratonicus.
1686 1490 1833 1528 Lauda-

232 1564 291 1591 tus
300 1556 413 1591 etiam
426 1551 629 1601 Cyficenus
642 1549 852 1589 Tauriscus.
867 1552 965 1588 Item
978 1549 1144 1596 Ariston,
1157 1552 1194 1588 ὃς
1205 1550 1370 1587 Eunicus
1387 1550 1602 1598 Mitylenaei,
1616 1548 1828 1588 Hecataeus,

234 1609 436 1647 Praxiteles
449 1634 457 1648 ‚
477 1610 567 1646 alius
579 1608 702 1646 abillo
713 1607 883 1656 quiinter
892 1606 1108 1657 sculptores.
1140 1605 1367 1644 Pofidonius
1378 1604 1574 1657 Ephesius,
1591 1604 1724 1642 Laedus
1734 1604 1833 1640 Stra-

235 1666 342 1703 tiates
353 1694 363 1710 ‚
384 1667 556 1716 Zopyrus
569 1693 579 1710 ‚
598 1663 919 1713 quiAreopagitas
930 1663 1158 1709 &judicium
1170 1662 1308 1700 Orestis
1319 1662 1408 1699 fecit
1419 1691 1429 1706 ‚
1442 1660 1573 1713 pondo
1584 1673 1605 1697 x
1615 1673 1627 1697 1
1642 1672 1672 1696 1.
1685 1659 1832 1698 aestima-

237 1730 318 1758 tum
333 1746 340 1760 ‚
355 1723 392 1758 δε
406 1720 544 1758 Pithias
559 1746 566 1759 ,
583 1722 687 1767 cujus
698 1719 793 1756 bina:
805 1719 921 1755 unciae
931 1731 991 1755 xx.
1010 1719 1218 1758 venierunt,
1231 1718 1269 1755 &
1287 1719 1438 1756 Teucer
1450 1716 1641 1754 crustarius
1653 1743 1661 1756 ,
1674 1716 1737 1766 qui
1749 1726 1833 1753 eam

235 1776 375 1814 famam
386 1776 526 1814 habuit.
557 1775 689 1814 Praeter
699 1774 768 1812 hos
780 1773 947 1819 Ariston,
958 1774 1058 1812 idem
1069 1774 1268 1812 statuarius.
1280 1772 1484 1818 Lessoeles,
1496 1771 1697 1817 Prodorus,
1706 1769 1834 1809 Pitho-

237 1831 364 1872 dicus,
387 1831 811 1882 Polignotu5,pi6'tores.
831 1830 1024 1868 Marmore
1041 1830 1210 1881 Scopus,
1230 1830 1367 1867 Briaxis
1381 1859 1390 1874 ‚
1411 1827 1642 1866 Timotheus
1655 1856 1665 1871 ,
1684 1828 1723 1864 &
1736 1828 1833 1863 Leo-

238 1885 366 1924 chares
379 1889 563 1924 caelarunt.
599 1888 783 1936 Diogenis
794 1886 863 1923 ess'e
874 1885 1034 1937 suspicor
1043 1899 1128 1936 quae
1139 1884 1217 1924 sunt
1231 1888 1268 1923 in
1280 1886 1431 1936 porticu
1450 1883 1607 1922 Panthei.
1639 1882 1764 1931 Ligno
1776 1880 1831 1917 di-

236 1943 343 1979 vinus
365 1944 424 1979 ille
443 1942 676 1979 Alcimedon
697 1943 849 1985 claruit,
867 1941 1008 1979 famam
1027 1953 1201 1979 aeternam
1220 1942 1365 1989 Virgilii
1383 1939 1543 1977 verfibus
1565 1936 1831 1986 consequutuS.

236 1997 308 2034 Sed
320 1996 357 2033 Sc
369 1997 527 2035 statuarii
537 2008 671 2035 omnes
684 1996 871 2032 caelarunt.
900 1998 1002 2033 Nam
1014 1997 1157 2033 Phidias
1168 1995 1272 2032 scuto
1296 1997 1475 2032 Minervae
1485 2006 1597 2043 quam
1609 1993 1699 2030 fecit
1709 1991 1834 2029 Athe-

237 2054 295 2090 nis
308 2053 366 2090 vel
377 2054 541 2090 maxime
552 2051 727 2090 laudatur.
741 2052 776 2087 in
789 2062 880 2100 quo,
898 2050 1075 2088 referente
1086 2051 1205 2088 Plinio
1215 2053 1251 2087 in
1263 2049 1398 2087 eodem
1407 2051 1500 2088 loeo
1512 2078 1521 2093 ‚
1535 2049 1699 2100 praelium
1712 2047 1830 2084 Ama-

240 2120 388 2146 zonum
406 2109 565 2148 caelavit,
586 2105 854 2145 intumescente
874 2106 1015 2143 ambitu
1025 2109 1170 2157 primo;
1197 2105 1355 2153 ejusdem
1369 2116 1535 2143 concava
1547 2114 1645 2154 parte
1656 2105 1833 2141 Deorum

240 2164 277 2201 δε
289 2166 485 2214 gigantum
504 2163 801 2201 dimicationem.
814 2163 851 2198 in
862 2160 968 2199 soleis
978 2173 1068 2200 vero
1082 2160 1379 2213 Lapitharum,&
1394 2161 1686 2199 Centaurorum.
1703 2162 1746 2197 In
1757 2157 1833 2197 bafi

238 2219 402 2269 genesim
416 2221 601 2257 Deorum.
620 2220 658 2256 In
671 2216 955 2256 numismatibus
965 2220 1078 2257 etiam
1097 2217 1303 2268 priscorum
1314 2229 1445 2255 manus
1463 2228 1693 2259 veneramur,
1706 2225 1831 2254 aetates

239 2277 353 2313 etiam
365 2275 550 2314 artificum
562 2275 813 2317 discernimuS,
825 2275 910 2312 artis
923 2272 1152 2326 progreffuni
1173 2275 1211 2311 ὅ(
1230 2275 1425 2311 interitum
1445 2282 1636 2309 notamus.
1658 2271 1776 2311 Nam,
1789 2280 1831 2308 ut

239 2331 286 2368 de
299 2333 630 2380 Romanisloquar
641 2357 649 2370 ,
669 2330 864 2368 veterailla
883 2329 1081 2368 consulum
1103 2326 1321 2367 numismata
1333 2331 1426 2366 inter
1441 2330 1522 2365 artis
1533 2328 1635 2364 initia
1645 2339 1758 2376 quam
1769 2338 1830 2363 ru-

239 2386 326 2424 dem
337 2387 541 2424 admodum
553 2387 713 2436 speeiem
723 2398 793 2435 pra:
804 2383 836 2422 se
847 2385 980 2424 ferunt.
1016 2385 1081 2423 Ab
1096 2384 1267 2435 Augusto
1276 2397 1366 2423 vero
1386 2386 1534 2433 integro
1544 2383 1674 2420 saeculo
1687 2394 1742 2420 ars
1756 2383 1832 2421 cla-

239 2444 324 2480 ruit.
354 2442 518 2480 Rursum
529 2443 747 2492 ignorantiae
758 2442 914 2490 caligine
925 2442 1087 2480 demersa
1098 2442 1254 2491 gratiam
1265 2452 1423 2478 omnem
1433 2437 1562 2477 amisit.
1584 2441 1830 2493 quuam

238 2498 377 2537 Plinius
388 2500 502 2548 longe
513 2509 598 2535 ante
608 2497 667 2535 sua
679 2508 850 2546 tempora
869 2499 1082 2537 caelaturam
1092 2495 1287 2536 exolevisse
1300 2495 1427 2534 scribat
1439 2525 1449 2540 ‚
1462 2506 1552 2532 cum
1563 2496 1730 2532 laudatos
1740 2494 1828 2531 illos

239 2554 399 2592 artifices
410 2554 601 2592 recensens
614 2582 624 2598 ,
644 2553 841 2590 Teucrum
853 2554 1070 2592 crustarium
1093 2554 1267 2591 ultimum
1279 2551 1387 2589 faciat
1398 2581 1408 2597 ‚
1428 2553 1465 2589 &
1486 2551 1557 2596 jam
1569 2551 1636 2588 suis
1647 2550 1828 2601 tempori-

240 2608 308 2645 bus
325 2610 455 2648 scribat
472 2621 588 2648 artem
599 2610 673 2647 sola
683 2607 860 2646 vetustate
874 2609 1008 2647 censeri
1020 2609 1184 2648 solitam,
1201 2609 1316 2658 usque
1326 2608 1420 2645 adeo
1433 2607 1565 2645 attritis
1583 2607 1775 2651 caelaturis,
1783 2611 1827 2643 ut

239 2662 356 2714 figura
366 2666 519 2705 discerni
529 2679 610 2705 non
619 2664 746 2717 posset,
764 2664 887 2715 operis
898 2674 1043 2704 tantum
1054 2667 1229 2703 autoritas
1242 2662 1436 2702 constaret.

1750 2830 1827 2864 DE
