<?xml version="1.0" encoding="UTF-8"?>
<!DOCTYPE html PUBLIC "-//W3C//DTD XHTML 1.0 Transitional//EN"
    "http://www.w3.org/TR/xhtml1/DTD/xhtml1-transitional.dtd">
<html xmlns="http://www.w3.org/1999/xhtml" xml:lang="en" lang="en">
 <head>
  <title>
</title>
<meta http-equiv="Content-Type" content="text/html;charset=utf-8" />
  <meta name='ocr-system' content='tesseract 3.04.00' />
  <meta name='ocr-capabilities' content='ocr_page ocr_carea ocr_par ocr_line ocrx_word'/>
</head>
<body>
  <div class='ocr_page' id='page_1' title='image "./vitruviipollioni00vitr_0216.png"; bbox 0 0 2023 3162; ppageno 0'>
   <div class='ocr_carea' id='block_1_1' title="bbox 285 56 1498 121">
    <p class='ocr_par' dir='ltr' id='par_1_1' title="bbox 285 56 1498 121">
     <span class='ocr_line' id='line_1_1' title="bbox 285 56 1498 121; baseline -0.012 -1"><span class='ocrx_word' id='word_1_1' title='bbox 285 87 355 121; x_wconf 70' lang='lat'>168</span> <span class='ocrx_word' id='word_1_2' title='bbox 674 56 1096 114; x_wconf 44' lang='lat' dir='ltr'>M.V1&#39;rR&#39;uv11</span> <span class='ocrx_word' id='word_1_3' title='bbox 1145 69 1498 108; x_wconf 69' lang='lat' dir='ltr'>Pottlonrs</span> 
     </span>
    </p>
   </div>
   <div class='ocr_carea' id='block_1_2' title="bbox 274 136 1874 748">
    <p class='ocr_par' dir='ltr' id='par_1_2' title="bbox 274 136 1874 748">
     <span class='ocr_line' id='line_1_2' title="bbox 280 136 1872 191; baseline -0.004 -5"><span class='ocrx_word' id='word_1_4' title='bbox 280 150 332 186; x_wconf 82' lang='lat' dir='ltr'>Ita</span> <span class='ocrx_word' id='word_1_5' title='bbox 353 159 400 185; x_wconf 90' lang='lat' dir='ltr'>co</span> <span class='ocrx_word' id='word_1_6' title='bbox 423 142 629 183; x_wconf 87' lang='lat' dir='ltr'>chorobate</span> <span class='ocrx_word' id='word_1_7' title='bbox 649 153 738 180; x_wconf 88' lang='lat' dir='ltr'>cum</span> <span class='ocrx_word' id='word_1_8' title='bbox 755 141 994 191; x_wconf 85' lang='lat' dir='ltr'>perlibratum</span> <span class='ocrx_word' id='word_1_9' title='bbox 1010 140 1060 176; x_wconf 89' lang='lat' dir='ltr'>ita</span> <span class='ocrx_word' id='word_1_10' title='bbox 1081 136 1192 175; x_wconf 90' lang='lat' dir='ltr'>fucrit</span> <span class='ocrx_word' id='word_1_11' title='bbox 1209 166 1218 183; x_wconf 88' lang='lat'>‚</span> <span class='ocrx_word' id='word_1_12' title='bbox 1245 136 1376 175; x_wconf 90' lang='lat' dir='ltr'>scietur</span> <span class='ocrx_word' id='word_1_13' title='bbox 1393 146 1575 186; x_wconf 86' lang='lat' dir='ltr'>quantum</span> <span class='ocrx_word' id='word_1_14' title='bbox 1595 136 1760 178; x_wconf 86' lang='lat' dir='ltr'>habuerit</span> <span class='ocrx_word' id='word_1_15' title='bbox 1778 139 1872 180; x_wconf 83' lang='lat' dir='ltr'>fasti-</span> 
     </span>
     <span class='ocr_line' id='line_1_3' title="bbox 277 191 1871 253; baseline -0.004 -12"><span class='ocrx_word' id='word_1_16' title='bbox 277 206 340 253; x_wconf 80' lang='lat' dir='ltr'>gii.</span> <span class='ocrx_word' id='word_1_17' title='bbox 376 200 535 240; x_wconf 77' lang='lat' dir='ltr'>Fortasse</span> <span class='ocrx_word' id='word_1_18' title='bbox 554 201 617 248; x_wconf 87' lang='lat' dir='ltr'>qui</span> <span class='ocrx_word' id='word_1_19' title='bbox 636 196 871 236; x_wconf 83' lang='lat' dir='ltr'>Archimedis</span> <span class='ocrx_word' id='word_1_20' title='bbox 890 195 1005 232; x_wconf 90' lang='lat' dir='ltr'>libros</span> <span class='ocrx_word' id='word_1_21' title='bbox 1023 195 1132 243; x_wconf 81' lang='lat' dir='ltr'>legit,</span> <span class='ocrx_word' id='word_1_22' title='bbox 1155 194 1254 231; x_wconf 90' lang='lat' dir='ltr'>dicet</span> <span class='ocrx_word' id='word_1_23' title='bbox 1272 204 1352 230; x_wconf 90' lang='lat' dir='ltr'>non</span> <span class='ocrx_word' id='word_1_24' title='bbox 1364 191 1467 243; x_wconf 86' lang='lat' dir='ltr'>poffe</span> <span class='ocrx_word' id='word_1_25' title='bbox 1484 192 1563 229; x_wconf 84' lang='lat' dir='ltr'>fieri</span> <span class='ocrx_word' id='word_1_26' title='bbox 1582 206 1709 232; x_wconf 85' lang='lat' dir='ltr'>veram</span> <span class='ocrx_word' id='word_1_27' title='bbox 1721 206 1765 232; x_wconf 86' lang='lat' dir='ltr'>ex</span> <span class='ocrx_word' id='word_1_28' title='bbox 1774 209 1871 246; x_wconf 85' lang='lat' dir='ltr'>aqua</span> 
     </span>
     <span class='ocr_line' id='line_1_4' title="bbox 277 245 1870 304; baseline -0.004 -7"><span class='ocrx_word' id='word_1_29' title='bbox 277 260 518 297; x_wconf 79' lang='lat' dir='ltr'>librationem</span> <span class='ocrx_word' id='word_1_30' title='bbox 532 285 543 301; x_wconf 87' lang='lat'><em>‚</em></span> <span class='ocrx_word' id='word_1_31' title='bbox 562 254 665 304; x_wconf 88' lang='lat' dir='ltr'>quod</span> <span class='ocrx_word' id='word_1_32' title='bbox 685 254 718 289; x_wconf 89' lang='lat' dir='ltr'>ei</span> <span class='ocrx_word' id='word_1_33' title='bbox 735 252 856 302; x_wconf 86' lang='lat' dir='ltr'>placet</span> <span class='ocrx_word' id='word_1_34' title='bbox 866 261 1003 299; x_wconf 88' lang='lat' dir='ltr'>aquam</span> <span class='ocrx_word' id='word_1_35' title='bbox 1018 261 1102 286; x_wconf 89' lang='lat' dir='ltr'>non</span> <span class='ocrx_word' id='word_1_36' title='bbox 1113 249 1182 286; x_wconf 83' lang='lat' dir='ltr'>effe</span> <span class='ocrx_word' id='word_1_37' title='bbox 1198 249 1390 294; x_wconf 83' lang='lat' dir='ltr'>libratam,</span> <span class='ocrx_word' id='word_1_38' title='bbox 1410 248 1469 285; x_wconf 86' lang='lat' dir='ltr'>sed</span> <span class='ocrx_word' id='word_1_39' title='bbox 1493 245 1556 300; x_wconf 86' lang='lat' dir='ltr'>[d]</span> <span class='ocrx_word' id='word_1_40' title='bbox 1577 248 1794 299; x_wconf 86' lang='lat' dir='ltr'>sphaeroides</span> <span class='ocrx_word' id='word_1_41' title='bbox 1808 253 1870 290; x_wconf 83' lang='lat' dir='ltr'>ha-</span> 
     </span>
     <span class='ocr_line' id='line_1_5' title="bbox 276 304 1870 354; baseline -0.005 0"><span class='ocrx_word' id='word_1_42' title='bbox 276 316 363 354; x_wconf 88' lang='lat' dir='ltr'>bere</span> <span class='ocrx_word' id='word_1_43' title='bbox 383 314 548 351; x_wconf 81' lang='lat' dir='ltr'>schema,</span> <span class='ocrx_word' id='word_1_44' title='bbox 575 310 612 346; x_wconf 89' lang='lat'>&amp;</span> <span class='ocrx_word' id='word_1_45' title='bbox 631 310 682 345; x_wconf 91' lang='lat' dir='ltr'>ibi</span> <span class='ocrx_word' id='word_1_46' title='bbox 692 307 825 345; x_wconf 83' lang='lat' dir='ltr'>habere</span> <span class='ocrx_word' id='word_1_47' title='bbox 836 315 1007 344; x_wconf 84' lang='lat' dir='ltr'>centrum</span> <span class='ocrx_word' id='word_1_48' title='bbox 1020 333 1031 349; x_wconf 86' lang='lat'>‚</span> <span class='ocrx_word' id='word_1_49' title='bbox 1053 316 1132 354; x_wconf 92' lang='lat' dir='ltr'>quo</span> <span class='ocrx_word' id='word_1_50' title='bbox 1143 306 1220 342; x_wconf 92' lang='lat' dir='ltr'>loci</span> <span class='ocrx_word' id='word_1_51' title='bbox 1237 304 1350 342; x_wconf 85' lang='lat' dir='ltr'>habet</span> <span class='ocrx_word' id='word_1_52' title='bbox 1369 305 1469 341; x_wconf 89' lang='lat' dir='ltr'>orbis</span> <span class='ocrx_word' id='word_1_53' title='bbox 1478 314 1668 343; x_wconf 84' lang='lat' dir='ltr'>terrarum.</span> <span class='ocrx_word' id='word_1_54' title='bbox 1699 306 1787 345; x_wconf 91' lang='lat' dir='ltr'>Hoc</span> <span class='ocrx_word' id='word_1_55' title='bbox 1804 320 1870 346; x_wconf 90' lang='lat' dir='ltr'>au-</span> 
     </span>
     <span class='ocr_line' id='line_1_6' title="bbox 277 359 1868 418; baseline -0.004 -10"><span class='ocrx_word' id='word_1_56' title='bbox 277 381 356 409; x_wconf 91' lang='lat' dir='ltr'>tem</span> <span class='ocrx_word' id='word_1_57' title='bbox 379 369 467 418; x_wconf 82' lang='lat' dir='ltr'>(sive</span> <span class='ocrx_word' id='word_1_58' title='bbox 489 367 597 417; x_wconf 85' lang='lat' dir='ltr'>plana</span> <span class='ocrx_word' id='word_1_59' title='bbox 616 362 665 401; x_wconf 88' lang='lat' dir='ltr'>cst</span> <span class='ocrx_word' id='word_1_60' title='bbox 685 374 798 412; x_wconf 84' lang='lat' dir='ltr'>aqua,</span> <span class='ocrx_word' id='word_1_61' title='bbox 821 361 882 400; x_wconf 92' lang='lat' dir='ltr'>seu</span> <span class='ocrx_word' id='word_1_62' title='bbox 912 360 1154 412; x_wconf 73' lang='lat' dir='ltr'>sphaeroides)</span> <span class='ocrx_word' id='word_1_63' title='bbox 1175 359 1319 398; x_wconf 73' lang='lat' dir='ltr'>necesse</span> <span class='ocrx_word' id='word_1_64' title='bbox 1338 360 1388 396; x_wconf 90' lang='lat' dir='ltr'>est</span> <span class='ocrx_word' id='word_1_65' title='bbox 1409 370 1573 398; x_wconf 82' lang='lat' dir='ltr'>extrema</span> <span class='ocrx_word' id='word_1_66' title='bbox 1593 362 1716 411; x_wconf 88' lang='lat' dir='ltr'>capita</span> <span class='ocrx_word' id='word_1_67' title='bbox 1730 364 1868 401; x_wconf 83' lang='lat' dir='ltr'>canalis</span> 
     </span>
     <span class='ocr_line' id='line_1_7' title="bbox 276 417 1871 476; baseline -0.007 -13"><span class='ocrx_word' id='word_1_68' title='bbox 276 428 410 476; x_wconf 77' lang='lat' dir='ltr'>regula:</span> <span class='ocrx_word' id='word_1_69' title='bbox 430 424 561 474; x_wconf 82' lang='lat' dir='ltr'>pariter</span> <span class='ocrx_word' id='word_1_70' title='bbox 583 418 755 455; x_wconf 88' lang='lat' dir='ltr'>sustinere</span> <span class='ocrx_word' id='word_1_71' title='bbox 776 429 923 467; x_wconf 87' lang='lat' dir='ltr'>aquarn.</span> <span class='ocrx_word' id='word_1_72' title='bbox 953 417 1153 454; x_wconf 74' lang='lat' dir='ltr'>sinautem</span> <span class='ocrx_word' id='word_1_73' title='bbox 1171 417 1400 466; x_wconf 84' lang='lat' dir='ltr'>proclinatus</span> <span class='ocrx_word' id='word_1_74' title='bbox 1412 417 1479 453; x_wconf 90' lang='lat' dir='ltr'>erit</span> <span class='ocrx_word' id='word_1_75' title='bbox 1497 428 1541 453; x_wconf 87' lang='lat' dir='ltr'>cx</span> <span class='ocrx_word' id='word_1_76' title='bbox 1562 427 1637 453; x_wconf 88' lang='lat' dir='ltr'>una</span> <span class='ocrx_word' id='word_1_77' title='bbox 1649 426 1748 466; x_wconf 85' lang='lat' dir='ltr'>parte</span> <span class='ocrx_word' id='word_1_78' title='bbox 1760 446 1771 462; x_wconf 89' lang='lat'>‚</span> <span class='ocrx_word' id='word_1_79' title='bbox 1789 431 1871 469; x_wconf 74' lang='lat' dir='ltr'>quae</span> 
     </span>
     <span class='ocr_line' id='line_1_8' title="bbox 275 469 1868 522; baseline -0.005 -2"><span class='ocrx_word' id='word_1_80' title='bbox 275 484 344 520; x_wconf 88' lang='lat' dir='ltr'>crit</span> <span class='ocrx_word' id='word_1_81' title='bbox 354 482 459 519; x_wconf 85' lang='lat' dir='ltr'>altior</span> <span class='ocrx_word' id='word_1_82' title='bbox 469 488 545 514; x_wconf 89' lang='lat' dir='ltr'>uon</span> <span class='ocrx_word' id='word_1_83' title='bbox 558 473 707 512; x_wconf 80' lang='lat' dir='ltr'>habebit</span> <span class='ocrx_word' id='word_1_84' title='bbox 721 476 854 522; x_wconf 82' lang='lat' dir='ltr'>regulae</span> <span class='ocrx_word' id='word_1_85' title='bbox 872 473 1008 510; x_wconf 88' lang='lat' dir='ltr'>canalis</span> <span class='ocrx_word' id='word_1_86' title='bbox 1019 473 1057 509; x_wconf 90' lang='lat' dir='ltr'>in</span> <span class='ocrx_word' id='word_1_87' title='bbox 1068 470 1220 509; x_wconf 89' lang='lat' dir='ltr'>summis</span> <span class='ocrx_word' id='word_1_88' title='bbox 1232 472 1341 509; x_wconf 87' lang='lat' dir='ltr'>labris</span> <span class='ocrx_word' id='word_1_89' title='bbox 1355 484 1500 521; x_wconf 85' lang='lat' dir='ltr'>aquam.</span> <span class='ocrx_word' id='word_1_90' title='bbox 1521 469 1679 509; x_wconf 78' lang='lat' dir='ltr'>Necesse</span> <span class='ocrx_word' id='word_1_91' title='bbox 1691 483 1789 518; x_wconf 69' lang='lat' dir='ltr'>enim</span> <span class='ocrx_word' id='word_1_92' title='bbox 1805 475 1868 515; x_wconf 85' lang='lat' dir='ltr'>est,</span> 
     </span>
     <span class='ocr_line' id='line_1_9' title="bbox 276 527 1871 587; baseline -0.004 -13"><span class='ocrx_word' id='word_1_93' title='bbox 276 544 505 587; x_wconf 86' lang='lat' dir='ltr'>quocunque</span> <span class='ocrx_word' id='word_1_94' title='bbox 526 542 619 579; x_wconf 85' lang='lat' dir='ltr'>aqua</span> <span class='ocrx_word' id='word_1_95' title='bbox 642 529 684 567; x_wconf 79' lang='lat' dir='ltr'>{it</span> <span class='ocrx_word' id='word_1_96' title='bbox 695 528 824 569; x_wconf 79' lang='lat' dir='ltr'>infusa,</span> <span class='ocrx_word' id='word_1_97' title='bbox 845 531 884 566; x_wconf 90' lang='lat' dir='ltr'>in</span> <span class='ocrx_word' id='word_1_98' title='bbox 906 528 1036 566; x_wconf 89' lang='lat' dir='ltr'>medio</span> <span class='ocrx_word' id='word_1_99' title='bbox 1053 527 1285 566; x_wconf 88' lang='lat' dir='ltr'>inflationem</span> <span class='ocrx_word' id='word_1_100' title='bbox 1304 538 1616 576; x_wconf 83' lang='lat' dir='ltr'>curvaturamque</span> <span class='ocrx_word' id='word_1_101' title='bbox 1634 527 1791 566; x_wconf 82' lang='lat' dir='ltr'>habere,</span> <span class='ocrx_word' id='word_1_102' title='bbox 1810 529 1871 568; x_wconf 90' lang='lat' dir='ltr'>sed</span> 
     </span>
     <span class='ocr_line' id='line_1_10' title="bbox 277 582 1872 642; baseline -0.004 -13"><span class='ocrx_word' id='word_1_103' title='bbox 277 594 396 642; x_wconf 82' lang='lat' dir='ltr'>capita</span> <span class='ocrx_word' id='word_1_104' title='bbox 417 590 541 626; x_wconf 78' lang='lat' dir='ltr'>dextra</span> <span class='ocrx_word' id='word_1_105' title='bbox 561 597 604 623; x_wconf 93' lang='lat' dir='ltr'>ac</span> <span class='ocrx_word' id='word_1_106' title='bbox 623 584 760 623; x_wconf 86' lang='lat' dir='ltr'>sinistra</span> <span class='ocrx_word' id='word_1_107' title='bbox 779 586 877 623; x_wconf 89' lang='lat' dir='ltr'>inter</span> <span class='ocrx_word' id='word_1_108' title='bbox 894 582 928 621; x_wconf 89' lang='lat' dir='ltr'>se</span> <span class='ocrx_word' id='word_1_109' title='bbox 952 584 1081 622; x_wconf 85' lang='lat' dir='ltr'>librata</span> <span class='ocrx_word' id='word_1_110' title='bbox 1102 582 1181 621; x_wconf 84' lang='lat' dir='ltr'>effe.</span> <span class='ocrx_word' id='word_1_111' title='bbox 1220 586 1280 629; x_wconf 87' lang='lat' dir='ltr'>[e]</span> <span class='ocrx_word' id='word_1_112' title='bbox 1298 584 1495 633; x_wconf 85' lang='lat' dir='ltr'>Exemplar</span> <span class='ocrx_word' id='word_1_113' title='bbox 1505 594 1633 620; x_wconf 85' lang='lat' dir='ltr'>autem</span> <span class='ocrx_word' id='word_1_114' title='bbox 1652 582 1872 623; x_wconf 86' lang='lat' dir='ltr'>chorobatis</span> 
     </span>
     <span class='ocr_line' id='line_1_11' title="bbox 274 635 1874 690; baseline -0.004 -6"><span class='ocrx_word' id='word_1_115' title='bbox 274 649 340 684; x_wconf 90' lang='lat' dir='ltr'>erit</span> <span class='ocrx_word' id='word_1_116' title='bbox 360 647 396 681; x_wconf 91' lang='lat' dir='ltr'>in</span> <span class='ocrx_word' id='word_1_117' title='bbox 418 653 590 683; x_wconf 85' lang='lat' dir='ltr'>extremo</span> <span class='ocrx_word' id='word_1_118' title='bbox 608 642 804 680; x_wconf 89' lang='lat' dir='ltr'>volumine</span> <span class='ocrx_word' id='word_1_119' title='bbox 825 639 1059 690; x_wconf 89' lang='lat' dir='ltr'>descriptum.</span> <span class='ocrx_word' id='word_1_120' title='bbox 1091 640 1137 676; x_wconf 86' lang='lat' dir='ltr'>Et</span> <span class='ocrx_word' id='word_1_121' title='bbox 1155 639 1261 677; x_wconf 81' lang='lat' dir='ltr'>fierit</span> <span class='ocrx_word' id='word_1_122' title='bbox 1284 635 1357 690; x_wconf 88' lang='lat' dir='ltr'>[f]</span> <span class='ocrx_word' id='word_1_123' title='bbox 1370 638 1554 689; x_wconf 81' lang='lat' dir='ltr'>fastigium</span> <span class='ocrx_word' id='word_1_124' title='bbox 1567 651 1744 688; x_wconf 77' lang='lat' dir='ltr'>magnum</span> <span class='ocrx_word' id='word_1_125' title='bbox 1756 668 1767 684; x_wconf 88' lang='lat'><em>‚</em></span> <span class='ocrx_word' id='word_1_126' title='bbox 1786 639 1874 677; x_wconf 86' lang='lat' dir='ltr'>faci-</span> 
     </span>
     <span class='ocr_line' id='line_1_12' title="bbox 275 694 1874 748; baseline -0.004 -8"><span class='ocrx_word' id='word_1_127' title='bbox 275 703 348 740; x_wconf 90' lang='lat' dir='ltr'>lior</span> <span class='ocrx_word' id='word_1_128' title='bbox 362 703 430 738; x_wconf 89' lang='lat' dir='ltr'>erit</span> <span class='ocrx_word' id='word_1_129' title='bbox 453 699 498 736; x_wconf 93' lang='lat' dir='ltr'>de</span> <span class='ocrx_word' id='word_1_130' title='bbox 510 697 632 736; x_wconf 86' lang='lat' dir='ltr'>cursus</span> <span class='ocrx_word' id='word_1_131' title='bbox 651 710 763 748; x_wconf 83' lang='lat' dir='ltr'>aquae.</span> <span class='ocrx_word' id='word_1_132' title='bbox 797 698 862 735; x_wconf 85' lang='lat' dir='ltr'>Sin</span> <span class='ocrx_word' id='word_1_133' title='bbox 873 706 999 736; x_wconf 84' lang='lat' dir='ltr'>autem</span> <span class='ocrx_word' id='word_1_134' title='bbox 1010 697 1198 735; x_wconf 82' lang='lat' dir='ltr'>intervalla</span> <span class='ocrx_word' id='word_1_135' title='bbox 1209 705 1319 734; x_wconf 88' lang='lat' dir='ltr'>erunt</span> <span class='ocrx_word' id='word_1_136' title='bbox 1327 696 1501 735; x_wconf 78' lang='lat' dir='ltr'>lacunosa</span> <span class='ocrx_word' id='word_1_137' title='bbox 1514 724 1526 742; x_wconf 85' lang='lat'><em>,</em></span> <span class='ocrx_word' id='word_1_138' title='bbox 1546 694 1874 737; x_wconf 71' lang='lat' dir='ltr'>substrucuonibus</span> 
     </span>
    </p>
   </div>
   <div class='ocr_carea' id='block_1_3' title="bbox 273 753 658 796">
    <p class='ocr_par' dir='ltr' id='par_1_3' title="bbox 273 753 658 796">
     <span class='ocr_line' id='line_1_13' title="bbox 273 753 658 796; baseline -0.013 0"><span class='ocrx_word' id='word_1_139' title='bbox 273 760 341 796; x_wconf 90' lang='lat' dir='ltr'>crit</span> <span class='ocrx_word' id='word_1_140' title='bbox 356 753 658 795; x_wconf 87' lang='lat' dir='ltr'>succurrendum.</span> 
     </span>
    </p>
   </div>
   <div class='ocr_carea' id='block_1_4' title="bbox 914 868 1224 910">
    <p class='ocr_par' dir='ltr' id='par_1_4' title="bbox 914 868 1224 910">
     <span class='ocr_line' id='line_1_14' title="bbox 914 868 1224 910; baseline -0.016 0"><span class='ocrx_word' id='word_1_141' title='bbox 914 871 949 910; x_wconf 91' lang='lat' dir='ltr'>C</span> <span class='ocrx_word' id='word_1_142' title='bbox 978 883 1002 908; x_wconf 82' lang='lat' dir='ltr'>A</span> <span class='ocrx_word' id='word_1_143' title='bbox 1030 881 1062 909; x_wconf 82' lang='lat' dir='ltr'>P.</span> <span class='ocrx_word' id='word_1_144' title='bbox 1121 868 1224 909; x_wconf 90' lang='lat' dir='ltr'>VII.</span> 
     </span>
    </p>
   </div>
   <div class='ocr_carea' id='block_1_5' title="bbox 695 958 1459 1034">
    <p class='ocr_par' dir='ltr' id='par_1_5' title="bbox 695 958 1459 1034">
     <span class='ocr_line' id='line_1_15' title="bbox 695 958 1459 1034; baseline -0.003 -22"><span class='ocrx_word' id='word_1_145' title='bbox 695 959 839 1034; x_wconf 59' lang='lat' dir='ltr'>Quot*</span> <span class='ocrx_word' id='word_1_146' title='bbox 857 959 1011 1012; x_wconf 61' lang='lat' dir='ltr'>modis</span> <span class='ocrx_word' id='word_1_147' title='bbox 1035 958 1287 1022; x_wconf 70' lang='lat' dir='ltr'>ducantur</span> <span class='ocrx_word' id='word_1_148' title='bbox 1311 975 1459 1032; x_wconf 66' lang='lat' dir='ltr'>aqua.</span> 
     </span>
    </p>
   </div>
   <div class='ocr_carea' id='block_1_6' title="bbox 274 1084 1874 1309">
    <p class='ocr_par' dir='ltr' id='par_1_6' title="bbox 274 1084 1874 1309">
     <span class='ocr_line' id='line_1_16' title="bbox 276 1084 1872 1176; baseline -0.003 -45"><span class='ocrx_word' id='word_1_149' title='bbox 276 1091 488 1176; x_wconf 75' lang='lat' dir='ltr'>DUCtus</span> <span class='ocrx_word' id='word_1_150' title='bbox 498 1100 622 1129; x_wconf 87' lang='lat' dir='ltr'>autem</span> <span class='ocrx_word' id='word_1_151' title='bbox 633 1102 735 1140; x_wconf 84' lang='lat' dir='ltr'>aquae</span> <span class='ocrx_word' id='word_1_152' title='bbox 748 1087 807 1143; x_wconf 83' lang='lat' dir='ltr'>[a]</span> <span class='ocrx_word' id='word_1_153' title='bbox 821 1089 913 1129; x_wconf 84' lang='lat' dir='ltr'>fiunt</span> <span class='ocrx_word' id='word_1_154' title='bbox 925 1089 1119 1140; x_wconf 87' lang='lat' dir='ltr'>generibus</span> <span class='ocrx_word' id='word_1_155' title='bbox 1129 1089 1254 1128; x_wconf 89' lang='lat' dir='ltr'>tribus,</span> <span class='ocrx_word' id='word_1_156' title='bbox 1269 1089 1354 1126; x_wconf 87' lang='lat' dir='ltr'>rivis</span> <span class='ocrx_word' id='word_1_157' title='bbox 1366 1099 1431 1138; x_wconf 90' lang='lat' dir='ltr'>per</span> <span class='ocrx_word' id='word_1_158' title='bbox 1441 1086 1587 1125; x_wconf 89' lang='lat' dir='ltr'>canales</span> <span class='ocrx_word' id='word_1_159' title='bbox 1598 1086 1773 1126; x_wconf 63' lang='lat' dir='ltr'>structiles</span> <span class='ocrx_word' id='word_1_160' title='bbox 1785 1116 1795 1133; x_wconf 89' lang='lat'>,</span> <span class='ocrx_word' id='word_1_161' title='bbox 1810 1084 1872 1127; x_wconf 85' lang='lat' dir='ltr'>aut</span> 
     </span>
     <span class='ocr_line' id='line_1_17' title="bbox 366 1141 1874 1198; baseline -0.003 -12"><span class='ocrx_word' id='word_1_162' title='bbox 366 1149 489 1186; x_wconf 79' lang='lat' dir='ltr'>fistulis</span> <span class='ocrx_word' id='word_1_163' title='bbox 501 1147 699 1198; x_wconf 85' lang='lat' dir='ltr'>plumbeis,</span> <span class='ocrx_word' id='word_1_164' title='bbox 716 1146 775 1184; x_wconf 88' lang='lat' dir='ltr'>seu</span> <span class='ocrx_word' id='word_1_165' title='bbox 786 1146 924 1184; x_wconf 89' lang='lat' dir='ltr'>tubulis</span> <span class='ocrx_word' id='word_1_166' title='bbox 938 1145 1123 1184; x_wconf 65' lang='lat' dir='ltr'>fictilibus.</span> <span class='ocrx_word' id='word_1_167' title='bbox 1144 1146 1323 1197; x_wconf 85' lang='lat' dir='ltr'>Qorum</span> <span class='ocrx_word' id='word_1_168' title='bbox 1334 1155 1382 1180; x_wconf 82' lang='lat' dir='ltr'>eae</span> <span class='ocrx_word' id='word_1_169' title='bbox 1396 1145 1556 1181; x_wconf 85' lang='lat' dir='ltr'>rationes</span> <span class='ocrx_word' id='word_1_170' title='bbox 1566 1141 1657 1181; x_wconf 89' lang='lat' dir='ltr'>sunt.</span> <span class='ocrx_word' id='word_1_171' title='bbox 1689 1146 1727 1182; x_wconf 87' lang='lat' dir='ltr'>Si</span> <span class='ocrx_word' id='word_1_172' title='bbox 1740 1146 1874 1182; x_wconf 84' lang='lat' dir='ltr'>canali-</span> 
     </span>
     <span class='ocr_line' id='line_1_18' title="bbox 274 1199 1868 1251; baseline -0.001 -10"><span class='ocrx_word' id='word_1_173' title='bbox 274 1204 405 1250; x_wconf 82' lang='lat' dir='ltr'>bus,ut</span> <span class='ocrx_word' id='word_1_174' title='bbox 417 1204 590 1241; x_wconf 69' lang='lat' dir='ltr'>structura</span> <span class='ocrx_word' id='word_1_175' title='bbox 603 1203 666 1240; x_wconf 87' lang='lat' dir='ltr'>fiat</span> <span class='ocrx_word' id='word_1_176' title='bbox 677 1214 788 1251; x_wconf 90' lang='lat' dir='ltr'>quam</span> <span class='ocrx_word' id='word_1_177' title='bbox 798 1201 1222 1250; x_wconf 83' lang='lat' dir='ltr'>solidiffima,solumque</span> <span class='ocrx_word' id='word_1_178' title='bbox 1231 1202 1297 1238; x_wconf 88' lang='lat' dir='ltr'>rivi</span> <span class='ocrx_word' id='word_1_179' title='bbox 1307 1199 1523 1237; x_wconf 84' lang='lat' dir='ltr'>libramenta</span> <span class='ocrx_word' id='word_1_180' title='bbox 1537 1199 1670 1237; x_wconf 82' lang='lat' dir='ltr'>habeat</span> <span class='ocrx_word' id='word_1_181' title='bbox 1681 1200 1868 1248; x_wconf 81' lang='lat' dir='ltr'>fastigiata,</span> 
     </span>
     <span class='ocr_line' id='line_1_19' title="bbox 275 1254 1873 1309; baseline -0.002 -12"><span class='ocrx_word' id='word_1_182' title='bbox 275 1273 325 1298; x_wconf 88' lang='lat' dir='ltr'>ne</span> <span class='ocrx_word' id='word_1_183' title='bbox 346 1262 468 1297; x_wconf 87' lang='lat' dir='ltr'>minus</span> <span class='ocrx_word' id='word_1_184' title='bbox 486 1260 522 1295; x_wconf 88' lang='lat' dir='ltr'>in</span> <span class='ocrx_word' id='word_1_185' title='bbox 537 1256 591 1307; x_wconf 86' lang='lat' dir='ltr'>[b]</span> <span class='ocrx_word' id='word_1_186' title='bbox 612 1269 789 1296; x_wconf 89' lang='lat' dir='ltr'>centenos</span> <span class='ocrx_word' id='word_1_187' title='bbox 807 1257 918 1309; x_wconf 89' lang='lat' dir='ltr'>pedes</span> <span class='ocrx_word' id='word_1_188' title='bbox 937 1257 1141 1308; x_wconf 82' lang='lat' dir='ltr'>semipede,</span> <span class='ocrx_word' id='word_1_189' title='bbox 1159 1268 1287 1306; x_wconf 85' lang='lat' dir='ltr'>eaeque</span> <span class='ocrx_word' id='word_1_190' title='bbox 1307 1255 1485 1293; x_wconf 64' lang='lat' dir='ltr'>structurae</span> <span class='ocrx_word' id='word_1_191' title='bbox 1500 1254 1813 1294; x_wconf 88' lang='lat' dir='ltr'>confornicentur</span> <span class='ocrx_word' id='word_1_192' title='bbox 1832 1265 1873 1294; x_wconf 92' lang='lat' dir='ltr'>ut</span> 
     </span>
    </p>
   </div>
   <div class='ocr_carea' id='block_1_7' title="bbox 274 1307 1875 1407">
    <p class='ocr_par' dir='ltr' id='par_1_7' title="bbox 274 1307 1875 1407">
     <span class='ocr_line' id='line_1_20' title="bbox 274 1307 1875 1365; baseline -0.002 -12"><span class='ocrx_word' id='word_1_193' title='bbox 274 1316 432 1354; x_wconf 87' lang='lat' dir='ltr'>minime</span> <span class='ocrx_word' id='word_1_194' title='bbox 443 1313 497 1352; x_wconf 91' lang='lat' dir='ltr'>sol</span> <span class='ocrx_word' id='word_1_195' title='bbox 509 1325 645 1363; x_wconf 85' lang='lat' dir='ltr'>aquam</span> <span class='ocrx_word' id='word_1_196' title='bbox 655 1324 794 1365; x_wconf 81' lang='lat' dir='ltr'>tangat.</span> <span class='ocrx_word' id='word_1_197' title='bbox 826 1315 1002 1364; x_wconf 89' lang='lat' dir='ltr'>Cumque</span> <span class='ocrx_word' id='word_1_198' title='bbox 1014 1315 1157 1353; x_wconf 88' lang='lat' dir='ltr'>venerit</span> <span class='ocrx_word' id='word_1_199' title='bbox 1167 1312 1212 1351; x_wconf 88' lang='lat' dir='ltr'>ad</span> <span class='ocrx_word' id='word_1_200' title='bbox 1222 1313 1366 1351; x_wconf 87' lang='lat' dir='ltr'>moenia</span> <span class='ocrx_word' id='word_1_201' title='bbox 1376 1341 1388 1357; x_wconf 87' lang='lat'><em>‚</em></span> <span class='ocrx_word' id='word_1_202' title='bbox 1409 1309 1586 1349; x_wconf 84' lang='lat' dir='ltr'>efficiatur</span> <span class='ocrx_word' id='word_1_203' title='bbox 1600 1307 1652 1363; x_wconf 93' lang='lat' dir='ltr'>[c]</span> <span class='ocrx_word' id='word_1_204' title='bbox 1667 1311 1875 1359; x_wconf 82' lang='lat' dir='ltr'>castellum,</span> 
     </span>
     <span class='ocr_line' id='line_1_21' title="bbox 1762 1370 1874 1407; baseline 0 -1"><span class='ocrx_word' id='word_1_205' title='bbox 1762 1370 1800 1406; x_wconf 70' lang='grc' dir='ltr'>ὃς</span> <span class='ocrx_word' id='word_1_206' title='bbox 1815 1380 1874 1407; x_wconf 90' lang='lat' dir='ltr'>ca-</span> 
     </span>
    </p>
   </div>
   <div class='ocr_carea' id='block_1_8' title="bbox 268 1435 1876 1784">
    <p class='ocr_par' dir='ltr' id='par_1_8' title="bbox 275 1435 756 1447">
     <span class='ocr_line' id='line_1_22' title="bbox 275 1435 756 1447; baseline -0.002 -4"><span class='ocrx_word' id='word_1_207' title='bbox 275 1435 756 1447; x_wconf 41' lang='grc' dir='ltr'>-ᾕ-,ῇ</span> 
     </span>
    </p>

    <p class='ocr_par' dir='ltr' id='par_1_9' title="bbox 274 1458 1876 1654">
     <span class='ocr_line' id='line_1_23' title="bbox 274 1458 1874 1504; baseline -0.002 -13"><span class='ocrx_word' id='word_1_208' title='bbox 274 1463 304 1498; x_wconf 78' lang='lat' dir='ltr'>d]</span> <span class='ocrx_word' id='word_1_209' title='bbox 333 1463 418 1491; x_wconf 87' lang='lat' dir='ltr'>Idem.</span> <span class='ocrx_word' id='word_1_210' title='bbox 438 1464 468 1492; x_wconf 88' lang='lat' dir='ltr'>Id</span> <span class='ocrx_word' id='word_1_211' title='bbox 479 1465 514 1492; x_wconf 90' lang='lat' dir='ltr'>est</span> <span class='ocrx_word' id='word_1_212' title='bbox 524 1485 530 1494; x_wconf 90' lang='lat'>.</span> <span class='ocrx_word' id='word_1_213' title='bbox 552 1463 645 1504; x_wconf 84' lang='lat' dir='ltr'>figutae</span> <span class='ocrx_word' id='word_1_214' title='bbox 653 1462 704 1492; x_wconf 81' lang='lat' dir='ltr'>effe</span> <span class='ocrx_word' id='word_1_215' title='bbox 716 1462 845 1492; x_wconf 80' lang='lat' dir='ltr'>rotundae.</span> <span class='ocrx_word' id='word_1_216' title='bbox 857 1463 923 1489; x_wconf 79' lang='lat' dir='ltr'>Eam</span> <span class='ocrx_word' id='word_1_217' title='bbox 930 1458 981 1489; x_wconf 82' lang='lat' dir='ltr'>effe</span> <span class='ocrx_word' id='word_1_218' title='bbox 991 1459 1104 1500; x_wconf 79' lang='lat' dir='ltr'>figuram</span> <span class='ocrx_word' id='word_1_219' title='bbox 1115 1470 1197 1499; x_wconf 79' lang='lat' dir='ltr'>aquae.</span> <span class='ocrx_word' id='word_1_220' title='bbox 1210 1460 1309 1488; x_wconf 89' lang='lat' dir='ltr'>indicio</span> <span class='ocrx_word' id='word_1_221' title='bbox 1319 1459 1377 1487; x_wconf 86' lang='lat' dir='ltr'>sunt</span> <span class='ocrx_word' id='word_1_222' title='bbox 1387 1459 1482 1497; x_wconf 82' lang='lat' dir='ltr'>pluviae</span> <span class='ocrx_word' id='word_1_223' title='bbox 1494 1480 1500 1490; x_wconf 89' lang='lat'>‚</span> <span class='ocrx_word' id='word_1_224' title='bbox 1510 1467 1595 1498; x_wconf 82' lang='lat' dir='ltr'>guttae</span> <span class='ocrx_word' id='word_1_225' title='bbox 1607 1459 1681 1486; x_wconf 84' lang='lat' dir='ltr'>roris.</span> <span class='ocrx_word' id='word_1_226' title='bbox 1704 1461 1775 1488; x_wconf 90' lang='lat' dir='ltr'>Cum</span> <span class='ocrx_word' id='word_1_227' title='bbox 1786 1460 1823 1488; x_wconf 85' lang='lat' dir='ltr'>ita</span> <span class='ocrx_word' id='word_1_228' title='bbox 1832 1469 1874 1488; x_wconf 80' lang='lat' dir='ltr'>res</span> 
     </span>
     <span class='ocr_line' id='line_1_24' title="bbox 316 1500 1876 1543; baseline -0.002 -11"><span class='ocrx_word' id='word_1_229' title='bbox 316 1503 422 1537; x_wconf 77' lang='lat' dir='ltr'>habear,</span> <span class='ocrx_word' id='word_1_230' title='bbox 431 1514 459 1533; x_wconf 91' lang='lat' dir='ltr'>ut</span> <span class='ocrx_word' id='word_1_231' title='bbox 469 1506 495 1531; x_wconf 89' lang='lat' dir='ltr'>in</span> <span class='ocrx_word' id='word_1_232' title='bbox 507 1503 673 1543; x_wconf 80' lang='lat' dir='ltr'>corporibus,</span> <span class='ocrx_word' id='word_1_233' title='bbox 685 1515 742 1543; x_wconf 82' lang='lat' dir='ltr'>quae</span> <span class='ocrx_word' id='word_1_234' title='bbox 753 1504 922 1543; x_wconf 78' lang='lat' dir='ltr'>homogenea</span> <span class='ocrx_word' id='word_1_235' title='bbox 937 1510 1035 1529; x_wconf 82' lang='lat' dir='ltr'>vocant</span> <span class='ocrx_word' id='word_1_236' title='bbox 1046 1522 1052 1532; x_wconf 84' lang='lat'>,</span> <span class='ocrx_word' id='word_1_237' title='bbox 1063 1510 1148 1540; x_wconf 87' lang='lat' dir='ltr'>partes</span> <span class='ocrx_word' id='word_1_238' title='bbox 1159 1500 1270 1529; x_wconf 78' lang='lat' dir='ltr'>(ibieam</span> <span class='ocrx_word' id='word_1_239' title='bbox 1280 1500 1393 1540; x_wconf 82' lang='lat' dir='ltr'>figuram</span> <span class='ocrx_word' id='word_1_240' title='bbox 1406 1500 1547 1527; x_wconf 79' lang='lat' dir='ltr'>vendicent</span> <span class='ocrx_word' id='word_1_241' title='bbox 1559 1521 1565 1530; x_wconf 85' lang='grc'>,</span> <span class='ocrx_word' id='word_1_242' title='bbox 1585 1509 1666 1538; x_wconf 87' lang='lat' dir='ltr'>quam</span> <span class='ocrx_word' id='word_1_243' title='bbox 1678 1508 1767 1529; x_wconf 89' lang='lat' dir='ltr'>totum</span> <span class='ocrx_word' id='word_1_244' title='bbox 1779 1500 1876 1539; x_wconf 86' lang='lat' dir='ltr'>ipsum.</span> 
     </span>
     <span class='ocr_line' id='line_1_25' title="bbox 314 1537 1874 1584; baseline -0.003 -11"><span class='ocrx_word' id='word_1_245' title='bbox 314 1545 446 1573; x_wconf 71' lang='lat' dir='ltr'>Praeterea</span> <span class='ocrx_word' id='word_1_246' title='bbox 455 1546 500 1584; x_wconf 89' lang='lat' dir='ltr'>qui</span> <span class='ocrx_word' id='word_1_247' title='bbox 512 1546 648 1584; x_wconf 74' lang='lat' dir='ltr'>navigant.</span> <span class='ocrx_word' id='word_1_248' title='bbox 662 1555 769 1584; x_wconf 86' lang='lat' dir='ltr'>propter</span> <span class='ocrx_word' id='word_1_249' title='bbox 777 1553 851 1582; x_wconf 79' lang='lat' dir='ltr'>aquae</span> <span class='ocrx_word' id='word_1_250' title='bbox 862 1551 998 1570; x_wconf 89' lang='lat' dir='ltr'>tumorem</span> <span class='ocrx_word' id='word_1_251' title='bbox 1011 1562 1018 1573; x_wconf 86' lang='lat'>‚</span> <span class='ocrx_word' id='word_1_252' title='bbox 1036 1551 1094 1581; x_wconf 65' lang='lat' dir='ltr'>quat</span> <span class='ocrx_word' id='word_1_253' title='bbox 1104 1542 1207 1570; x_wconf 88' lang='lat' dir='ltr'>eminus</span> <span class='ocrx_word' id='word_1_254' title='bbox 1219 1552 1272 1569; x_wconf 91' lang='lat' dir='ltr'>non</span> <span class='ocrx_word' id='word_1_255' title='bbox 1283 1542 1375 1569; x_wconf 83' lang='lat' dir='ltr'>vident</span> <span class='ocrx_word' id='word_1_256' title='bbox 1387 1561 1394 1572; x_wconf 93' lang='lat'>,</span> <span class='ocrx_word' id='word_1_257' title='bbox 1413 1540 1458 1568; x_wconf 91' lang='lat' dir='ltr'>ubi</span> <span class='ocrx_word' id='word_1_258' title='bbox 1470 1541 1575 1577; x_wconf 81' lang='lat' dir='ltr'>propius</span> <span class='ocrx_word' id='word_1_259' title='bbox 1587 1537 1750 1569; x_wconf 84' lang='lat' dir='ltr'>accefferunt</span> <span class='ocrx_word' id='word_1_260' title='bbox 1760 1562 1766 1572; x_wconf 92' lang='lat'>,</span> <span class='ocrx_word' id='word_1_261' title='bbox 1783 1541 1874 1569; x_wconf 82' lang='lat' dir='ltr'>videre</span> 
     </span>
     <span class='ocr_line' id='line_1_26' title="bbox 315 1579 1874 1624; baseline -0.001 -12"><span class='ocrx_word' id='word_1_262' title='bbox 315 1582 432 1623; x_wconf 83' lang='lat' dir='ltr'>poffunt.</span> <span class='ocrx_word' id='word_1_263' title='bbox 458 1586 507 1614; x_wconf 82' lang='lat' dir='ltr'>Sed</span> <span class='ocrx_word' id='word_1_264' title='bbox 520 1586 589 1619; x_wconf 89' lang='lat' dir='ltr'>vide,</span> <span class='ocrx_word' id='word_1_265' title='bbox 598 1586 615 1613; x_wconf 75' lang='lat' dir='ltr'>li</span> <span class='ocrx_word' id='word_1_266' title='bbox 626 1586 703 1624; x_wconf 86' lang='lat' dir='ltr'>plura</span> <span class='ocrx_word' id='word_1_267' title='bbox 712 1586 850 1615; x_wconf 71' lang='lat' dir='ltr'>derideres,</span> <span class='ocrx_word' id='word_1_268' title='bbox 860 1584 968 1612; x_wconf 84' lang='lat' dir='ltr'>Aristot.</span> <span class='ocrx_word' id='word_1_269' title='bbox 980 1582 1026 1611; x_wconf 88' lang='lat' dir='ltr'>lib.</span> <span class='ocrx_word' id='word_1_270' title='bbox 1040 1592 1075 1611; x_wconf 85' lang='lat'>11.</span> <span class='ocrx_word' id='word_1_271' title='bbox 1084 1582 1117 1612; x_wconf 85' lang='lat' dir='ltr'>de</span> <span class='ocrx_word' id='word_1_272' title='bbox 1128 1582 1212 1611; x_wconf 75' lang='lat' dir='ltr'>Coelo</span> <span class='ocrx_word' id='word_1_273' title='bbox 1224 1595 1231 1615; x_wconf 67' lang='grc' dir='ltr'><strong><em>ς</em></strong></span> <span class='ocrx_word' id='word_1_274' title='bbox 1245 1585 1318 1610; x_wconf 82' lang='lat' dir='ltr'>Ioan.</span> <span class='ocrx_word' id='word_1_275' title='bbox 1329 1580 1343 1609; x_wconf 72' lang='grc' dir='ltr'>ἑ,</span> <span class='ocrx_word' id='word_1_276' title='bbox 1355 1581 1514 1609; x_wconf 81' lang='lat' dir='ltr'>Sacrobusto</span> <span class='ocrx_word' id='word_1_277' title='bbox 1524 1591 1550 1609; x_wconf 90' lang='lat' dir='ltr'>in</span> <span class='ocrx_word' id='word_1_278' title='bbox 1559 1579 1735 1619; x_wconf 53' lang='lat' dir='ltr'>libsPhaerae,</span> <span class='ocrx_word' id='word_1_279' title='bbox 1748 1581 1874 1610; x_wconf 78' lang='lat' dir='ltr'>Strabon-</span> 
     </span>
     <span class='ocr_line' id='line_1_27' title="bbox 316 1626 547 1654; baseline 0.004 -1"><span class='ocrx_word' id='word_1_280' title='bbox 316 1626 362 1654; x_wconf 85' lang='lat' dir='ltr'>lib.</span> <span class='ocrx_word' id='word_1_281' title='bbox 375 1626 422 1653; x_wconf 90' lang='lat' dir='ltr'>ult.</span> <span class='ocrx_word' id='word_1_282' title='bbox 439 1630 463 1654; x_wconf 70' lang='grc' dir='ltr'>ὅ(</span> <span class='ocrx_word' id='word_1_283' title='bbox 474 1627 547 1654; x_wconf 82' lang='lat' dir='ltr'>alios.</span> 
     </span>
    </p>

    <p class='ocr_par' dir='ltr' id='par_1_10' title="bbox 274 1660 1872 1746">
     <span class='ocr_line' id='line_1_28' title="bbox 274 1660 1872 1705; baseline -0.001 -12"><span class='ocrx_word' id='word_1_284' title='bbox 274 1668 300 1702; x_wconf 83' lang='lat' dir='ltr'>e]</span> <span class='ocrx_word' id='word_1_285' title='bbox 333 1666 416 1694; x_wconf 84' lang='lat' dir='ltr'>Idem.</span> <span class='ocrx_word' id='word_1_286' title='bbox 440 1668 521 1695; x_wconf 85' lang='lat' dir='ltr'>Periit</span> <span class='ocrx_word' id='word_1_287' title='bbox 534 1667 589 1695; x_wconf 72' lang='lat' dir='ltr'>haec</span> <span class='ocrx_word' id='word_1_288' title='bbox 601 1666 751 1696; x_wconf 87' lang='lat' dir='ltr'>Vitruviani</span> <span class='ocrx_word' id='word_1_289' title='bbox 763 1664 927 1694; x_wconf 86' lang='lat' dir='ltr'>Chorobatis</span> <span class='ocrx_word' id='word_1_290' title='bbox 937 1663 1086 1705; x_wconf 70' lang='lat' dir='ltr'>designatio</span> <span class='ocrx_word' id='word_1_291' title='bbox 1099 1673 1160 1692; x_wconf 89' lang='lat' dir='ltr'>cutn</span> <span class='ocrx_word' id='word_1_292' title='bbox 1171 1663 1283 1692; x_wconf 82' lang='lat' dir='ltr'>caetetis.</span> <span class='ocrx_word' id='word_1_293' title='bbox 1305 1663 1373 1691; x_wconf 77' lang='lat' dir='ltr'>Haec</span> <span class='ocrx_word' id='word_1_294' title='bbox 1385 1661 1438 1691; x_wconf 89' lang='lat' dir='ltr'>ille.</span> <span class='ocrx_word' id='word_1_295' title='bbox 1458 1661 1552 1691; x_wconf 81' lang='lat' dir='ltr'>Habes</span> <span class='ocrx_word' id='word_1_296' title='bbox 1562 1660 1726 1692; x_wconf 65' lang='lat' dir='ltr'>Choreb-atis</span> <span class='ocrx_word' id='word_1_297' title='bbox 1733 1660 1872 1692; x_wconf 76' lang='lat' dir='ltr'>deforma-</span> 
     </span>
     <span class='ocr_line' id='line_1_29' title="bbox 318 1705 1211 1746; baseline -0.002 -13"><span class='ocrx_word' id='word_1_298' title='bbox 318 1708 421 1734; x_wconf 78' lang='lat' dir='ltr'>tionem</span> <span class='ocrx_word' id='word_1_299' title='bbox 431 1708 500 1746; x_wconf 77' lang='lat' dir='ltr'>apud</span> <span class='ocrx_word' id='word_1_300' title='bbox 512 1710 581 1736; x_wconf 68' lang='lat' dir='ltr'>Dan.</span> <span class='ocrx_word' id='word_1_301' title='bbox 594 1708 750 1739; x_wconf 78' lang='lat' dir='ltr'>Barbarum,</span> <span class='ocrx_word' id='word_1_302' title='bbox 761 1707 793 1735; x_wconf 82' lang='lat' dir='ltr'>ad</span> <span class='ocrx_word' id='word_1_303' title='bbox 801 1707 870 1735; x_wconf 91' lang='lat' dir='ltr'>hunc</span> <span class='ocrx_word' id='word_1_304' title='bbox 882 1706 983 1734; x_wconf 80' lang='lat' dir='ltr'>locum.</span> <span class='ocrx_word' id='word_1_305' title='bbox 1003 1705 1069 1733; x_wconf 82' lang='lat' dir='ltr'>Vide</span> <span class='ocrx_word' id='word_1_306' title='bbox 1079 1705 1211 1733; x_wconf 88' lang='lat' dir='ltr'>Lexicon.</span> 
     </span>
    </p>

    <p class='ocr_par' dir='ltr' id='par_1_11' title="bbox 268 1743 1456 1784">
     <span class='ocr_line' id='line_1_30' title="bbox 268 1743 1456 1784; baseline -0.002 -11"><span class='ocrx_word' id='word_1_307' title='bbox 268 1743 308 1782; x_wconf 87' lang='lat' dir='ltr'>f]</span> <span class='ocrx_word' id='word_1_308' title='bbox 339 1746 420 1774; x_wconf 81' lang='lat' dir='ltr'>Idem.</span> <span class='ocrx_word' id='word_1_309' title='bbox 449 1748 478 1775; x_wconf 86' lang='lat' dir='ltr'>ld</span> <span class='ocrx_word' id='word_1_310' title='bbox 488 1749 532 1781; x_wconf 83' lang='lat' dir='ltr'>est,</span> <span class='ocrx_word' id='word_1_311' title='bbox 544 1749 560 1776; x_wconf 79' lang='lat' dir='ltr'>fi</span> <span class='ocrx_word' id='word_1_312' title='bbox 570 1748 637 1777; x_wconf 82' lang='lat' dir='ltr'>altus</span> <span class='ocrx_word' id='word_1_313' title='bbox 648 1750 721 1778; x_wconf 90' lang='lat' dir='ltr'>locus</span> <span class='ocrx_word' id='word_1_314' title='bbox 732 1748 778 1780; x_wconf 84' lang='lat' dir='ltr'>est,</span> <span class='ocrx_word' id='word_1_315' title='bbox 788 1748 857 1776; x_wconf 88' lang='lat' dir='ltr'>unde</span> <span class='ocrx_word' id='word_1_316' title='bbox 866 1746 1017 1784; x_wconf 87' lang='lat' dir='ltr'>concipitur</span> <span class='ocrx_word' id='word_1_317' title='bbox 1027 1755 1102 1784; x_wconf 82' lang='lat' dir='ltr'>aqua,</span> <span class='ocrx_word' id='word_1_318' title='bbox 1114 1749 1138 1773; x_wconf 72' lang='grc' dir='ltr'>ὅ(</span> <span class='ocrx_word' id='word_1_319' title='bbox 1149 1745 1226 1774; x_wconf 85' lang='lat' dir='ltr'>latius</span> <span class='ocrx_word' id='word_1_320' title='bbox 1236 1746 1286 1774; x_wconf 86' lang='lat' dir='ltr'>erit</span> <span class='ocrx_word' id='word_1_321' title='bbox 1294 1744 1456 1774; x_wconf 83' lang='lat' dir='ltr'>deducenda.</span> 
     </span>
    </p>
   </div>
   <div class='ocr_carea' id='block_1_9' title="bbox 136 1794 1873 3009">
    <p class='ocr_par' dir='ltr' id='par_1_12' title="bbox 136 1794 1871 2159">
     <span class='ocr_line' id='line_1_31' title="bbox 136 1794 1868 1838; baseline -0.004 -10"><span class='ocrx_word' id='word_1_322' title='bbox 136 1803 266 1838; x_wconf 76' lang='lat' dir='ltr'>Cap.v111.</span> <span class='ocrx_word' id='word_1_323' title='bbox 276 1800 306 1834; x_wconf 83' lang='lat' dir='ltr'>a]</span> <span class='ocrx_word' id='word_1_324' title='bbox 335 1796 480 1826; x_wconf 83' lang='lat' dir='ltr'>Philander.</span> <span class='ocrx_word' id='word_1_325' title='bbox 504 1798 630 1826; x_wconf 78' lang='lat' dir='ltr'>Palladius</span> <span class='ocrx_word' id='word_1_326' title='bbox 641 1798 688 1826; x_wconf 88' lang='lat' dir='ltr'>lib.</span> <span class='ocrx_word' id='word_1_327' title='bbox 702 1809 738 1826; x_wconf 86' lang='lat' dir='ltr'>ix.</span> <span class='ocrx_word' id='word_1_328' title='bbox 749 1808 805 1837; x_wconf 85' lang='lat' dir='ltr'>cap.</span> <span class='ocrx_word' id='word_1_329' title='bbox 819 1807 854 1826; x_wconf 87' lang='lat' dir='ltr'>rr.</span> <span class='ocrx_word' id='word_1_330' title='bbox 863 1795 935 1826; x_wconf 78' lang='lat' dir='ltr'>addit</span> <span class='ocrx_word' id='word_1_331' title='bbox 945 1805 1068 1836; x_wconf 87' lang='lat' dir='ltr'>quartum</span> <span class='ocrx_word' id='word_1_332' title='bbox 1079 1805 1173 1836; x_wconf 82' lang='lat' dir='ltr'>genus,</span> <span class='ocrx_word' id='word_1_333' title='bbox 1182 1796 1283 1825; x_wconf 87' lang='lat' dir='ltr'>canales</span> <span class='ocrx_word' id='word_1_334' title='bbox 1294 1797 1409 1837; x_wconf 83' lang='lat' dir='ltr'>ligneos.</span> <span class='ocrx_word' id='word_1_335' title='bbox 1431 1799 1499 1822; x_wconf 84' lang='lat' dir='ltr'>Cum</span> <span class='ocrx_word' id='word_1_336' title='bbox 1510 1794 1633 1829; x_wconf 79' lang='lat' dir='ltr'>ducenda,</span> <span class='ocrx_word' id='word_1_337' title='bbox 1642 1795 1736 1834; x_wconf 88' lang='lat' dir='ltr'>inquit.</span> <span class='ocrx_word' id='word_1_338' title='bbox 1747 1794 1780 1829; x_wconf 80' lang='lat' dir='ltr'>est</span> <span class='ocrx_word' id='word_1_339' title='bbox 1789 1802 1868 1832; x_wconf 65' lang='lat' dir='ltr'>aqum,</span> 
     </span>
     <span class='ocr_line' id='line_1_32' title="bbox 317 1834 1871 1876; baseline -0.002 -12"><span class='ocrx_word' id='word_1_340' title='bbox 317 1839 420 1866; x_wconf 78' lang='lat' dir='ltr'>ducitur</span> <span class='ocrx_word' id='word_1_341' title='bbox 429 1837 567 1874; x_wconf 79' lang='lat' dir='ltr'>autfhrma</span> <span class='ocrx_word' id='word_1_342' title='bbox 573 1839 682 1873; x_wconf 66' lang='lat' dir='ltr'>strufflli</span> <span class='ocrx_word' id='word_1_343' title='bbox 688 1860 695 1872; x_wconf 85' lang='lat'><strong><em>‚</em></strong></span> <span class='ocrx_word' id='word_1_344' title='bbox 713 1847 761 1866; x_wconf 83' lang='lat' dir='ltr'>aut</span> <span class='ocrx_word' id='word_1_345' title='bbox 768 1837 995 1876; x_wconf 46' lang='lat' dir='ltr'>plumbeis-fistulis,</span> <span class='ocrx_word' id='word_1_346' title='bbox 1007 1844 1055 1863; x_wconf 83' lang='lat' dir='ltr'>aut</span> <span class='ocrx_word' id='word_1_347' title='bbox 1066 1836 1197 1864; x_wconf 66' lang='lat' dir='ltr'>canalibus</span> <span class='ocrx_word' id='word_1_348' title='bbox 1205 1837 1300 1873; x_wconf 76' lang='lat' dir='ltr'>ligneis,</span> <span class='ocrx_word' id='word_1_349' title='bbox 1312 1836 1486 1873; x_wconf 68' lang='lat' dir='ltr'>autfir‘liltbm</span> <span class='ocrx_word' id='word_1_350' title='bbox 1495 1834 1568 1862; x_wconf 69' lang='lat' dir='ltr'>tubis.</span> <span class='ocrx_word' id='word_1_351' title='bbox 1581 1837 1631 1864; x_wconf 92' lang='lat' dir='ltr'>Vbi</span> <span class='ocrx_word' id='word_1_352' title='bbox 1641 1834 1753 1864; x_wconf 84' lang='lat' dir='ltr'>formam</span> <span class='ocrx_word' id='word_1_353' title='bbox 1765 1835 1871 1863; x_wconf 64' lang='lat' dir='ltr'>struen-</span> 
     </span>
     <span class='ocr_line' id='line_1_33' title="bbox 316 1876 1870 1917; baseline -0.003 -10"><span class='ocrx_word' id='word_1_354' title='bbox 316 1879 378 1910; x_wconf 84' lang='lat' dir='ltr'>lem,</span> <span class='ocrx_word' id='word_1_355' title='bbox 391 1888 439 1917; x_wconf 87' lang='lat' dir='ltr'>pro</span> <span class='ocrx_word' id='word_1_356' title='bbox 450 1878 534 1906; x_wconf 85' lang='lat' dir='ltr'>canali</span> <span class='ocrx_word' id='word_1_357' title='bbox 545 1880 681 1906; x_wconf 79' lang='lat' dir='ltr'>constante</span> <span class='ocrx_word' id='word_1_358' title='bbox 694 1877 792 1906; x_wconf 85' lang='lat' dir='ltr'>fabrica</span> <span class='ocrx_word' id='word_1_359' title='bbox 801 1879 879 1906; x_wconf 86' lang='lat' dir='ltr'>dixit.</span> <span class='ocrx_word' id='word_1_360' title='bbox 899 1877 986 1904; x_wconf 79' lang='lat' dir='ltr'>AEreis</span> <span class='ocrx_word' id='word_1_361' title='bbox 996 1876 1085 1904; x_wconf 83' lang='lat' dir='ltr'>fistulis</span> <span class='ocrx_word' id='word_1_362' title='bbox 1095 1877 1201 1908; x_wconf 88' lang='lat' dir='ltr'>ducere,</span> <span class='ocrx_word' id='word_1_363' title='bbox 1214 1887 1306 1905; x_wconf 86' lang='lat' dir='ltr'>recens</span> <span class='ocrx_word' id='word_1_364' title='bbox 1317 1878 1468 1907; x_wconf 81' lang='lat' dir='ltr'>inventum,</span> <span class='ocrx_word' id='word_1_365' title='bbox 1481 1884 1528 1902; x_wconf 87' lang='lat' dir='ltr'>nec</span> <span class='ocrx_word' id='word_1_366' title='bbox 1539 1876 1605 1904; x_wconf 86' lang='lat' dir='ltr'>adeo</span> <span class='ocrx_word' id='word_1_367' title='bbox 1614 1877 1708 1904; x_wconf 88' lang='lat' dir='ltr'>tritum</span> <span class='ocrx_word' id='word_1_368' title='bbox 1722 1880 1761 1903; x_wconf 81' lang='lat'>:&amp;</span> <span class='ocrx_word' id='word_1_369' title='bbox 1773 1885 1870 1913; x_wconf 84' lang='lat' dir='ltr'>quam-</span> 
     </span>
     <span class='ocr_line' id='line_1_34' title="bbox 315 1913 1868 1958; baseline -0.003 -11"><span class='ocrx_word' id='word_1_370' title='bbox 315 1929 395 1958; x_wconf 85' lang='lat' dir='ltr'>quam</span> <span class='ocrx_word' id='word_1_371' title='bbox 406 1918 522 1957; x_wconf 84' lang='lat' dir='ltr'>plumbei</span> <span class='ocrx_word' id='word_1_372' title='bbox 536 1918 654 1957; x_wconf 82' lang='lat' dir='ltr'>longiori</span> <span class='ocrx_word' id='word_1_373' title='bbox 666 1927 788 1956; x_wconf 85' lang='lat' dir='ltr'>tempore</span> <span class='ocrx_word' id='word_1_374' title='bbox 796 1920 891 1946; x_wconf 84' lang='lat' dir='ltr'>durant</span> <span class='ocrx_word' id='word_1_375' title='bbox 903 1937 910 1947; x_wconf 84' lang='lat'><strong>.</strong></span> <span class='ocrx_word' id='word_1_376' title='bbox 921 1917 972 1944; x_wconf 87' lang='lat' dir='ltr'>hoc</span> <span class='ocrx_word' id='word_1_377' title='bbox 983 1916 1081 1944; x_wconf 84' lang='lat' dir='ltr'>habent</span> <span class='ocrx_word' id='word_1_378' title='bbox 1093 1917 1168 1948; x_wconf 80' lang='lat' dir='ltr'>mali,</span> <span class='ocrx_word' id='word_1_379' title='bbox 1188 1917 1259 1955; x_wconf 88' lang='lat' dir='ltr'>quod</span> <span class='ocrx_word' id='word_1_380' title='bbox 1268 1917 1286 1944; x_wconf 80' lang='lat' dir='ltr'>li</span> <span class='ocrx_word' id='word_1_381' title='bbox 1298 1915 1386 1945; x_wconf 86' lang='lat' dir='ltr'>cursus</span> <span class='ocrx_word' id='word_1_382' title='bbox 1397 1925 1470 1954; x_wconf 78' lang='lat' dir='ltr'>aquae</span> <span class='ocrx_word' id='word_1_383' title='bbox 1482 1916 1685 1956; x_wconf 81' lang='lat' dir='ltr'>interrumpitur</span> <span class='ocrx_word' id='word_1_384' title='bbox 1696 1937 1702 1947; x_wconf 90' lang='lat'><em>,</em></span> <span class='ocrx_word' id='word_1_385' title='bbox 1725 1913 1868 1944; x_wconf 72' lang='lat' dir='ltr'>efflorescit</span> 
     </span>
     <span class='ocr_line' id='line_1_35' title="bbox 315 1956 1871 1999; baseline -0.002 -12"><span class='ocrx_word' id='word_1_386' title='bbox 315 1970 417 1999; x_wconf 75' lang='lat' dir='ltr'>aerugO,</span> <span class='ocrx_word' id='word_1_387' title='bbox 430 1968 509 1997; x_wconf 81' lang='lat' dir='ltr'>quam</span> <span class='ocrx_word' id='word_1_388' title='bbox 519 1968 577 1996; x_wconf 78' lang='lat' dir='ltr'>quae</span> <span class='ocrx_word' id='word_1_389' title='bbox 585 1968 650 1997; x_wconf 86' lang='lat' dir='ltr'>aqua</span> <span class='ocrx_word' id='word_1_390' title='bbox 662 1958 773 1986; x_wconf 84' lang='lat' dir='ltr'>lambit,</span> <span class='ocrx_word' id='word_1_391' title='bbox 783 1957 897 1985; x_wconf 86' lang='lat' dir='ltr'>corradit</span> <span class='ocrx_word' id='word_1_392' title='bbox 909 1957 1039 1984; x_wconf 84' lang='lat' dir='ltr'>intestina.</span> <span class='ocrx_word' id='word_1_393' title='bbox 1062 1956 1196 1984; x_wconf 86' lang='lat' dir='ltr'>Plumbeis</span> <span class='ocrx_word' id='word_1_394' title='bbox 1208 1957 1260 1984; x_wconf 77' lang='lat' dir='ltr'>line</span> <span class='ocrx_word' id='word_1_395' title='bbox 1270 1966 1372 1995; x_wconf 77' lang='lat' dir='ltr'>magno</span> <span class='ocrx_word' id='word_1_396' title='bbox 1383 1963 1548 1983; x_wconf 84' lang='lat' dir='ltr'>nocumento</span> <span class='ocrx_word' id='word_1_397' title='bbox 1558 1958 1669 1985; x_wconf 72' lang='lat' dir='ltr'>utimur.</span> <span class='ocrx_word' id='word_1_398' title='bbox 1686 1957 1803 1996; x_wconf 81' lang='lat' dir='ltr'>alioquin</span> <span class='ocrx_word' id='word_1_399' title='bbox 1814 1966 1871 1984; x_wconf 86' lang='lat' dir='ltr'>non</span> 
     </span>
     <span class='ocr_line' id='line_1_36' title="bbox 315 1994 1871 2038; baseline -0.002 -10"><span class='ocrx_word' id='word_1_400' title='bbox 315 1999 522 2028; x_wconf 77' lang='lat' dir='ltr'>tamristularum</span> <span class='ocrx_word' id='word_1_401' title='bbox 534 2019 540 2031; x_wconf 89' lang='lat'>,</span> <span class='ocrx_word' id='word_1_402' title='bbox 557 2008 637 2037; x_wconf 78' lang='lat' dir='ltr'>quam</span> <span class='ocrx_word' id='word_1_403' title='bbox 648 2008 772 2036; x_wconf 83' lang='lat' dir='ltr'>aquatum</span> <span class='ocrx_word' id='word_1_404' title='bbox 783 1998 852 2026; x_wconf 89' lang='lat' dir='ltr'>vitio</span> <span class='ocrx_word' id='word_1_405' title='bbox 861 1997 885 2024; x_wconf 89' lang='lat' dir='ltr'>id</span> <span class='ocrx_word' id='word_1_406' title='bbox 895 1996 1002 2024; x_wconf 81' lang='lat' dir='ltr'>accidit.</span> <span class='ocrx_word' id='word_1_407' title='bbox 1025 1996 1146 2034; x_wconf 82' lang='lat' dir='ltr'>Qdam</span> <span class='ocrx_word' id='word_1_408' title='bbox 1164 1996 1232 2035; x_wconf 82' lang='lat' dir='ltr'>apud</span> <span class='ocrx_word' id='word_1_409' title='bbox 1242 1997 1401 2024; x_wconf 86' lang='lat' dir='ltr'>Frontinum</span> <span class='ocrx_word' id='word_1_410' title='bbox 1411 2005 1460 2034; x_wconf 87' lang='lat' dir='ltr'>pro</span> <span class='ocrx_word' id='word_1_411' title='bbox 1472 1994 1542 2024; x_wconf 85' lang='lat' dir='ltr'>tubis</span> <span class='ocrx_word' id='word_1_412' title='bbox 1551 1998 1640 2026; x_wconf 87' lang='lat' dir='ltr'>tuldos</span> <span class='ocrx_word' id='word_1_413' title='bbox 1650 1998 1715 2038; x_wconf 83' lang='lat' dir='ltr'>legit</span> <span class='ocrx_word' id='word_1_414' title='bbox 1729 2018 1735 2024; x_wconf 96' lang='lat'>.</span> <span class='ocrx_word' id='word_1_415' title='bbox 1755 1997 1824 2025; x_wconf 89' lang='lat' dir='ltr'>unde</span> <span class='ocrx_word' id='word_1_416' title='bbox 1844 2000 1871 2025; x_wconf 83' lang='lat'>&amp;</span> 
     </span>
     <span class='ocr_line' id='line_1_37' title="bbox 315 2036 1869 2078; baseline -0.003 -11"><span class='ocrx_word' id='word_1_417' title='bbox 315 2040 421 2068; x_wconf 83' lang='lat' dir='ltr'>Tullios</span> <span class='ocrx_word' id='word_1_418' title='bbox 431 2040 517 2068; x_wconf 78' lang='lat' dir='ltr'>diCtos</span> <span class='ocrx_word' id='word_1_419' title='bbox 529 2048 612 2077; x_wconf 84' lang='lat' dir='ltr'>putat,</span> <span class='ocrx_word' id='word_1_420' title='bbox 623 2039 746 2078; x_wconf 88' lang='lat' dir='ltr'>pudendo</span> <span class='ocrx_word' id='word_1_421' title='bbox 755 2048 843 2067; x_wconf 85' lang='lat' dir='ltr'>errore</span> <span class='ocrx_word' id='word_1_422' title='bbox 853 2059 859 2070; x_wconf 87' lang='lat'>,</span> <span class='ocrx_word' id='word_1_423' title='bbox 869 2046 913 2065; x_wconf 88' lang='lat' dir='ltr'>aut</span> <span class='ocrx_word' id='word_1_424' title='bbox 924 2037 1011 2075; x_wconf 86' lang='lat' dir='ltr'>potius</span> <span class='ocrx_word' id='word_1_425' title='bbox 1022 2037 1171 2075; x_wconf 79' lang='lat' dir='ltr'>geminam.</span> <span class='ocrx_word' id='word_1_426' title='bbox 1195 2039 1288 2075; x_wconf 82' lang='lat' dir='ltr'>Neque</span> <span class='ocrx_word' id='word_1_427' title='bbox 1299 2046 1388 2065; x_wconf 89' lang='lat' dir='ltr'>tamen</span> <span class='ocrx_word' id='word_1_428' title='bbox 1401 2046 1442 2063; x_wconf 81' lang='lat' dir='ltr'>m:</span> <span class='ocrx_word' id='word_1_429' title='bbox 1454 2036 1519 2063; x_wconf 85' lang='lat' dir='ltr'>latet</span> <span class='ocrx_word' id='word_1_430' title='bbox 1533 2056 1540 2068; x_wconf 86' lang='lat'>‚</span> <span class='ocrx_word' id='word_1_431' title='bbox 1565 2039 1627 2077; x_wconf 77' lang='lat' dir='ltr'>quid</span> <span class='ocrx_word' id='word_1_432' title='bbox 1639 2038 1670 2066; x_wconf 81' lang='lat' dir='ltr'>de</span> <span class='ocrx_word' id='word_1_433' title='bbox 1680 2038 1761 2066; x_wconf 68' lang='lat' dir='ltr'>talliis</span> <span class='ocrx_word' id='word_1_434' title='bbox 1773 2037 1869 2065; x_wconf 74' lang='lat' dir='ltr'>scribat</span> 
     </span>
     <span class='ocr_line' id='line_1_38' title="bbox 313 2074 1871 2118; baseline -0.001 -9"><span class='ocrx_word' id='word_1_435' title='bbox 313 2080 541 2118; x_wconf 85' lang='lat' dir='ltr'>Sext.P0mpejus.</span> <span class='ocrx_word' id='word_1_436' title='bbox 555 2081 670 2118; x_wconf 85' lang='lat' dir='ltr'>Procop.</span> <span class='ocrx_word' id='word_1_437' title='bbox 679 2079 724 2107; x_wconf 87' lang='lat' dir='ltr'>lib.</span> <span class='ocrx_word' id='word_1_438' title='bbox 739 2089 758 2107; x_wconf 81' lang='lat'>1.</span> <span class='ocrx_word' id='word_1_439' title='bbox 772 2079 862 2111; x_wconf 86' lang='lat' dir='ltr'>tradit,</span> <span class='ocrx_word' id='word_1_440' title='bbox 874 2080 970 2107; x_wconf 76' lang='lat' dir='ltr'>Roma:</span> <span class='ocrx_word' id='word_1_441' title='bbox 980 2077 1182 2115; x_wconf 85' lang='lat' dir='ltr'>quatuordecim</span> <span class='ocrx_word' id='word_1_442' title='bbox 1191 2077 1359 2115; x_wconf 70' lang='lat' dir='ltr'>aquaeduc‘tus</span> <span class='ocrx_word' id='word_1_443' title='bbox 1370 2074 1446 2106; x_wconf 81' lang='lat' dir='ltr'>fuisse</span> <span class='ocrx_word' id='word_1_444' title='bbox 1459 2086 1490 2104; x_wconf 86' lang='lat' dir='ltr'>ex</span> <span class='ocrx_word' id='word_1_445' title='bbox 1501 2078 1581 2107; x_wconf 66' lang='lat' dir='ltr'>costo</span> <span class='ocrx_word' id='word_1_446' title='bbox 1591 2080 1683 2113; x_wconf 87' lang='lat' dir='ltr'>latere,</span> <span class='ocrx_word' id='word_1_447' title='bbox 1692 2078 1871 2108; x_wconf 83' lang='lat' dir='ltr'>calatitudine</span> 
     </span>
     <span class='ocr_line' id='line_1_39' title="bbox 315 2116 1256 2159; baseline -0.005 -10"><span class='ocrx_word' id='word_1_448' title='bbox 315 2131 345 2150; x_wconf 87' lang='lat' dir='ltr'>ac</span> <span class='ocrx_word' id='word_1_449' title='bbox 357 2118 547 2159; x_wconf 77' lang='lat' dir='ltr'>profunditate,</span> <span class='ocrx_word' id='word_1_450' title='bbox 556 2128 585 2148; x_wconf 89' lang='lat' dir='ltr'>ut</span> <span class='ocrx_word' id='word_1_451' title='bbox 596 2120 713 2158; x_wconf 85' lang='lat' dir='ltr'>equester</span> <span class='ocrx_word' id='word_1_452' title='bbox 725 2120 764 2148; x_wconf 88' lang='lat' dir='ltr'>vir</span> <span class='ocrx_word' id='word_1_453' title='bbox 775 2129 837 2147; x_wconf 87' lang='lat' dir='ltr'>curn</span> <span class='ocrx_word' id='word_1_454' title='bbox 850 2128 920 2156; x_wconf 89' lang='lat' dir='ltr'>equo</span> <span class='ocrx_word' id='word_1_455' title='bbox 931 2128 976 2156; x_wconf 84' lang='lat' dir='ltr'>per</span> <span class='ocrx_word' id='word_1_456' title='bbox 986 2128 1032 2145; x_wconf 88' lang='lat' dir='ltr'>eos</span> <span class='ocrx_word' id='word_1_457' title='bbox 1041 2117 1151 2145; x_wconf 83' lang='lat' dir='ltr'>evadere</span> <span class='ocrx_word' id='word_1_458' title='bbox 1161 2116 1256 2156; x_wconf 86' lang='lat' dir='ltr'>poffet.</span> 
     </span>
    </p>

    <p class='ocr_par' dir='ltr' id='par_1_13' title="bbox 275 2158 1872 2352">
     <span class='ocr_line' id='line_1_40' title="bbox 275 2158 1871 2200; baseline -0.001 -10"><span class='ocrx_word' id='word_1_459' title='bbox 275 2162 304 2198; x_wconf 83' lang='lat' dir='ltr'>b]</span> <span class='ocrx_word' id='word_1_460' title='bbox 337 2163 421 2190; x_wconf 91' lang='lat' dir='ltr'>ldem.</span> <span class='ocrx_word' id='word_1_461' title='bbox 442 2160 598 2199; x_wconf 81' lang='lat' dir='ltr'>Sesquipede</span> <span class='ocrx_word' id='word_1_462' title='bbox 608 2160 730 2188; x_wconf 85' lang='lat' dir='ltr'>scribitur</span> <span class='ocrx_word' id='word_1_463' title='bbox 741 2161 767 2187; x_wconf 91' lang='lat' dir='ltr'>in</span> <span class='ocrx_word' id='word_1_464' title='bbox 779 2160 896 2187; x_wconf 72' lang='lat' dir='ltr'>Palladio</span> <span class='ocrx_word' id='word_1_465' title='bbox 904 2158 977 2187; x_wconf 61' lang='lat' dir='ltr'>dieto</span> <span class='ocrx_word' id='word_1_466' title='bbox 988 2158 1058 2186; x_wconf 88' lang='lat' dir='ltr'>loco.</span> <span class='ocrx_word' id='word_1_467' title='bbox 1072 2158 1107 2185; x_wconf 91' lang='lat' dir='ltr'>ita</span> <span class='ocrx_word' id='word_1_468' title='bbox 1115 2159 1186 2186; x_wconf 90' lang='lat' dir='ltr'>enim</span> <span class='ocrx_word' id='word_1_469' title='bbox 1195 2159 1232 2186; x_wconf 83' lang='lat' dir='ltr'>ait</span> <span class='ocrx_word' id='word_1_470' title='bbox 1246 2171 1252 2191; x_wconf 74' lang='lat'>3</span> <span class='ocrx_word' id='word_1_471' title='bbox 1269 2158 1287 2186; x_wconf 84' lang='lat' dir='ltr'>fi</span> <span class='ocrx_word' id='word_1_472' title='bbox 1298 2169 1343 2197; x_wconf 88' lang='lat' dir='ltr'>per</span> <span class='ocrx_word' id='word_1_473' title='bbox 1353 2159 1460 2197; x_wconf 85' lang='lat' dir='ltr'>planum</span> <span class='ocrx_word' id='word_1_474' title='bbox 1469 2160 1568 2192; x_wconf 80' lang='lat' dir='ltr'>veniet,</span> <span class='ocrx_word' id='word_1_475' title='bbox 1578 2159 1649 2188; x_wconf 82' lang='lat' dir='ltr'>inter</span> <span class='ocrx_word' id='word_1_476' title='bbox 1658 2159 1812 2200; x_wconf 82' lang='lat' dir='ltr'>sexagenos,</span> <span class='ocrx_word' id='word_1_477' title='bbox 1825 2168 1871 2189; x_wconf 83' lang='lat' dir='ltr'>aut</span> 
     </span>
     <span class='ocr_line' id='line_1_41' title="bbox 308 2197 1872 2240; baseline -0.001 -10"><span class='ocrx_word' id='word_1_478' title='bbox 308 2211 436 2231; x_wconf 86' lang='lat' dir='ltr'>centenos</span> <span class='ocrx_word' id='word_1_479' title='bbox 448 2201 525 2240; x_wconf 87' lang='lat' dir='ltr'>pedes</span> <span class='ocrx_word' id='word_1_480' title='bbox 536 2200 626 2228; x_wconf 74' lang='lat' dir='ltr'>sentim</span> <span class='ocrx_word' id='word_1_481' title='bbox 637 2201 779 2229; x_wconf 87' lang='lat' dir='ltr'>reclinetur</span> <span class='ocrx_word' id='word_1_482' title='bbox 789 2200 917 2228; x_wconf 68' lang='lat' dir='ltr'>structura</span> <span class='ocrx_word' id='word_1_483' title='bbox 927 2199 951 2225; x_wconf 83' lang='lat' dir='ltr'>iri</span> <span class='ocrx_word' id='word_1_484' title='bbox 963 2197 1160 2237; x_wconf 83' lang='lat' dir='ltr'>sesquipedem,</span> <span class='ocrx_word' id='word_1_485' title='bbox 1173 2207 1201 2226; x_wconf 93' lang='lat' dir='ltr'>ut</span> <span class='ocrx_word' id='word_1_486' title='bbox 1212 2200 1266 2227; x_wconf 89' lang='lat' dir='ltr'>vim</span> <span class='ocrx_word' id='word_1_487' title='bbox 1277 2197 1356 2237; x_wconf 82' lang='lat' dir='ltr'>poffit</span> <span class='ocrx_word' id='word_1_488' title='bbox 1367 2200 1462 2229; x_wconf 85' lang='lat' dir='ltr'>habere</span> <span class='ocrx_word' id='word_1_489' title='bbox 1473 2201 1604 2229; x_wconf 85' lang='lat' dir='ltr'>currendi.</span> <span class='ocrx_word' id='word_1_490' title='bbox 1629 2203 1725 2240; x_wconf 83' lang='lat' dir='ltr'>Longe</span> <span class='ocrx_word' id='word_1_491' title='bbox 1733 2201 1808 2230; x_wconf 87' lang='lat' dir='ltr'>aliter</span> <span class='ocrx_word' id='word_1_492' title='bbox 1818 2211 1872 2229; x_wconf 89' lang='lat' dir='ltr'>no-</span> 
     </span>
     <span class='ocr_line' id='line_1_42' title="bbox 308 2238 1872 2281; baseline -0.001 -11"><span class='ocrx_word' id='word_1_493' title='bbox 308 2244 365 2271; x_wconf 83' lang='lat' dir='ltr'>strae</span> <span class='ocrx_word' id='word_1_494' title='bbox 374 2243 457 2270; x_wconf 76' lang='lat' dir='ltr'>aetatis</span> <span class='ocrx_word' id='word_1_495' title='bbox 468 2241 624 2269; x_wconf 82' lang='lat' dir='ltr'>libratores:</span> <span class='ocrx_word' id='word_1_496' title='bbox 650 2242 748 2269; x_wconf 83' lang='lat' dir='ltr'>namin</span> <span class='ocrx_word' id='word_1_497' title='bbox 759 2240 897 2268; x_wconf 86' lang='lat' dir='ltr'>sexcentos</span> <span class='ocrx_word' id='word_1_498' title='bbox 906 2238 984 2277; x_wconf 86' lang='lat' dir='ltr'>pedes</span> <span class='ocrx_word' id='word_1_499' title='bbox 995 2249 1077 2266; x_wconf 89' lang='lat' dir='ltr'>unum</span> <span class='ocrx_word' id='word_1_500' title='bbox 1088 2247 1193 2267; x_wconf 86' lang='lat' dir='ltr'>tantum</span> <span class='ocrx_word' id='word_1_501' title='bbox 1205 2240 1329 2277; x_wconf 86' lang='lat' dir='ltr'>pollicem</span> <span class='ocrx_word' id='word_1_502' title='bbox 1336 2240 1499 2279; x_wconf 87' lang='lat' dir='ltr'>deprimunt.</span> <span class='ocrx_word' id='word_1_503' title='bbox 1508 2241 1580 2280; x_wconf 87' lang='lat' dir='ltr'>quod</span> <span class='ocrx_word' id='word_1_504' title='bbox 1592 2241 1660 2269; x_wconf 78' lang='lat' dir='ltr'>haud</span> <span class='ocrx_word' id='word_1_505' title='bbox 1670 2241 1725 2269; x_wconf 90' lang='lat' dir='ltr'>scio</span> <span class='ocrx_word' id='word_1_506' title='bbox 1734 2252 1766 2269; x_wconf 84' lang='lat' dir='ltr'>an</span> <span class='ocrx_word' id='word_1_507' title='bbox 1778 2252 1872 2281; x_wconf 88' lang='lat' dir='ltr'>perpe-</span> 
     </span>
     <span class='ocr_line' id='line_1_43' title="bbox 311 2279 1870 2323; baseline 0.001 -13"><span class='ocrx_word' id='word_1_508' title='bbox 311 2292 390 2311; x_wconf 87' lang='lat' dir='ltr'>tuum</span> <span class='ocrx_word' id='word_1_509' title='bbox 400 2280 450 2310; x_wconf 83' lang='lat' dir='ltr'>effe</span> <span class='ocrx_word' id='word_1_510' title='bbox 461 2279 549 2320; x_wconf 78' lang='lat' dir='ltr'>possit.</span> <span class='ocrx_word' id='word_1_511' title='bbox 568 2281 664 2310; x_wconf 87' lang='lat' dir='ltr'>Scribit</span> <span class='ocrx_word' id='word_1_512' title='bbox 678 2291 767 2310; x_wconf 86' lang='lat' dir='ltr'>aurem</span> <span class='ocrx_word' id='word_1_513' title='bbox 777 2280 898 2309; x_wconf 83' lang='lat' dir='ltr'>Plin.lib.</span> <span class='ocrx_word' id='word_1_514' title='bbox 911 2289 988 2308; x_wconf 82' lang='lat' dir='ltr'>xxxi.</span> <span class='ocrx_word' id='word_1_515' title='bbox 999 2289 1056 2319; x_wconf 80' lang='lat' dir='ltr'>cap.</span> <span class='ocrx_word' id='word_1_516' title='bbox 1069 2285 1095 2307; x_wconf 88' lang='lat'>6.</span> <span class='ocrx_word' id='word_1_517' title='bbox 1109 2290 1204 2319; x_wconf 80' lang='lat' dir='ltr'>aquam</span> <span class='ocrx_word' id='word_1_518' title='bbox 1213 2280 1299 2308; x_wconf 86' lang='lat' dir='ltr'>subire</span> <span class='ocrx_word' id='word_1_519' title='bbox 1306 2280 1476 2310; x_wconf 78' lang='lat' dir='ltr'>altitudinem</span> <span class='ocrx_word' id='word_1_520' title='bbox 1484 2291 1593 2311; x_wconf 80' lang='lat' dir='ltr'>exortus</span> <span class='ocrx_word' id='word_1_521' title='bbox 1604 2281 1641 2312; x_wconf 85' lang='lat' dir='ltr'>sui</span> <span class='ocrx_word' id='word_1_522' title='bbox 1653 2303 1660 2316; x_wconf 88' lang='lat'>,</span> <span class='ocrx_word' id='word_1_523' title='bbox 1679 2282 1724 2310; x_wconf 86' lang='lat' dir='ltr'>etfi</span> <span class='ocrx_word' id='word_1_524' title='bbox 1741 2282 1870 2323; x_wconf 80' lang='lat' dir='ltr'>longiore</span> 
     </span>
     <span class='ocr_line' id='line_1_44' title="bbox 310 2323 503 2352; baseline -0.016 0"><span class='ocrx_word' id='word_1_525' title='bbox 310 2324 397 2352; x_wconf 67' lang='lat' dir='ltr'>tractu</span> <span class='ocrx_word' id='word_1_526' title='bbox 407 2323 503 2351; x_wconf 79' lang='lat' dir='ltr'>veniat.</span> 
     </span>
    </p>

    <p class='ocr_par' dir='ltr' id='par_1_14' title="bbox 273 2360 1873 3009">
     <span class='ocr_line' id='line_1_45' title="bbox 273 2360 1872 2403; baseline -0.001 -10"><span class='ocrx_word' id='word_1_527' title='bbox 273 2367 298 2401; x_wconf 84' lang='lat' dir='ltr'>c]</span> <span class='ocrx_word' id='word_1_528' title='bbox 334 2364 418 2392; x_wconf 88' lang='lat' dir='ltr'>ldem.</span> <span class='ocrx_word' id='word_1_529' title='bbox 443 2364 585 2392; x_wconf 83' lang='lat' dir='ltr'>Castellum</span> <span class='ocrx_word' id='word_1_530' title='bbox 595 2364 790 2403; x_wconf 77' lang='lat' dir='ltr'>receptaculum</span> <span class='ocrx_word' id='word_1_531' title='bbox 802 2363 837 2391; x_wconf 85' lang='lat' dir='ltr'>est</span> <span class='ocrx_word' id='word_1_532' title='bbox 849 2383 856 2395; x_wconf 90' lang='lat'>,</span> <span class='ocrx_word' id='word_1_533' title='bbox 877 2361 950 2401; x_wconf 85' lang='lat' dir='ltr'>quod</span> <span class='ocrx_word' id='word_1_534' title='bbox 961 2371 1057 2401; x_wconf 87' lang='lat' dir='ltr'>aquam</span> <span class='ocrx_word' id='word_1_535' title='bbox 1069 2360 1202 2400; x_wconf 76' lang='lat' dir='ltr'>publicam</span> <span class='ocrx_word' id='word_1_536' title='bbox 1213 2361 1307 2402; x_wconf 85' lang='lat' dir='ltr'>recipit</span> <span class='ocrx_word' id='word_1_537' title='bbox 1317 2383 1324 2395; x_wconf 84' lang='grc'>,</span> <span class='ocrx_word' id='word_1_538' title='bbox 1345 2372 1438 2392; x_wconf 83' lang='lat' dir='ltr'>autore</span> <span class='ocrx_word' id='word_1_539' title='bbox 1446 2364 1562 2403; x_wconf 83' lang='lat' dir='ltr'>leiano</span> <span class='ocrx_word' id='word_1_540' title='bbox 1581 2362 1705 2392; x_wconf 73' lang='lat' dir='ltr'>Pandect.</span> <span class='ocrx_word' id='word_1_541' title='bbox 1717 2361 1765 2391; x_wconf 91' lang='lat' dir='ltr'>lib.</span> <span class='ocrx_word' id='word_1_542' title='bbox 1776 2371 1821 2397; x_wconf 78' lang='lat'>43.</span> <span class='ocrx_word' id='word_1_543' title='bbox 1837 2361 1872 2391; x_wconf 89' lang='lat' dir='ltr'>de</span> 
     </span>
     <span class='ocr_line' id='line_1_46' title="bbox 312 2400 1870 2444; baseline -0.001 -11"><span class='ocrx_word' id='word_1_544' title='bbox 312 2415 379 2444; x_wconf 76' lang='lat' dir='ltr'>aqua</span> <span class='ocrx_word' id='word_1_545' title='bbox 396 2404 499 2443; x_wconf 82' lang='lat' dir='ltr'>quotid.</span> <span class='ocrx_word' id='word_1_546' title='bbox 512 2408 535 2432; x_wconf 67' lang='lat'>8&lt;</span> <span class='ocrx_word' id='word_1_547' title='bbox 546 2405 641 2433; x_wconf 82' lang='lat' dir='ltr'>aestiva.</span> <span class='ocrx_word' id='word_1_548' title='bbox 664 2404 762 2433; x_wconf 85' lang='lat' dir='ltr'>Scribit</span> <span class='ocrx_word' id='word_1_549' title='bbox 781 2404 855 2431; x_wconf 61' lang='lat' dir='ltr'>Sext.</span> <span class='ocrx_word' id='word_1_550' title='bbox 864 2403 1006 2441; x_wconf 86' lang='lat' dir='ltr'>Pompejus</span> <span class='ocrx_word' id='word_1_551' title='bbox 1016 2423 1023 2433; x_wconf 93' lang='lat'><em>‚</em></span> <span class='ocrx_word' id='word_1_552' title='bbox 1035 2402 1176 2431; x_wconf 82' lang='lat' dir='ltr'>dividicula</span> <span class='ocrx_word' id='word_1_553' title='bbox 1187 2400 1261 2431; x_wconf 83' lang='lat' dir='ltr'>fuisse</span> <span class='ocrx_word' id='word_1_554' title='bbox 1272 2424 1279 2434; x_wconf 92' lang='lat'><em>,</em></span> <span class='ocrx_word' id='word_1_555' title='bbox 1291 2413 1349 2441; x_wconf 76' lang='lat' dir='ltr'>quae</span> <span class='ocrx_word' id='word_1_556' title='bbox 1361 2414 1430 2432; x_wconf 92' lang='lat' dir='ltr'>nunc</span> <span class='ocrx_word' id='word_1_557' title='bbox 1446 2404 1503 2432; x_wconf 89' lang='lat' dir='ltr'>sunt</span> <span class='ocrx_word' id='word_1_558' title='bbox 1512 2404 1622 2434; x_wconf 83' lang='lat' dir='ltr'>castella,</span> <span class='ocrx_word' id='word_1_559' title='bbox 1636 2414 1667 2431; x_wconf 88' lang='lat' dir='ltr'>ex</span> <span class='ocrx_word' id='word_1_560' title='bbox 1677 2403 1772 2442; x_wconf 90' lang='lat' dir='ltr'>quibus</span> <span class='ocrx_word' id='word_1_561' title='bbox 1781 2403 1796 2432; x_wconf 66' lang='lat' dir='ltr'>ai</span> <span class='ocrx_word' id='word_1_562' title='bbox 1809 2405 1870 2431; x_wconf 89' lang='lat' dir='ltr'>rivo</span> 
     </span>
     <span class='ocr_line' id='line_1_47' title="bbox 315 2442 1873 2483; baseline -0.001 -10"><span class='ocrx_word' id='word_1_563' title='bbox 315 2445 457 2473; x_wconf 89' lang='lat' dir='ltr'>communi</span> <span class='ocrx_word' id='word_1_564' title='bbox 466 2454 558 2483; x_wconf 80' lang='lat' dir='ltr'>aquam</span> <span class='ocrx_word' id='word_1_565' title='bbox 570 2444 676 2483; x_wconf 84' lang='lat' dir='ltr'>quisque</span> <span class='ocrx_word' id='word_1_566' title='bbox 691 2446 717 2472; x_wconf 92' lang='lat' dir='ltr'>in</span> <span class='ocrx_word' id='word_1_567' title='bbox 728 2444 802 2472; x_wconf 88' lang='lat' dir='ltr'>suum</span> <span class='ocrx_word' id='word_1_568' title='bbox 813 2442 925 2472; x_wconf 89' lang='lat' dir='ltr'>fundum</span> <span class='ocrx_word' id='word_1_569' title='bbox 935 2444 1019 2471; x_wconf 88' lang='lat' dir='ltr'>ducit.</span> <span class='ocrx_word' id='word_1_570' title='bbox 1040 2444 1137 2471; x_wconf 81' lang='lat' dir='ltr'>Extant</span> <span class='ocrx_word' id='word_1_571' title='bbox 1148 2443 1230 2471; x_wconf 87' lang='lat' dir='ltr'>etiam</span> <span class='ocrx_word' id='word_1_572' title='bbox 1239 2444 1265 2471; x_wconf 92' lang='lat' dir='ltr'>in</span> <span class='ocrx_word' id='word_1_573' title='bbox 1277 2443 1344 2472; x_wconf 86' lang='lat' dir='ltr'>hanc</span> <span class='ocrx_word' id='word_1_574' title='bbox 1353 2444 1424 2472; x_wconf 86' lang='lat' dir='ltr'>diem</span> <span class='ocrx_word' id='word_1_575' title='bbox 1443 2447 1540 2474; x_wconf 81' lang='lat' dir='ltr'>Romae</span> <span class='ocrx_word' id='word_1_576' title='bbox 1550 2444 1653 2473; x_wconf 75' lang='lat' dir='ltr'>castella</span> <span class='ocrx_word' id='word_1_577' title='bbox 1663 2445 1689 2472; x_wconf 91' lang='lat' dir='ltr'>in</span> <span class='ocrx_word' id='word_1_578' title='bbox 1704 2444 1873 2483; x_wconf 72' lang='lat' dir='ltr'>aquaedusti-</span> 
     </span>
     <span class='ocr_line' id='line_1_48' title="bbox 315 2483 1871 2525; baseline -0.001 -11"><span class='ocrx_word' id='word_1_579' title='bbox 315 2485 364 2514; x_wconf 85' lang='lat' dir='ltr'>bus</span> <span class='ocrx_word' id='word_1_580' title='bbox 375 2506 382 2518; x_wconf 94' lang='lat'>,</span> <span class='ocrx_word' id='word_1_581' title='bbox 401 2487 521 2525; x_wconf 80' lang='lat' dir='ltr'>quamvis</span> <span class='ocrx_word' id='word_1_582' title='bbox 530 2485 689 2513; x_wconf 77' lang='lat' dir='ltr'>semidiruta.</span> <span class='ocrx_word' id='word_1_583' title='bbox 711 2488 838 2524; x_wconf 83' lang='lat' dir='ltr'>Qorum</span> <span class='ocrx_word' id='word_1_584' title='bbox 849 2485 965 2522; x_wconf 88' lang='lat' dir='ltr'>quinque</span> <span class='ocrx_word' id='word_1_585' title='bbox 986 2483 1093 2522; x_wconf 88' lang='lat' dir='ltr'>quidem</span> <span class='ocrx_word' id='word_1_586' title='bbox 1104 2483 1234 2511; x_wconf 82' lang='lat' dir='ltr'>vidimus:</span> <span class='ocrx_word' id='word_1_587' title='bbox 1257 2485 1283 2512; x_wconf 88' lang='lat' dir='ltr'>in</span> <span class='ocrx_word' id='word_1_588' title='bbox 1296 2485 1388 2512; x_wconf 72' lang='lat' dir='ltr'>Coelio</span> <span class='ocrx_word' id='word_1_589' title='bbox 1405 2494 1499 2513; x_wconf 90' lang='lat' dir='ltr'>monte</span> <span class='ocrx_word' id='word_1_590' title='bbox 1510 2485 1556 2514; x_wconf 84' lang='lat' dir='ltr'>sub</span> <span class='ocrx_word' id='word_1_591' title='bbox 1565 2495 1639 2524; x_wconf 66' lang='lat' dir='ltr'>aqua:</span> <span class='ocrx_word' id='word_1_592' title='bbox 1657 2485 1777 2513; x_wconf 82' lang='lat' dir='ltr'>Claudiae</span> <span class='ocrx_word' id='word_1_593' title='bbox 1787 2485 1871 2513; x_wconf 61' lang='lat' dir='ltr'>ductu</span> 
     </span>
     <span class='ocr_line' id='line_1_49' title="bbox 314 2523 1871 2564; baseline -0.001 -10"><span class='ocrx_word' id='word_1_594' title='bbox 314 2536 398 2554; x_wconf 86' lang='lat' dir='ltr'>unum</span> <span class='ocrx_word' id='word_1_595' title='bbox 407 2548 413 2559; x_wconf 82' lang='lat'>,</span> <span class='ocrx_word' id='word_1_596' title='bbox 433 2525 501 2554; x_wconf 81' lang='lat' dir='ltr'>haud</span> <span class='ocrx_word' id='word_1_597' title='bbox 514 2526 606 2564; x_wconf 88' lang='lat' dir='ltr'>procul</span> <span class='ocrx_word' id='word_1_598' title='bbox 617 2526 631 2554; x_wconf 74' lang='lat'>:2</span> <span class='ocrx_word' id='word_1_599' title='bbox 642 2526 714 2554; x_wconf 77' lang='lat' dir='ltr'>curia</span> <span class='ocrx_word' id='word_1_600' title='bbox 725 2525 838 2552; x_wconf 79' lang='lat' dir='ltr'>Hostilia</span> <span class='ocrx_word' id='word_1_601' title='bbox 850 2545 857 2556; x_wconf 88' lang='lat'><strong>‚</strong></span> <span class='ocrx_word' id='word_1_602' title='bbox 876 2524 900 2552; x_wconf 91' lang='lat' dir='ltr'>id</span> <span class='ocrx_word' id='word_1_603' title='bbox 909 2526 943 2552; x_wconf 88' lang='lat' dir='ltr'>est</span> <span class='ocrx_word' id='word_1_604' title='bbox 955 2523 988 2552; x_wconf 86' lang='lat' dir='ltr'>ab</span> <span class='ocrx_word' id='word_1_605' title='bbox 997 2524 1051 2551; x_wconf 79' lang='lat' dir='ltr'>aede</span> <span class='ocrx_word' id='word_1_606' title='bbox 1060 2525 1145 2551; x_wconf 77' lang='lat' dir='ltr'>dicata</span> <span class='ocrx_word' id='word_1_607' title='bbox 1156 2526 1192 2551; x_wconf 88' lang='lat' dir='ltr'>D.</span> <span class='ocrx_word' id='word_1_608' title='bbox 1204 2525 1345 2552; x_wconf 77' lang='lat' dir='ltr'>D.10:1nni</span> <span class='ocrx_word' id='word_1_609' title='bbox 1362 2529 1387 2553; x_wconf 60' lang='grc' dir='ltr'>ἃ</span> <span class='ocrx_word' id='word_1_610' title='bbox 1406 2525 1504 2554; x_wconf 85' lang='lat' dir='ltr'>Paulo:</span> <span class='ocrx_word' id='word_1_611' title='bbox 1521 2527 1635 2553; x_wconf 81' lang='lat' dir='ltr'>alterum</span> <span class='ocrx_word' id='word_1_612' title='bbox 1645 2525 1677 2553; x_wconf 82' lang='lat' dir='ltr'>ad</span> <span class='ocrx_word' id='word_1_613' title='bbox 1689 2534 1793 2564; x_wconf 86' lang='lat' dir='ltr'>portam</span> <span class='ocrx_word' id='word_1_614' title='bbox 1803 2527 1871 2554; x_wconf 69' lang='lat' dir='ltr'>Nae-</span> 
     </span>
     <span class='ocr_line' id='line_1_50' title="bbox 315 2564 1870 2605; baseline -0.001 -11"><span class='ocrx_word' id='word_1_615' title='bbox 315 2568 385 2595; x_wconf 85' lang='lat' dir='ltr'>viam</span> <span class='ocrx_word' id='word_1_616' title='bbox 396 2588 402 2598; x_wconf 81' lang='lat'>‚</span> <span class='ocrx_word' id='word_1_617' title='bbox 421 2577 479 2605; x_wconf 81' lang='lat' dir='ltr'>quae</span> <span class='ocrx_word' id='word_1_618' title='bbox 490 2566 569 2594; x_wconf 86' lang='lat' dir='ltr'>hodie</span> <span class='ocrx_word' id='word_1_619' title='bbox 581 2575 657 2605; x_wconf 82' lang='lat' dir='ltr'>porta</span> <span class='ocrx_word' id='word_1_620' title='bbox 668 2565 875 2600; x_wconf 82' lang='lat' dir='ltr'>majordicitur:</span> <span class='ocrx_word' id='word_1_621' title='bbox 895 2565 1005 2592; x_wconf 82' lang='lat' dir='ltr'>tertium</span> <span class='ocrx_word' id='word_1_622' title='bbox 1016 2565 1043 2591; x_wconf 88' lang='lat' dir='ltr'>in</span> <span class='ocrx_word' id='word_1_623' title='bbox 1055 2564 1179 2591; x_wconf 87' lang='lat' dir='ltr'>Viminali</span> <span class='ocrx_word' id='word_1_624' title='bbox 1192 2585 1198 2596; x_wconf 85' lang='lat'>,</span> <span class='ocrx_word' id='word_1_625' title='bbox 1217 2574 1274 2603; x_wconf 84' lang='lat' dir='ltr'>qua:</span> <span class='ocrx_word' id='word_1_626' title='bbox 1284 2568 1372 2593; x_wconf 84' lang='lat' dir='ltr'>Bottae</span> <span class='ocrx_word' id='word_1_627' title='bbox 1384 2565 1546 2594; x_wconf 80' lang='lat' dir='ltr'>thermarum</span> <span class='ocrx_word' id='word_1_628' title='bbox 1558 2566 1721 2594; x_wconf 78' lang='lat' dir='ltr'>Diocletiani</span> <span class='ocrx_word' id='word_1_629' title='bbox 1731 2565 1812 2593; x_wconf 85' lang='lat' dir='ltr'>hodie</span> <span class='ocrx_word' id='word_1_630' title='bbox 1820 2575 1870 2593; x_wconf 89' lang='lat' dir='ltr'>vo-</span> 
     </span>
     <span class='ocr_line' id='line_1_51' title="bbox 313 2602 1871 2645; baseline -0.001 -11"><span class='ocrx_word' id='word_1_631' title='bbox 313 2616 424 2635; x_wconf 88' lang='lat' dir='ltr'>cantur:</span> <span class='ocrx_word' id='word_1_632' title='bbox 444 2617 570 2645; x_wconf 86' lang='lat' dir='ltr'>quartum</span> <span class='ocrx_word' id='word_1_633' title='bbox 588 2608 615 2635; x_wconf 89' lang='lat' dir='ltr'>in</span> <span class='ocrx_word' id='word_1_634' title='bbox 627 2606 755 2645; x_wconf 83' lang='lat' dir='ltr'>Exquiliis</span> <span class='ocrx_word' id='word_1_635' title='bbox 767 2605 933 2633; x_wconf 73' lang='lat' dir='ltr'>thermarum</span> <span class='ocrx_word' id='word_1_636' title='bbox 946 2605 1017 2636; x_wconf 85' lang='lat' dir='ltr'>Titi,</span> <span class='ocrx_word' id='word_1_637' title='bbox 1037 2605 1107 2643; x_wconf 89' lang='lat' dir='ltr'>quod</span> <span class='ocrx_word' id='word_1_638' title='bbox 1120 2605 1134 2632; x_wconf 80' lang='lat' dir='ltr'>:i</span> <span class='ocrx_word' id='word_1_639' title='bbox 1147 2602 1293 2633; x_wconf 77' lang='lat' dir='ltr'>fornicibus</span> <span class='ocrx_word' id='word_1_640' title='bbox 1303 2606 1435 2644; x_wconf 82' lang='lat' dir='ltr'>appellant</span> <span class='ocrx_word' id='word_1_641' title='bbox 1449 2607 1532 2643; x_wconf 66' lang='lat' dir='ltr'>vulgo</span> <span class='ocrx_word' id='word_1_642' title='bbox 1542 2605 1644 2644; x_wconf 87' lang='lat' dir='ltr'>septem</span> <span class='ocrx_word' id='word_1_643' title='bbox 1655 2606 1722 2633; x_wconf 82' lang='lat' dir='ltr'>Salas</span> <span class='ocrx_word' id='word_1_644' title='bbox 1732 2627 1738 2638; x_wconf 91' lang='lat'>‚</span> <span class='ocrx_word' id='word_1_645' title='bbox 1751 2615 1814 2635; x_wconf 90' lang='lat' dir='ltr'>cum</span> <span class='ocrx_word' id='word_1_646' title='bbox 1825 2614 1871 2633; x_wconf 89' lang='lat' dir='ltr'>ta-</span> 
     </span>
     <span class='ocr_line' id='line_1_52' title="bbox 315 2640 1870 2684; baseline 0.001 -11"><span class='ocrx_word' id='word_1_647' title='bbox 315 2657 378 2674; x_wconf 88' lang='lat' dir='ltr'>men</span> <span class='ocrx_word' id='word_1_648' title='bbox 397 2648 437 2675; x_wconf 90' lang='lat' dir='ltr'>vel</span> <span class='ocrx_word' id='word_1_649' title='bbox 450 2657 547 2676; x_wconf 83' lang='lat' dir='ltr'>novem</span> <span class='ocrx_word' id='word_1_650' title='bbox 565 2647 807 2676; x_wconf 78' lang='lat' dir='ltr'>numeraverimus:</span> <span class='ocrx_word' id='word_1_651' title='bbox 830 2646 954 2683; x_wconf 89' lang='lat' dir='ltr'>quintum</span> <span class='ocrx_word' id='word_1_652' title='bbox 965 2645 1131 2673; x_wconf 85' lang='lat' dir='ltr'>Balineatum</span> <span class='ocrx_word' id='word_1_653' title='bbox 1144 2645 1338 2674; x_wconf 73' lang='lat' dir='ltr'>Palatinarum:</span> <span class='ocrx_word' id='word_1_654' title='bbox 1359 2650 1384 2674; x_wconf 69' lang='grc' dir='ltr'>δε</span> <span class='ocrx_word' id='word_1_655' title='bbox 1394 2656 1467 2675; x_wconf 85' lang='lat' dir='ltr'>extra</span> <span class='ocrx_word' id='word_1_656' title='bbox 1477 2640 1570 2675; x_wconf 62' lang='lat' dir='ltr'>urbem</span> <span class='ocrx_word' id='word_1_657' title='bbox 1580 2647 1612 2674; x_wconf 80' lang='lat' dir='ltr'>ad</span> <span class='ocrx_word' id='word_1_658' title='bbox 1623 2646 1739 2673; x_wconf 78' lang='lat' dir='ltr'>Primam</span> <span class='ocrx_word' id='word_1_659' title='bbox 1750 2655 1870 2684; x_wconf 86' lang='lat' dir='ltr'>portam.</span> 
     </span>
     <span class='ocr_line' id='line_1_53' title="bbox 315 2684 1869 2723; baseline 0.001 -10"><span class='ocrx_word' id='word_1_660' title='bbox 315 2688 444 2714; x_wconf 70' lang='lat' dir='ltr'>Praeterea</span> <span class='ocrx_word' id='word_1_661' title='bbox 453 2697 514 2715; x_wconf 88' lang='lat' dir='ltr'>toto</span> <span class='ocrx_word' id='word_1_662' title='bbox 526 2688 581 2716; x_wconf 77' lang='lat' dir='ltr'>linu</span> <span class='ocrx_word' id='word_1_663' title='bbox 592 2688 701 2723; x_wconf 67' lang='lat' dir='ltr'>Baiano,</span> <span class='ocrx_word' id='word_1_664' title='bbox 711 2687 804 2715; x_wconf 89' lang='lat' dir='ltr'>Cumis</span> <span class='ocrx_word' id='word_1_665' title='bbox 814 2690 838 2714; x_wconf 72' lang='grc' dir='ltr'>δε</span> <span class='ocrx_word' id='word_1_666' title='bbox 849 2685 974 2713; x_wconf 80' lang='lat' dir='ltr'>Puteolis.</span> <span class='ocrx_word' id='word_1_667' title='bbox 985 2685 1089 2712; x_wconf 79' lang='lat' dir='ltr'>Maltha</span> <span class='ocrx_word' id='word_1_668' title='bbox 1100 2685 1294 2713; x_wconf 78' lang='lat' dir='ltr'>inducebantur</span> <span class='ocrx_word' id='word_1_669' title='bbox 1304 2684 1549 2718; x_wconf 74' lang='lat' dir='ltr'>tenaciffima,&amp;.ut</span> <span class='ocrx_word' id='word_1_670' title='bbox 1561 2696 1619 2714; x_wconf 83' lang='lat' dir='ltr'>utar</span> <span class='ocrx_word' id='word_1_671' title='bbox 1630 2686 1707 2713; x_wconf 89' lang='lat' dir='ltr'>Plinii</span> <span class='ocrx_word' id='word_1_672' title='bbox 1715 2686 1869 2716; x_wconf 78' lang='lat' dir='ltr'>verbis‚du-</span> 
     </span>
     <span class='ocr_line' id='line_1_54' title="bbox 314 2725 1867 2765; baseline 0.001 -12"><span class='ocrx_word' id='word_1_673' title='bbox 314 2727 379 2753; x_wconf 85' lang='lat' dir='ltr'>ricie</span> <span class='ocrx_word' id='word_1_674' title='bbox 397 2728 493 2765; x_wconf 81' lang='lat' dir='ltr'>lapides</span> <span class='ocrx_word' id='word_1_675' title='bbox 512 2729 697 2757; x_wconf 84' lang='lat' dir='ltr'>antecedente.</span> <span class='ocrx_word' id='word_1_676' title='bbox 720 2729 756 2755; x_wconf 75' lang='lat' dir='ltr'>Ea</span> <span class='ocrx_word' id='word_1_677' title='bbox 766 2726 847 2755; x_wconf 83' lang='lat' dir='ltr'>fiebat</span> <span class='ocrx_word' id='word_1_678' title='bbox 859 2726 930 2754; x_wconf 83' lang='lat' dir='ltr'>calce</span> <span class='ocrx_word' id='word_1_679' title='bbox 940 2726 966 2753; x_wconf 93' lang='lat' dir='ltr'>in</span> <span class='ocrx_word' id='word_1_680' title='bbox 979 2726 1043 2754; x_wconf 90' lang='lat' dir='ltr'>vino</span> <span class='ocrx_word' id='word_1_681' title='bbox 1053 2726 1183 2756; x_wconf 67' lang='lat' dir='ltr'>restincta.</span> <span class='ocrx_word' id='word_1_682' title='bbox 1200 2729 1223 2753; x_wconf 60' lang='grc' dir='ltr'>ἃ</span> <span class='ocrx_word' id='word_1_683' title='bbox 1235 2726 1289 2754; x_wconf 86' lang='lat' dir='ltr'>tusa</span> <span class='ocrx_word' id='word_1_684' title='bbox 1298 2736 1360 2754; x_wconf 91' lang='lat' dir='ltr'>cum</span> <span class='ocrx_word' id='word_1_685' title='bbox 1371 2727 1444 2765; x_wconf 84' lang='lat' dir='ltr'>adipe</span> <span class='ocrx_word' id='word_1_686' title='bbox 1456 2727 1533 2755; x_wconf 86' lang='lat' dir='ltr'>suillo</span> <span class='ocrx_word' id='word_1_687' title='bbox 1545 2731 1569 2755; x_wconf 74' lang='grc' dir='ltr'>δε</span> <span class='ocrx_word' id='word_1_688' title='bbox 1579 2726 1659 2754; x_wconf 86' lang='lat' dir='ltr'>succo</span> <span class='ocrx_word' id='word_1_689' title='bbox 1666 2725 1710 2754; x_wconf 82' lang='lat' dir='ltr'>fici</span> <span class='ocrx_word' id='word_1_690' title='bbox 1721 2747 1728 2757; x_wconf 87' lang='lat'>,</span> <span class='ocrx_word' id='word_1_691' title='bbox 1745 2735 1789 2754; x_wconf 85' lang='lat' dir='ltr'>aut</span> <span class='ocrx_word' id='word_1_692' title='bbox 1801 2737 1867 2755; x_wconf 88' lang='lat' dir='ltr'>cum</span> 
     </span>
     <span class='ocr_line' id='line_1_55' title="bbox 315 2764 1871 2807; baseline 0 -13"><span class='ocrx_word' id='word_1_693' title='bbox 315 2767 411 2794; x_wconf 81' lang='lat' dir='ltr'>eodem</span> <span class='ocrx_word' id='word_1_694' title='bbox 426 2768 500 2805; x_wconf 87' lang='lat' dir='ltr'>adipe</span> <span class='ocrx_word' id='word_1_695' title='bbox 511 2772 534 2796; x_wconf 73' lang='lat'>8&lt;</span> <span class='ocrx_word' id='word_1_696' title='bbox 547 2770 613 2806; x_wconf 89' lang='lat' dir='ltr'>pice.</span> <span class='ocrx_word' id='word_1_697' title='bbox 637 2772 714 2807; x_wconf 87' lang='lat' dir='ltr'>Opus</span> <span class='ocrx_word' id='word_1_698' title='bbox 726 2767 809 2806; x_wconf 84' lang='lat' dir='ltr'>ipsum</span> <span class='ocrx_word' id='word_1_699' title='bbox 831 2766 979 2805; x_wconf 84' lang='lat' dir='ltr'>priusquam</span> <span class='ocrx_word' id='word_1_700' title='bbox 990 2765 1135 2793; x_wconf 84' lang='lat' dir='ltr'>malthetur</span> <span class='ocrx_word' id='word_1_701' title='bbox 1145 2787 1152 2797; x_wconf 87' lang='lat'>,</span> <span class='ocrx_word' id='word_1_702' title='bbox 1171 2766 1233 2794; x_wconf 89' lang='lat' dir='ltr'>oleo</span> <span class='ocrx_word' id='word_1_703' title='bbox 1245 2764 1450 2805; x_wconf 86' lang='lat' dir='ltr'>perfricandum.</span> <span class='ocrx_word' id='word_1_704' title='bbox 1473 2766 1735 2795; x_wconf 80' lang='lat' dir='ltr'>Senatusconsultum</span> <span class='ocrx_word' id='word_1_705' title='bbox 1747 2767 1783 2794; x_wconf 87' lang='lat' dir='ltr'>est</span> <span class='ocrx_word' id='word_1_706' title='bbox 1801 2766 1871 2805; x_wconf 85' lang='lat' dir='ltr'>apud</span> 
     </span>
     <span class='ocr_line' id='line_1_56' title="bbox 313 2806 1872 2847; baseline 0.001 -13"><span class='ocrx_word' id='word_1_707' title='bbox 313 2807 474 2834; x_wconf 82' lang='lat' dir='ltr'>Frontinum</span> <span class='ocrx_word' id='word_1_708' title='bbox 487 2828 493 2837; x_wconf 93' lang='lat'>‚</span> <span class='ocrx_word' id='word_1_709' title='bbox 509 2810 582 2845; x_wconf 84' lang='lat' dir='ltr'>quod</span> <span class='ocrx_word' id='word_1_710' title='bbox 592 2819 687 2847; x_wconf 79' lang='lat' dir='ltr'>aquam</span> <span class='ocrx_word' id='word_1_711' title='bbox 701 2819 754 2836; x_wconf 89' lang='lat' dir='ltr'>non</span> <span class='ocrx_word' id='word_1_712' title='bbox 765 2806 833 2836; x_wconf 71' lang='lat' dir='ltr'>nine</span> <span class='ocrx_word' id='word_1_713' title='bbox 848 2807 956 2836; x_wconf 80' lang='lat' dir='ltr'>castello</span> <span class='ocrx_word' id='word_1_714' title='bbox 968 2807 1030 2834; x_wconf 83' lang='lat' dir='ltr'>duci</span> <span class='ocrx_word' id='word_1_715' title='bbox 1049 2806 1222 2845; x_wconf 77' lang='lat' dir='ltr'>permittebat</span> <span class='ocrx_word' id='word_1_716' title='bbox 1231 2827 1237 2836; x_wconf 86' lang='lat'><em>.</em></span> <span class='ocrx_word' id='word_1_717' title='bbox 1248 2817 1280 2835; x_wconf 88' lang='lat' dir='ltr'>ne</span> <span class='ocrx_word' id='word_1_718' title='bbox 1291 2816 1335 2835; x_wconf 80' lang='lat' dir='ltr'>aut</span> <span class='ocrx_word' id='word_1_719' title='bbox 1345 2807 1394 2835; x_wconf 86' lang='lat' dir='ltr'>rivi</span> <span class='ocrx_word' id='word_1_720' title='bbox 1404 2816 1448 2835; x_wconf 85' lang='lat' dir='ltr'>aut</span> <span class='ocrx_word' id='word_1_721' title='bbox 1459 2806 1548 2835; x_wconf 66' lang='lat' dir='ltr'>fistulae</span> <span class='ocrx_word' id='word_1_722' title='bbox 1557 2807 1670 2846; x_wconf 69' lang='lat' dir='ltr'>publicae</span> <span class='ocrx_word' id='word_1_723' title='bbox 1680 2807 1872 2836; x_wconf 79' lang='lat' dir='ltr'>lacerarentur.</span> 
     </span>
     <span class='ocr_line' id='line_1_57' title="bbox 315 2846 1870 2887; baseline 0.002 -14"><span class='ocrx_word' id='word_1_724' title='bbox 315 2847 391 2874; x_wconf 88' lang='lat' dir='ltr'>Calix</span> <span class='ocrx_word' id='word_1_725' title='bbox 403 2868 409 2879; x_wconf 89' lang='lat'>‚</span> <span class='ocrx_word' id='word_1_726' title='bbox 421 2847 446 2874; x_wconf 87' lang='lat' dir='ltr'>id</span> <span class='ocrx_word' id='word_1_727' title='bbox 459 2848 493 2874; x_wconf 83' lang='lat' dir='ltr'>est</span> <span class='ocrx_word' id='word_1_728' title='bbox 506 2849 626 2877; x_wconf 88' lang='lat' dir='ltr'>modulus</span> <span class='ocrx_word' id='word_1_729' title='bbox 637 2860 733 2879; x_wconf 68' lang='lat' dir='ltr'>xneus,</span> <span class='ocrx_word' id='word_1_730' title='bbox 743 2848 850 2877; x_wconf 81' lang='lat' dir='ltr'>castello</span> <span class='ocrx_word' id='word_1_731' title='bbox 858 2857 901 2875; x_wconf 87' lang='lat' dir='ltr'>aut</span> <span class='ocrx_word' id='word_1_732' title='bbox 913 2848 972 2874; x_wconf 89' lang='lat' dir='ltr'>rivo</span> <span class='ocrx_word' id='word_1_733' title='bbox 981 2846 1147 2875; x_wconf 78' lang='lat' dir='ltr'>induebatur.</span> <span class='ocrx_word' id='word_1_734' title='bbox 1162 2848 1182 2874; x_wconf 83' lang='lat' dir='ltr'>is</span> <span class='ocrx_word' id='word_1_735' title='bbox 1190 2856 1246 2874; x_wconf 83' lang='lat' dir='ltr'>erat</span> <span class='ocrx_word' id='word_1_736' title='bbox 1258 2847 1380 2887; x_wconf 81' lang='lat' dir='ltr'>modulus</span> <span class='ocrx_word' id='word_1_737' title='bbox 1392 2848 1570 2887; x_wconf 77' lang='lat' dir='ltr'>erogatorius.</span> <span class='ocrx_word' id='word_1_738' title='bbox 1589 2847 1649 2882; x_wconf 86' lang='lat' dir='ltr'>hinc</span> <span class='ocrx_word' id='word_1_739' title='bbox 1659 2846 1740 2875; x_wconf 82' lang='lat' dir='ltr'>fistula</span> <span class='ocrx_word' id='word_1_740' title='bbox 1750 2849 1870 2886; x_wconf 81' lang='lat' dir='ltr'>applica-</span> 
     </span>
     <span class='ocr_line' id='line_1_58' title="bbox 313 2886 1869 2927; baseline 0.001 -13"><span class='ocrx_word' id='word_1_741' title='bbox 313 2886 400 2918; x_wconf 76' lang='lat' dir='ltr'>batur.</span> <span class='ocrx_word' id='word_1_742' title='bbox 410 2897 463 2914; x_wconf 87' lang='lat' dir='ltr'>non</span> <span class='ocrx_word' id='word_1_743' title='bbox 473 2888 667 2927; x_wconf 83' lang='lat' dir='ltr'>qualiscunque,</span> <span class='ocrx_word' id='word_1_744' title='bbox 678 2891 703 2917; x_wconf 81' lang='lat' dir='ltr'>id</span> <span class='ocrx_word' id='word_1_745' title='bbox 712 2890 746 2917; x_wconf 87' lang='lat' dir='ltr'>est</span> <span class='ocrx_word' id='word_1_746' title='bbox 756 2888 871 2924; x_wconf 76' lang='lat' dir='ltr'>ejufflem</span> <span class='ocrx_word' id='word_1_747' title='bbox 879 2888 996 2918; x_wconf 77' lang='lat' dir='ltr'>luminis,</span> <span class='ocrx_word' id='word_1_748' title='bbox 1008 2897 1062 2926; x_wconf 90' lang='lat' dir='ltr'>quo</span> <span class='ocrx_word' id='word_1_749' title='bbox 1071 2887 1139 2914; x_wconf 81' lang='lat' dir='ltr'>calix</span> <span class='ocrx_word' id='word_1_750' title='bbox 1149 2887 1265 2926; x_wconf 75' lang='lat' dir='ltr'>lignatus</span> <span class='ocrx_word' id='word_1_751' title='bbox 1275 2888 1320 2919; x_wconf 87' lang='lat' dir='ltr'>est,</span> <span class='ocrx_word' id='word_1_752' title='bbox 1331 2887 1372 2915; x_wconf 87' lang='lat' dir='ltr'>sed</span> <span class='ocrx_word' id='word_1_753' title='bbox 1383 2888 1499 2918; x_wconf 85' lang='lat' dir='ltr'>luminis.</span> <span class='ocrx_word' id='word_1_754' title='bbox 1508 2888 1533 2915; x_wconf 92' lang='lat' dir='ltr'>id</span> <span class='ocrx_word' id='word_1_755' title='bbox 1544 2888 1580 2916; x_wconf 91' lang='lat' dir='ltr'>est</span> <span class='ocrx_word' id='word_1_756' title='bbox 1588 2888 1739 2925; x_wconf 83' lang='lat' dir='ltr'>capacitatis</span> <span class='ocrx_word' id='word_1_757' title='bbox 1750 2909 1756 2921; x_wconf 91' lang='lat'>,</span> <span class='ocrx_word' id='word_1_758' title='bbox 1767 2898 1869 2927; x_wconf 82' lang='lat' dir='ltr'>quanta</span> 
     </span>
     <span class='ocr_line' id='line_1_59' title="bbox 312 2925 1869 2968; baseline 0.001 -14"><span class='ocrx_word' id='word_1_759' title='bbox 312 2928 455 2964; x_wconf 85' lang='lat' dir='ltr'>impetrata</span> <span class='ocrx_word' id='word_1_760' title='bbox 466 2925 560 2960; x_wconf 83' lang='lat' dir='ltr'>fuerat,</span> <span class='ocrx_word' id='word_1_761' title='bbox 572 2933 595 2956; x_wconf 68' lang='grc' dir='ltr'>δε</span> <span class='ocrx_word' id='word_1_762' title='bbox 607 2930 783 2968; x_wconf 80' lang='lat' dir='ltr'>longitudinis</span> <span class='ocrx_word' id='word_1_763' title='bbox 793 2939 845 2956; x_wconf 92' lang='lat' dir='ltr'>non</span> <span class='ocrx_word' id='word_1_764' title='bbox 857 2929 942 2956; x_wconf 84' lang='lat' dir='ltr'>minus</span> <span class='ocrx_word' id='word_1_765' title='bbox 955 2928 1106 2967; x_wconf 78' lang='lat' dir='ltr'>digitorum</span> <span class='ocrx_word' id='word_1_766' title='bbox 1114 2937 1168 2955; x_wconf 88' lang='lat' dir='ltr'>x11.</span> <span class='ocrx_word' id='word_1_767' title='bbox 1181 2930 1203 2954; x_wconf 87' lang='lat' dir='ltr'>Is</span> <span class='ocrx_word' id='word_1_768' title='bbox 1215 2929 1249 2955; x_wconf 83' lang='lat' dir='ltr'>cst</span> <span class='ocrx_word' id='word_1_769' title='bbox 1261 2928 1383 2956; x_wconf 84' lang='lat' dir='ltr'>modulus</span> <span class='ocrx_word' id='word_1_770' title='bbox 1391 2929 1568 2966; x_wconf 80' lang='lat' dir='ltr'>acceptorius.</span> <span class='ocrx_word' id='word_1_771' title='bbox 1589 2929 1696 2956; x_wconf 79' lang='lat' dir='ltr'>Fuerint</span> <span class='ocrx_word' id='word_1_772' title='bbox 1705 2938 1796 2957; x_wconf 87' lang='lat' dir='ltr'>autem</span> <span class='ocrx_word' id='word_1_773' title='bbox 1807 2939 1869 2957; x_wconf 84' lang='lat' dir='ltr'>mo·</span> 
     </span>
     <span class='ocr_line' id='line_1_60' title="bbox 315 2965 1776 3009; baseline 0.002 -13"><span class='ocrx_word' id='word_1_774' title='bbox 315 2965 604 2998; x_wconf 77' lang='lat' dir='ltr'>dulorumdifferentiae</span> <span class='ocrx_word' id='word_1_775' title='bbox 615 2980 676 2999; x_wconf 78' lang='lat' dir='ltr'>xxv.</span> <span class='ocrx_word' id='word_1_776' title='bbox 685 2970 804 3009; x_wconf 76' lang='lat' dir='ltr'>quamvis</span> <span class='ocrx_word' id='word_1_777' title='bbox 815 2969 842 2998; x_wconf 89' lang='lat' dir='ltr'>in</span> <span class='ocrx_word' id='word_1_778' title='bbox 851 2968 895 2998; x_wconf 82' lang='lat' dir='ltr'>usu</span> <span class='ocrx_word' id='word_1_779' title='bbox 905 2979 948 2998; x_wconf 76' lang='lat' dir='ltr'>xv.</span> <span class='ocrx_word' id='word_1_780' title='bbox 961 2977 1065 2997; x_wconf 71' lang='lat' dir='ltr'>tantum</span> <span class='ocrx_word' id='word_1_781' title='bbox 1078 2965 1238 3007; x_wconf 73' lang='lat' dir='ltr'>frequentes.</span> <span class='ocrx_word' id='word_1_782' title='bbox 1254 2979 1316 3007; x_wconf 76' lang='lat' dir='ltr'>quas</span> <span class='ocrx_word' id='word_1_783' title='bbox 1328 2967 1442 2998; x_wconf 82' lang='lat' dir='ltr'>recenset</span> <span class='ocrx_word' id='word_1_784' title='bbox 1456 2969 1528 2997; x_wconf 85' lang='lat' dir='ltr'>idem</span> <span class='ocrx_word' id='word_1_785' title='bbox 1541 2969 1684 2999; x_wconf 83' lang='lat' dir='ltr'>Frontinus</span> <span class='ocrx_word' id='word_1_786' title='bbox 1695 2969 1742 2998; x_wconf 88' lang='lat' dir='ltr'>lib.</span> <span class='ocrx_word' id='word_1_787' title='bbox 1754 2981 1776 2999; x_wconf 85' lang='lat'>1.</span> 
     </span>
    </p>
   </div>
   <div class='ocr_carea' id='block_1_10' title="bbox 1759 3014 1864 3052">
    <p class='ocr_par' dir='ltr' id='par_1_15' title="bbox 1759 3014 1864 3052">
     <span class='ocr_line' id='line_1_61' title="bbox 1759 3014 1864 3052; baseline -0.038 -9"><span class='ocrx_word' id='word_1_788' title='bbox 1759 3016 1790 3052; x_wconf 69' lang='lat' dir='ltr'>a]</span> <span class='ocrx_word' id='word_1_789' title='bbox 1802 3014 1864 3043; x_wconf 70' lang='lat' dir='ltr'>Phr.</span> 
     </span>
    </p>
   </div>
  </div>
 </body>
</html>
