<?xml version="1.0" encoding="UTF-8"?>
<!DOCTYPE html PUBLIC "-//W3C//DTD XHTML 1.0 Transitional//EN"
    "http://www.w3.org/TR/xhtml1/DTD/xhtml1-transitional.dtd">
<html xmlns="http://www.w3.org/1999/xhtml" xml:lang="en" lang="en">
 <head>
  <title>
</title>
<meta http-equiv="Content-Type" content="text/html;charset=utf-8" />
  <meta name='ocr-system' content='tesseract 3.04.00' />
  <meta name='ocr-capabilities' content='ocr_page ocr_carea ocr_par ocr_line ocrx_word'/>
</head>
<body>
  <div class='ocr_page' id='page_1' title='image "./vitruviipollioni00vitr_0261.png"; bbox 0 0 2023 3162; ppageno 0'>
   <div class='ocr_carea' id='block_1_1' title="bbox 0 1444 11 2111">
    <p class='ocr_par' dir='ltr' id='par_1_1' title="bbox 0 1444 11 2111">
     <span class='ocr_line' id='line_1_1' title="bbox 0 1444 11 2111; baseline 0 1051"><span class='ocrx_word' id='word_1_1' title='bbox 0 1444 11 2111; x_wconf 95' lang='lat' dir='ltr'> </span> 
     </span>
    </p>
   </div>
   <div class='ocr_carea' id='block_1_2' title="bbox 516 67 1747 114">
    <p class='ocr_par' dir='ltr' id='par_1_2' title="bbox 516 67 1747 114">
     <span class='ocr_line' id='line_1_2' title="bbox 516 67 1747 114; baseline -0.001 -8"><span class='ocrx_word' id='word_1_2' title='bbox 516 69 1129 108; x_wconf 74' lang='lat' dir='ltr'>DEARCHITECTVRA</span> <span class='ocrx_word' id='word_1_3' title='bbox 1189 67 1370 106; x_wconf 79' lang='lat' dir='ltr'>L113.X.</span> <span class='ocrx_word' id='word_1_4' title='bbox 1673 83 1747 114; x_wconf 84' lang='lat'>213</span> 
     </span>
    </p>
   </div>
   <div class='ocr_carea' id='block_1_3' title="bbox 147 132 1752 1292">
    <p class='ocr_par' dir='ltr' id='par_1_3' title="bbox 147 132 1752 1247">
     <span class='ocr_line' id='line_1_3' title="bbox 158 132 1752 182; baseline 0.002 -9"><span class='ocrx_word' id='word_1_5' title='bbox 158 137 272 174; x_wconf 79' lang='lat' dir='ltr'>ctiam</span> <span class='ocrx_word' id='word_1_6' title='bbox 297 134 436 171; x_wconf 87' lang='lat' dir='ltr'>ferreus</span> <span class='ocrx_word' id='word_1_7' title='bbox 452 134 583 173; x_wconf 68' lang='lat' dir='ltr'>vectis,</span> <span class='ocrx_word' id='word_1_8' title='bbox 609 144 696 172; x_wconf 89' lang='lat' dir='ltr'>cum</span> <span class='ocrx_word' id='word_1_9' title='bbox 708 132 758 170; x_wconf 91' lang='lat' dir='ltr'>est</span> <span class='ocrx_word' id='word_1_10' title='bbox 769 132 943 169; x_wconf 83' lang='lat' dir='ltr'>admotus</span> <span class='ocrx_word' id='word_1_11' title='bbox 956 132 1000 169; x_wconf 79' lang='lat' dir='ltr'>ad</span> <span class='ocrx_word' id='word_1_12' title='bbox 1012 144 1107 170; x_wconf 89' lang='lat' dir='ltr'>onus</span> <span class='ocrx_word' id='word_1_13' title='bbox 1121 159 1128 173; x_wconf 90' lang='lat'>‚</span> <span class='ocrx_word' id='word_1_14' title='bbox 1151 133 1256 182; x_wconf 90' lang='lat' dir='ltr'>quod</span> <span class='ocrx_word' id='word_1_15' title='bbox 1268 145 1450 171; x_wconf 85' lang='lat' dir='ltr'>manuum</span> <span class='ocrx_word' id='word_1_16' title='bbox 1462 137 1661 174; x_wconf 87' lang='lat' dir='ltr'>multitudo</span> <span class='ocrx_word' id='word_1_17' title='bbox 1672 150 1752 176; x_wconf 89' lang='lat' dir='ltr'>non</span> 
     </span>
     <span class='ocr_line' id='line_1_4' title="bbox 150 186 1752 243; baseline 0.003 -16"><span class='ocrx_word' id='word_1_18' title='bbox 150 190 283 243; x_wconf 67' lang='lat' dir='ltr'>potest²</span> <span class='ocrx_word' id='word_1_19' title='bbox 299 202 473 229; x_wconf 86' lang='lat' dir='ltr'>movere,</span> <span class='ocrx_word' id='word_1_20' title='bbox 494 186 680 241; x_wconf 82' lang='lat' dir='ltr'>supposita</span> <span class='ocrx_word' id='word_1_21' title='bbox 690 191 742 227; x_wconf 92' lang='lat' dir='ltr'>uti</span> <span class='ocrx_word' id='word_1_22' title='bbox 761 198 892 224; x_wconf 89' lang='lat' dir='ltr'>centro</span> <span class='ocrx_word' id='word_1_23' title='bbox 905 190 981 226; x_wconf 91' lang='lat' dir='ltr'>cito</span> <span class='ocrx_word' id='word_1_24' title='bbox 999 189 1168 238; x_wconf 68' lang='lat' dir='ltr'>pon-ceta</span> <span class='ocrx_word' id='word_1_25' title='bbox 1187 187 1393 239; x_wconf 84' lang='lat' dir='ltr'>preffione,</span> <span class='ocrx_word' id='word_1_26' title='bbox 1416 188 1477 237; x_wconf 81' lang='lat' dir='ltr'>[b]</span> <span class='ocrx_word' id='word_1_27' title='bbox 1502 193 1609 241; x_wconf 91' lang='lat' dir='ltr'>quod</span> <span class='ocrx_word' id='word_1_28' title='bbox 1631 194 1752 233; x_wconf 78' lang='lat' dir='ltr'>Graeci</span> 
     </span>
     <span class='ocr_line' id='line_1_5' title="bbox 150 244 1751 298; baseline 0.002 -16"><span class='ocrx_word' id='word_1_29' title='bbox 150 246 379 296; x_wconf 58' lang='grc' dir='ltr'>ῥῑπμόχλιον</span> <span class='ocrx_word' id='word_1_30' title='bbox 393 247 601 298; x_wconf 81' lang='lat' dir='ltr'>appellant,</span> <span class='ocrx_word' id='word_1_31' title='bbox 625 245 786 282; x_wconf 69' lang='lat' dir='ltr'>&amp;vestis</span> <span class='ocrx_word' id='word_1_32' title='bbox 811 245 938 292; x_wconf 80' lang='lat' dir='ltr'>lingua</span> <span class='ocrx_word' id='word_1_33' title='bbox 958 244 1024 282; x_wconf 87' lang='lat' dir='ltr'>sub</span> <span class='ocrx_word' id='word_1_34' title='bbox 1037 257 1131 283; x_wconf 85' lang='lat' dir='ltr'>onus</span> <span class='ocrx_word' id='word_1_35' title='bbox 1142 244 1285 282; x_wconf 83' lang='lat' dir='ltr'>subdita</span> <span class='ocrx_word' id='word_1_36' title='bbox 1299 275 1308 291; x_wconf 92' lang='lat'>‚</span> <span class='ocrx_word' id='word_1_37' title='bbox 1329 257 1441 297; x_wconf 87' lang='lat' dir='ltr'>caput</span> <span class='ocrx_word' id='word_1_38' title='bbox 1458 248 1533 292; x_wconf 82' lang='lat' dir='ltr'>ejus</span> <span class='ocrx_word' id='word_1_39' title='bbox 1554 249 1661 285; x_wconf 90' lang='lat' dir='ltr'>unius</span> <span class='ocrx_word' id='word_1_40' title='bbox 1683 251 1751 287; x_wconf 88' lang='lat' dir='ltr'>ho-</span> 
     </span>
     <span class='ocr_line' id='line_1_6' title="bbox 149 300 1750 355; baseline 0.001 -14"><span class='ocrx_word' id='word_1_41' title='bbox 149 305 260 341; x_wconf 88' lang='lat' dir='ltr'>minis</span> <span class='ocrx_word' id='word_1_42' title='bbox 279 304 417 341; x_wconf 86' lang='lat' dir='ltr'>viribus</span> <span class='ocrx_word' id='word_1_43' title='bbox 435 302 614 353; x_wconf 70' lang='lat' dir='ltr'>pressum,</span> <span class='ocrx_word' id='word_1_44' title='bbox 638 301 675 338; x_wconf 91' lang='lat' dir='ltr'>id</span> <span class='ocrx_word' id='word_1_45' title='bbox 697 312 795 338; x_wconf 87' lang='lat' dir='ltr'>onus</span> <span class='ocrx_word' id='word_1_46' title='bbox 817 300 973 337; x_wconf 84' lang='lat' dir='ltr'>extollit.</span> <span class='ocrx_word' id='word_1_47' title='bbox 1004 301 1046 337; x_wconf 91' lang='lat' dir='ltr'>Id</span> <span class='ocrx_word' id='word_1_48' title='bbox 1056 312 1181 338; x_wconf 87' lang='lat' dir='ltr'>autem</span> <span class='ocrx_word' id='word_1_49' title='bbox 1193 301 1244 341; x_wconf 88' lang='lat' dir='ltr'>fit,</span> <span class='ocrx_word' id='word_1_50' title='bbox 1261 302 1368 350; x_wconf 89' lang='lat' dir='ltr'>quod</span> <span class='ocrx_word' id='word_1_51' title='bbox 1378 305 1527 342; x_wconf 89' lang='lat' dir='ltr'>brevior</span> <span class='ocrx_word' id='word_1_52' title='bbox 1547 316 1627 354; x_wconf 86' lang='lat' dir='ltr'>pars</span> <span class='ocrx_word' id='word_1_53' title='bbox 1649 307 1750 355; x_wconf 87' lang='lat' dir='ltr'>prior</span> 
     </span>
     <span class='ocr_line' id='line_1_7' title="bbox 149 354 1751 410; baseline 0.001 -13"><span class='ocrx_word' id='word_1_54' title='bbox 149 360 262 397; x_wconf 65' lang='lat' dir='ltr'>vestis</span> <span class='ocrx_word' id='word_1_55' title='bbox 274 389 283 404; x_wconf 91' lang='lat'>‚</span> <span class='ocrx_word' id='word_1_56' title='bbox 305 360 351 397; x_wconf 88' lang='lat' dir='ltr'>ab</span> <span class='ocrx_word' id='word_1_57' title='bbox 362 371 403 397; x_wconf 82' lang='lat' dir='ltr'>ea</span> <span class='ocrx_word' id='word_1_58' title='bbox 417 357 604 409; x_wconf 73' lang='lat' dir='ltr'>pressione</span> <span class='ocrx_word' id='word_1_59' title='bbox 616 384 624 397; x_wconf 82' lang='lat'>‚</span> <span class='ocrx_word' id='word_1_60' title='bbox 648 357 754 406; x_wconf 87' lang='lat' dir='ltr'>quod</span> <span class='ocrx_word' id='word_1_61' title='bbox 771 354 821 394; x_wconf 89' lang='lat' dir='ltr'>est</span> <span class='ocrx_word' id='word_1_62' title='bbox 833 366 1005 393; x_wconf 82' lang='lat' dir='ltr'>centrum</span> <span class='ocrx_word' id='word_1_63' title='bbox 1018 386 1027 401; x_wconf 92' lang='lat'>,</span> <span class='ocrx_word' id='word_1_64' title='bbox 1046 356 1140 394; x_wconf 83' lang='lat' dir='ltr'>subit</span> <span class='ocrx_word' id='word_1_65' title='bbox 1151 358 1216 394; x_wconf 89' lang='lat' dir='ltr'>sub</span> <span class='ocrx_word' id='word_1_66' title='bbox 1227 369 1322 394; x_wconf 87' lang='lat' dir='ltr'>onus</span> <span class='ocrx_word' id='word_1_67' title='bbox 1342 372 1349 395; x_wconf 90' lang='lat'><strong>:</strong></span> <span class='ocrx_word' id='word_1_68' title='bbox 1373 361 1410 396; x_wconf 73' lang='grc' dir='ltr'>ὃ(</span> <span class='ocrx_word' id='word_1_69' title='bbox 1423 360 1527 409; x_wconf 88' lang='lat' dir='ltr'>quod</span> <span class='ocrx_word' id='word_1_70' title='bbox 1541 361 1689 410; x_wconf 68' lang='lat' dir='ltr'>longius</span> <span class='ocrx_word' id='word_1_71' title='bbox 1705 362 1751 398; x_wconf 83' lang='lat' dir='ltr'>ab</span> 
     </span>
     <span class='ocr_line' id='line_1_8' title="bbox 149 412 1747 464; baseline 0.001 -11"><span class='ocrx_word' id='word_1_72' title='bbox 149 428 198 454; x_wconf 88' lang='lat' dir='ltr'>eo</span> <span class='ocrx_word' id='word_1_73' title='bbox 213 426 346 454; x_wconf 88' lang='lat' dir='ltr'>centro</span> <span class='ocrx_word' id='word_1_74' title='bbox 357 416 486 452; x_wconf 84' lang='lat' dir='ltr'>distans</span> <span class='ocrx_word' id='word_1_75' title='bbox 500 423 613 464; x_wconf 87' lang='lat' dir='ltr'>caput</span> <span class='ocrx_word' id='word_1_76' title='bbox 624 414 703 459; x_wconf 85' lang='lat' dir='ltr'>ejus</span> <span class='ocrx_word' id='word_1_77' title='bbox 716 442 726 457; x_wconf 92' lang='lat'><em>‚</em></span> <span class='ocrx_word' id='word_1_78' title='bbox 745 424 809 463; x_wconf 89' lang='lat' dir='ltr'>per</span> <span class='ocrx_word' id='word_1_79' title='bbox 820 412 856 448; x_wconf 91' lang='lat' dir='ltr'>id</span> <span class='ocrx_word' id='word_1_80' title='bbox 869 424 956 449; x_wconf 89' lang='lat' dir='ltr'>cum</span> <span class='ocrx_word' id='word_1_81' title='bbox 969 414 1116 451; x_wconf 83' lang='lat' dir='ltr'>ducitur</span> <span class='ocrx_word' id='word_1_82' title='bbox 1128 443 1139 458; x_wconf 84' lang='lat'><em>‚</em></span> <span class='ocrx_word' id='word_1_83' title='bbox 1152 413 1330 451; x_wconf 78' lang='lat' dir='ltr'>faciundo</span> <span class='ocrx_word' id='word_1_84' title='bbox 1344 426 1467 453; x_wconf 87' lang='lat' dir='ltr'>motus</span> <span class='ocrx_word' id='word_1_85' title='bbox 1481 417 1747 456; x_wconf 79' lang='lat' dir='ltr'>circinationis,</span> 
     </span>
     <span class='ocr_line' id='line_1_9' title="bbox 149 469 1750 522; baseline 0.001 -12"><span class='ocrx_word' id='word_1_86' title='bbox 149 473 256 521; x_wconf 83' lang='lat' dir='ltr'>cogit</span> <span class='ocrx_word' id='word_1_87' title='bbox 272 469 520 521; x_wconf 77' lang='lat' dir='ltr'>pressionibus</span> <span class='ocrx_word' id='word_1_88' title='bbox 541 471 757 507; x_wconf 84' lang='lat' dir='ltr'>examinare</span> <span class='ocrx_word' id='word_1_89' title='bbox 770 469 894 519; x_wconf 81' lang='lat' dir='ltr'>paucis</span> <span class='ocrx_word' id='word_1_90' title='bbox 907 469 1077 506; x_wconf 82' lang='lat' dir='ltr'>manibus</span> <span class='ocrx_word' id='word_1_91' title='bbox 1096 471 1221 506; x_wconf 88' lang='lat' dir='ltr'>oneris</span> <span class='ocrx_word' id='word_1_92' title='bbox 1242 472 1394 508; x_wconf 80' lang='lat' dir='ltr'>maximi</span> <span class='ocrx_word' id='word_1_93' title='bbox 1416 473 1575 522; x_wconf 88' lang='lat' dir='ltr'>pondus.</span> <span class='ocrx_word' id='word_1_94' title='bbox 1610 474 1703 510; x_wconf 83' lang='lat' dir='ltr'>Item</span> <span class='ocrx_word' id='word_1_95' title='bbox 1724 473 1750 511; x_wconf 84' lang='lat' dir='ltr'>si</span> 
     </span>
     <span class='ocr_line' id='line_1_10' title="bbox 147 523 1744 577; baseline 0.001 -13"><span class='ocrx_word' id='word_1_96' title='bbox 147 527 214 566; x_wconf 89' lang='lat' dir='ltr'>sub</span> <span class='ocrx_word' id='word_1_97' title='bbox 226 539 322 564; x_wconf 87' lang='lat' dir='ltr'>onus</span> <span class='ocrx_word' id='word_1_98' title='bbox 334 527 448 565; x_wconf 61' lang='lat' dir='ltr'>vectis</span> <span class='ocrx_word' id='word_1_99' title='bbox 457 526 563 562; x_wconf 89' lang='lat' dir='ltr'>ferrei</span> <span class='ocrx_word' id='word_1_100' title='bbox 574 525 713 575; x_wconf 79' lang='lat' dir='ltr'>lingula</span> <span class='ocrx_word' id='word_1_101' title='bbox 722 524 879 571; x_wconf 56' lang='lat' dir='ltr'>subjecta</span> <span class='ocrx_word' id='word_1_102' title='bbox 897 523 1142 574; x_wconf 81' lang='lat' dir='ltr'>fuerit‚neque</span> <span class='ocrx_word' id='word_1_103' title='bbox 1156 535 1266 575; x_wconf 87' lang='lat' dir='ltr'>caput</span> <span class='ocrx_word' id='word_1_104' title='bbox 1278 528 1308 572; x_wconf 75' lang='lat' dir='ltr'>ej</span> <span class='ocrx_word' id='word_1_105' title='bbox 1317 538 1354 563; x_wconf 82' lang='lat' dir='ltr'>us</span> <span class='ocrx_word' id='word_1_106' title='bbox 1366 527 1549 577; x_wconf 79' lang='lat' dir='ltr'>pressione</span> <span class='ocrx_word' id='word_1_107' title='bbox 1561 530 1597 565; x_wconf 89' lang='lat' dir='ltr'>in</span> <span class='ocrx_word' id='word_1_108' title='bbox 1610 530 1744 569; x_wconf 87' lang='lat' dir='ltr'>imum,</span> 
     </span>
     <span class='ocr_line' id='line_1_11' title="bbox 150 580 1748 631; baseline -0.001 -11"><span class='ocrx_word' id='word_1_109' title='bbox 150 583 210 620; x_wconf 88' lang='lat' dir='ltr'>sed</span> <span class='ocrx_word' id='word_1_110' title='bbox 230 582 396 620; x_wconf 86' lang='lat' dir='ltr'>adversus</span> <span class='ocrx_word' id='word_1_111' title='bbox 414 584 452 618; x_wconf 89' lang='lat' dir='ltr'>in</span> <span class='ocrx_word' id='word_1_112' title='bbox 463 581 699 619; x_wconf 80' lang='lat' dir='ltr'>altitudinem</span> <span class='ocrx_word' id='word_1_113' title='bbox 711 581 931 625; x_wconf 79' lang='lat' dir='ltr'>extolletur,</span> <span class='ocrx_word' id='word_1_114' title='bbox 953 581 1092 631; x_wconf 80' lang='lat' dir='ltr'>lingula</span> <span class='ocrx_word' id='word_1_115' title='bbox 1110 580 1199 618; x_wconf 84' lang='lat' dir='ltr'>fulta</span> <span class='ocrx_word' id='word_1_116' title='bbox 1219 583 1256 618; x_wconf 85' lang='lat' dir='ltr'>in</span> <span class='ocrx_word' id='word_1_117' title='bbox 1279 593 1370 622; x_wconf 81' lang='lat' dir='ltr'>areae</span> <span class='ocrx_word' id='word_1_118' title='bbox 1392 583 1473 621; x_wconf 90' lang='lat' dir='ltr'>solo</span> <span class='ocrx_word' id='word_1_119' title='bbox 1494 584 1645 622; x_wconf 79' lang='lat' dir='ltr'>habebit</span> <span class='ocrx_word' id='word_1_120' title='bbox 1666 597 1748 623; x_wconf 79' lang='lat' dir='ltr'>eam</span> 
     </span>
     <span class='ocr_line' id='line_1_12' title="bbox 150 636 1749 690; baseline 0.001 -14"><span class='ocrx_word' id='word_1_121' title='bbox 150 652 219 690; x_wconf 85' lang='lat' dir='ltr'>pro</span> <span class='ocrx_word' id='word_1_122' title='bbox 239 650 374 677; x_wconf 88' lang='lat' dir='ltr'>onere:</span> <span class='ocrx_word' id='word_1_123' title='bbox 394 640 517 675; x_wconf 88' lang='lat' dir='ltr'>oneris</span> <span class='ocrx_word' id='word_1_124' title='bbox 536 636 782 687; x_wconf 81' lang='lat' dir='ltr'>autemipsms</span> <span class='ocrx_word' id='word_1_125' title='bbox 803 638 983 685; x_wconf 84' lang='lat' dir='ltr'>angulum</span> <span class='ocrx_word' id='word_1_126' title='bbox 1002 649 1071 686; x_wconf 85' lang='lat' dir='ltr'>pro</span> <span class='ocrx_word' id='word_1_127' title='bbox 1090 636 1293 687; x_wconf 80' lang='lat' dir='ltr'>preffione:</span> <span class='ocrx_word' id='word_1_128' title='bbox 1319 640 1368 674; x_wconf 83' lang='lat' dir='ltr'>ita</span> <span class='ocrx_word' id='word_1_129' title='bbox 1389 652 1466 677; x_wconf 92' lang='lat' dir='ltr'>non</span> <span class='ocrx_word' id='word_1_130' title='bbox 1487 651 1563 678; x_wconf 75' lang='lat' dir='ltr'>tam</span> <span class='ocrx_word' id='word_1_131' title='bbox 1582 641 1749 687; x_wconf 71' lang='lat' dir='ltr'>faciliter,</span> 
     </span>
     <span class='ocr_line' id='line_1_13' title="bbox 151 691 1747 745; baseline 0.001 -13"><span class='ocrx_word' id='word_1_132' title='bbox 151 708 263 745; x_wconf 85' lang='lat' dir='ltr'>quam</span> <span class='ocrx_word' id='word_1_133' title='bbox 276 707 340 745; x_wconf 90' lang='lat' dir='ltr'>per</span> <span class='ocrx_word' id='word_1_134' title='bbox 352 691 585 745; x_wconf 84' lang='lat' dir='ltr'>pressionem,</span> <span class='ocrx_word' id='word_1_135' title='bbox 599 692 657 730; x_wconf 88' lang='lat' dir='ltr'>sed</span> <span class='ocrx_word' id='word_1_136' title='bbox 669 692 836 730; x_wconf 86' lang='lat' dir='ltr'>adversus</span> <span class='ocrx_word' id='word_1_137' title='bbox 848 692 1094 729; x_wconf 88' lang='lat' dir='ltr'>nihilominus</span> <span class='ocrx_word' id='word_1_138' title='bbox 1106 695 1142 729; x_wconf 90' lang='lat' dir='ltr'>in</span> <span class='ocrx_word' id='word_1_139' title='bbox 1154 694 1301 743; x_wconf 84' lang='lat' dir='ltr'>pondus</span> <span class='ocrx_word' id='word_1_140' title='bbox 1313 697 1436 732; x_wconf 84' lang='lat' dir='ltr'>oneris</span> <span class='ocrx_word' id='word_1_141' title='bbox 1450 699 1517 734; x_wconf 87' lang='lat' dir='ltr'>erit</span> <span class='ocrx_word' id='word_1_142' title='bbox 1529 699 1747 735; x_wconf 78' lang='lat' dir='ltr'>excitatum.</span> 
     </span>
     <span class='ocr_line' id='line_1_14' title="bbox 151 747 1749 803; baseline 0.001 -15"><span class='ocrx_word' id='word_1_143' title='bbox 151 753 263 801; x_wconf 77' lang='lat' dir='ltr'>Igitur</span> <span class='ocrx_word' id='word_1_144' title='bbox 274 751 299 787; x_wconf 85' lang='lat' dir='ltr'>sl</span> <span class='ocrx_word' id='word_1_145' title='bbox 310 752 389 801; x_wconf 82' lang='lat' dir='ltr'>plus</span> <span class='ocrx_word' id='word_1_146' title='bbox 400 751 533 799; x_wconf 74' lang='lat' dir='ltr'>lingula</span> <span class='ocrx_word' id='word_1_147' title='bbox 543 749 657 787; x_wconf 67' lang='lat' dir='ltr'>veens</span> <span class='ocrx_word' id='word_1_148' title='bbox 666 747 768 798; x_wconf 80' lang='lat' dir='ltr'>supra</span> <span class='ocrx_word' id='word_1_149' title='bbox 779 747 1083 798; x_wconf 83' lang='lat' dir='ltr'>hypomochlion</span> <span class='ocrx_word' id='word_1_150' title='bbox 1094 749 1211 797; x_wconf 78' lang='lat' dir='ltr'>polita</span> <span class='ocrx_word' id='word_1_151' title='bbox 1227 748 1291 785; x_wconf 86' lang='lat' dir='ltr'>sub</span> <span class='ocrx_word' id='word_1_152' title='bbox 1302 762 1398 787; x_wconf 78' lang='lat' dir='ltr'>onus</span> <span class='ocrx_word' id='word_1_153' title='bbox 1411 751 1573 790; x_wconf 67' lang='lat' dir='ltr'>subierit,</span> <span class='ocrx_word' id='word_1_154' title='bbox 1589 753 1624 788; x_wconf 63' lang='grc'>8(</span> <span class='ocrx_word' id='word_1_155' title='bbox 1638 762 1749 803; x_wconf 85' lang='lat' dir='ltr'>caput</span> 
     </span>
     <span class='ocr_line' id='line_1_15' title="bbox 151 799 1751 857; baseline 0.001 -13"><span class='ocrx_word' id='word_1_156' title='bbox 151 810 229 847; x_wconf 68' lang='lat' dir='ltr'>eius</span> <span class='ocrx_word' id='word_1_157' title='bbox 250 809 401 857; x_wconf 82' lang='lat' dir='ltr'>propius</span> <span class='ocrx_word' id='word_1_158' title='bbox 413 815 580 843; x_wconf 85' lang='lat' dir='ltr'>centrum</span> <span class='ocrx_word' id='word_1_159' title='bbox 591 803 793 854; x_wconf 74' lang='lat' dir='ltr'>pressiones</span> <span class='ocrx_word' id='word_1_160' title='bbox 804 803 991 843; x_wconf 73' lang='lat' dir='ltr'>habuerit,</span> <span class='ocrx_word' id='word_1_161' title='bbox 1007 815 1084 840; x_wconf 89' lang='lat' dir='ltr'>non</span> <span class='ocrx_word' id='word_1_162' title='bbox 1100 805 1240 853; x_wconf 85' lang='lat' dir='ltr'>poterit</span> <span class='ocrx_word' id='word_1_163' title='bbox 1250 816 1345 841; x_wconf 89' lang='lat' dir='ltr'>onus</span> <span class='ocrx_word' id='word_1_164' title='bbox 1359 807 1513 851; x_wconf 73' lang='lat' dir='ltr'>elevare,</span> <span class='ocrx_word' id='word_1_165' title='bbox 1528 807 1589 843; x_wconf 88' lang='lat' dir='ltr'>nisi</span> <span class='ocrx_word' id='word_1_166' title='bbox 1604 799 1751 857; x_wconf 85' lang='lat' dir='ltr'>(quem-</span> 
     </span>
     <span class='ocr_line' id='line_1_16' title="bbox 150 861 1749 911; baseline 0 -11"><span class='ocrx_word' id='word_1_167' title='bbox 150 863 357 900; x_wconf 86' lang='lat' dir='ltr'>admodum</span> <span class='ocrx_word' id='word_1_168' title='bbox 370 862 658 911; x_wconf 84' lang='lat' dir='ltr'>suprascriptum</span> <span class='ocrx_word' id='word_1_169' title='bbox 675 861 745 907; x_wconf 67' lang='lat' dir='ltr'>est)</span> <span class='ocrx_word' id='word_1_170' title='bbox 770 861 998 898; x_wconf 82' lang='lat' dir='ltr'>examinatio</span> <span class='ocrx_word' id='word_1_171' title='bbox 1012 861 1286 910; x_wconf 69' lang='lat' dir='ltr'>ve&amp;i51011gius</span> <span class='ocrx_word' id='word_1_172' title='bbox 1297 873 1362 910; x_wconf 87' lang='lat' dir='ltr'>per</span> <span class='ocrx_word' id='word_1_173' title='bbox 1375 873 1500 911; x_wconf 79' lang='lat' dir='ltr'>caput,</span> <span class='ocrx_word' id='word_1_174' title='bbox 1515 875 1637 911; x_wconf 83' lang='lat' dir='ltr'>neque</span> <span class='ocrx_word' id='word_1_175' title='bbox 1651 866 1749 903; x_wconf 80' lang='lat' dir='ltr'>iuxta</span> 
     </span>
     <span class='ocr_line' id='line_1_17' title="bbox 150 916 1750 965; baseline 0.001 -10"><span class='ocrx_word' id='word_1_176' title='bbox 150 931 250 956; x_wconf 78' lang='lat' dir='ltr'>onus</span> <span class='ocrx_word' id='word_1_177' title='bbox 267 918 374 957; x_wconf 70' lang='lat' dir='ltr'>fuerit</span> <span class='ocrx_word' id='word_1_178' title='bbox 384 917 488 955; x_wconf 68' lang='lat' dir='ltr'>facta.</span> <span class='ocrx_word' id='word_1_179' title='bbox 519 918 562 953; x_wconf 85' lang='lat' dir='ltr'>lcl</span> <span class='ocrx_word' id='word_1_180' title='bbox 579 927 703 954; x_wconf 84' lang='lat' dir='ltr'>autem</span> <span class='ocrx_word' id='word_1_181' title='bbox 723 928 767 953; x_wconf 81' lang='lat' dir='ltr'>ex</span> <span class='ocrx_word' id='word_1_182' title='bbox 789 918 844 961; x_wconf 83' lang='lat' dir='ltr'>[c]</span> <span class='ocrx_word' id='word_1_183' title='bbox 865 917 1030 955; x_wconf 88' lang='lat' dir='ltr'>trutinis,</span> <span class='ocrx_word' id='word_1_184' title='bbox 1055 929 1140 965; x_wconf 85' lang='lat' dir='ltr'>quae</span> <span class='ocrx_word' id='word_1_185' title='bbox 1160 916 1292 953; x_wconf 79' lang='lat' dir='ltr'>statera:</span> <span class='ocrx_word' id='word_1_186' title='bbox 1313 916 1504 955; x_wconf 82' lang='lat' dir='ltr'>dicuntur,</span> <span class='ocrx_word' id='word_1_187' title='bbox 1528 919 1615 955; x_wconf 89' lang='lat' dir='ltr'>licet</span> <span class='ocrx_word' id='word_1_188' title='bbox 1633 919 1750 956; x_wconf 83' lang='lat' dir='ltr'>consi-</span> 
     </span>
     <span class='ocr_line' id='line_1_18' title="bbox 150 972 1749 1023; baseline 0.001 -12"><span class='ocrx_word' id='word_1_189' title='bbox 150 975 287 1012; x_wconf 81' lang='lat' dir='ltr'>derare.</span> <span class='ocrx_word' id='word_1_190' title='bbox 319 976 422 1012; x_wconf 89' lang='lat' dir='ltr'>Cum</span> <span class='ocrx_word' id='word_1_191' title='bbox 443 975 545 1010; x_wconf 86' lang='lat' dir='ltr'>enim</span> <span class='ocrx_word' id='word_1_192' title='bbox 558 972 640 1009; x_wconf 78' lang='lat' dir='ltr'>ansa</span> <span class='ocrx_word' id='word_1_193' title='bbox 652 973 805 1023; x_wconf 84' lang='lat' dir='ltr'>propius</span> <span class='ocrx_word' id='word_1_194' title='bbox 826 981 960 1021; x_wconf 81' lang='lat' dir='ltr'>caput,</span> <span class='ocrx_word' id='word_1_195' title='bbox 981 972 1078 1009; x_wconf 86' lang='lat' dir='ltr'>unde</span> <span class='ocrx_word' id='word_1_196' title='bbox 1096 973 1242 1009; x_wconf 84' lang='lat' dir='ltr'>lancula</span> <span class='ocrx_word' id='word_1_197' title='bbox 1259 972 1414 1022; x_wconf 82' lang='lat' dir='ltr'>pendet,</span> <span class='ocrx_word' id='word_1_198' title='bbox 1437 975 1500 1010; x_wconf 89' lang='lat' dir='ltr'>ubi</span> <span class='ocrx_word' id='word_1_199' title='bbox 1518 984 1558 1010; x_wconf 92' lang='lat' dir='ltr'>ut</span> <span class='ocrx_word' id='word_1_200' title='bbox 1573 980 1749 1013; x_wconf 83' lang='lat' dir='ltr'>centrum</span> 
     </span>
     <span class='ocr_line' id='line_1_19' title="bbox 149 1026 1748 1080; baseline 0 -14"><span class='ocrx_word' id='word_1_201' title='bbox 149 1030 198 1067; x_wconf 87' lang='lat' dir='ltr'>est</span> <span class='ocrx_word' id='word_1_202' title='bbox 211 1030 413 1073; x_wconf 81' lang='lat' dir='ltr'>collocata,</span> <span class='ocrx_word' id='word_1_203' title='bbox 424 1031 460 1066; x_wconf 71' lang='grc' dir='ltr'>δε</span> <span class='ocrx_word' id='word_1_204' title='bbox 473 1028 760 1079; x_wconf 71' lang='lat' dir='ltr'>:cquipondium</span> <span class='ocrx_word' id='word_1_205' title='bbox 772 1029 810 1063; x_wconf 89' lang='lat' dir='ltr'>in</span> <span class='ocrx_word' id='word_1_206' title='bbox 822 1028 975 1064; x_wconf 85' lang='lat' dir='ltr'>alteram</span> <span class='ocrx_word' id='word_1_207' title='bbox 988 1039 1131 1079; x_wconf 83' lang='lat' dir='ltr'>partem</span> <span class='ocrx_word' id='word_1_208' title='bbox 1143 1026 1239 1078; x_wconf 82' lang='lat' dir='ltr'>scapi</span> <span class='ocrx_word' id='word_1_209' title='bbox 1251 1040 1313 1078; x_wconf 90' lang='lat' dir='ltr'>per</span> <span class='ocrx_word' id='word_1_210' title='bbox 1323 1040 1397 1080; x_wconf 85' lang='lat' dir='ltr'>pun</span> <span class='ocrx_word' id='word_1_211' title='bbox 1404 1030 1460 1067; x_wconf 65' lang='lat' dir='ltr'>&amp;a</span> <span class='ocrx_word' id='word_1_212' title='bbox 1471 1029 1656 1078; x_wconf 76' lang='lat' dir='ltr'>vagando,</span> <span class='ocrx_word' id='word_1_213' title='bbox 1669 1042 1748 1079; x_wconf 86' lang='lat' dir='ltr'>quo</span> 
     </span>
     <span class='ocr_line' id='line_1_20' title="bbox 148 1082 1752 1137; baseline -0.001 -13"><span class='ocrx_word' id='word_1_214' title='bbox 148 1087 383 1135; x_wconf 81' lang='lat' dir='ltr'>longius,aut</span> <span class='ocrx_word' id='word_1_215' title='bbox 398 1087 511 1122; x_wconf 84' lang='lat' dir='ltr'>etiam</span> <span class='ocrx_word' id='word_1_216' title='bbox 523 1085 566 1121; x_wconf 84' lang='lat' dir='ltr'>acl</span> <span class='ocrx_word' id='word_1_217' title='bbox 577 1093 788 1121; x_wconf 82' lang='lat' dir='ltr'>extremum</span> <span class='ocrx_word' id='word_1_218' title='bbox 801 1082 1013 1133; x_wconf 89' lang='lat' dir='ltr'>perducitur</span> <span class='ocrx_word' id='word_1_219' title='bbox 1030 1085 1143 1134; x_wconf 86' lang='lat' dir='ltr'>paulo</span> <span class='ocrx_word' id='word_1_220' title='bbox 1158 1113 1168 1128; x_wconf 90' lang='lat'><em>‚</em></span> <span class='ocrx_word' id='word_1_221' title='bbox 1189 1085 1299 1121; x_wconf 86' lang='lat' dir='ltr'>etiam</span> <span class='ocrx_word' id='word_1_222' title='bbox 1321 1087 1399 1134; x_wconf 75' lang='lat' dir='ltr'>pari</span> <span class='ocrx_word' id='word_1_223' title='bbox 1418 1086 1584 1135; x_wconf 88' lang='lat' dir='ltr'>pondere</span> <span class='ocrx_word' id='word_1_224' title='bbox 1607 1085 1752 1137; x_wconf 85' lang='lat' dir='ltr'>amplis-</span> 
     </span>
     <span class='ocr_line' id='line_1_21' title="bbox 150 1138 1748 1192; baseline 0.001 -13"><span class='ocrx_word' id='word_1_225' title='bbox 150 1141 280 1179; x_wconf 82' lang='lat' dir='ltr'>simam</span> <span class='ocrx_word' id='word_1_226' title='bbox 310 1140 526 1192; x_wconf 81' lang='lat' dir='ltr'>peufioncm</span> <span class='ocrx_word' id='word_1_227' title='bbox 553 1151 681 1190; x_wconf 80' lang='lat' dir='ltr'>parem</span> <span class='ocrx_word' id='word_1_228' title='bbox 701 1138 847 1188; x_wconf 85' lang='lat' dir='ltr'>perficit</span> <span class='ocrx_word' id='word_1_229' title='bbox 868 1168 878 1183; x_wconf 91' lang='lat'>‚</span> <span class='ocrx_word' id='word_1_230' title='bbox 907 1151 971 1189; x_wconf 92' lang='lat' dir='ltr'>per</span> <span class='ocrx_word' id='word_1_231' title='bbox 991 1138 1086 1189; x_wconf 86' lang='lat' dir='ltr'>scapi</span> <span class='ocrx_word' id='word_1_232' title='bbox 1108 1140 1348 1177; x_wconf 77' lang='lat' dir='ltr'>librationem</span> <span class='ocrx_word' id='word_1_233' title='bbox 1366 1144 1402 1179; x_wconf 73' lang='grc' dir='ltr'>δε</span> <span class='ocrx_word' id='word_1_234' title='bbox 1430 1143 1748 1180; x_wconf 80' lang='lat' dir='ltr'>examinationem</span> 
     </span>
     <span class='ocr_line' id='line_1_22' title="bbox 149 1194 1751 1247; baseline 0.001 -13"><span class='ocrx_word' id='word_1_235' title='bbox 149 1198 298 1247; x_wconf 80' lang='lat' dir='ltr'>longius</span> <span class='ocrx_word' id='word_1_236' title='bbox 318 1196 339 1233; x_wconf 73' lang='grc' dir='ltr'>ὲ</span> <span class='ocrx_word' id='word_1_237' title='bbox 359 1207 489 1234; x_wconf 90' lang='lat' dir='ltr'>centro</span> <span class='ocrx_word' id='word_1_238' title='bbox 509 1196 760 1233; x_wconf 85' lang='lat' dir='ltr'>recedentem.</span> <span class='ocrx_word' id='word_1_239' title='bbox 794 1196 847 1232; x_wconf 84' lang='lat' dir='ltr'>lta</span> <span class='ocrx_word' id='word_1_240' title='bbox 864 1194 1090 1233; x_wconf 86' lang='lat' dir='ltr'>imbecillior</span> <span class='ocrx_word' id='word_1_241' title='bbox 1109 1196 1342 1247; x_wconf 78' lang='lat' dir='ltr'>aequipondii</span> <span class='ocrx_word' id='word_1_242' title='bbox 1361 1197 1540 1237; x_wconf 82' lang='lat' dir='ltr'>brevitas,</span> <span class='ocrx_word' id='word_1_243' title='bbox 1563 1199 1751 1243; x_wconf 80' lang='lat' dir='ltr'>majorem</span> 
     </span>
    </p>

    <p class='ocr_par' dir='ltr' id='par_1_4' title="bbox 1050 1251 1751 1292">
     <span class='ocr_line' id='line_1_23' title="bbox 1050 1251 1751 1292; baseline 0.003 -4"><span class='ocrx_word' id='word_1_244' title='bbox 1050 1253 1088 1288; x_wconf 95' lang='lat' dir='ltr'>D</span> <span class='ocrx_word' id='word_1_245' title='bbox 1102 1251 1125 1288; x_wconf 89' lang='lat' dir='ltr'>d</span> <span class='ocrx_word' id='word_1_246' title='bbox 1164 1262 1179 1292; x_wconf 83' lang='lat'>3</span> <span class='ocrx_word' id='word_1_247' title='bbox 1412 1285 1417 1289; x_wconf 96' lang='lat'>.</span> <span class='ocrx_word' id='word_1_248' title='bbox 1670 1255 1751 1291; x_wconf 87' lang='lat' dir='ltr'>vim</span> 
     </span>
    </p>
   </div>
   <div class='ocr_carea' id='block_1_4' title="bbox 160 1316 1735 1322">
    <p class='ocr_par' dir='ltr' id='par_1_5' title="bbox 160 1316 1735 1322">
     <span class='ocr_line' id='line_1_24' title="bbox 160 1316 1735 1322; baseline 0 0"><span class='ocrx_word' id='word_1_249' title='bbox 160 1316 1735 1322; x_wconf 95' lang='lat' dir='ltr'> </span> 
     </span>
    </p>
   </div>
   <div class='ocr_carea' id='block_1_5' title="bbox 147 1351 1760 3041">
    <p class='ocr_par' dir='ltr' id='par_1_6' title="bbox 149 1351 1756 1679">
     <span class='ocr_line' id='line_1_25' title="bbox 149 1351 1752 1393; baseline -0.002 -11"><span class='ocrx_word' id='word_1_250' title='bbox 149 1354 177 1389; x_wconf 85' lang='lat' dir='ltr'>b]</span> <span class='ocrx_word' id='word_1_251' title='bbox 193 1353 292 1381; x_wconf 84' lang='lat' dir='ltr'>&#39;Idem.</span> <span class='ocrx_word' id='word_1_252' title='bbox 312 1353 439 1382; x_wconf 60' lang='lat' dir='ltr'>Vestibus</span> <span class='ocrx_word' id='word_1_253' title='bbox 452 1375 459 1386; x_wconf 92' lang='lat'>‚</span> <span class='ocrx_word' id='word_1_254' title='bbox 478 1353 504 1381; x_wconf 88' lang='lat' dir='ltr'>id</span> <span class='ocrx_word' id='word_1_255' title='bbox 513 1354 548 1382; x_wconf 86' lang='lat' dir='ltr'>est</span> <span class='ocrx_word' id='word_1_256' title='bbox 559 1374 566 1386; x_wconf 82' lang='lat'>‚</span> <span class='ocrx_word' id='word_1_257' title='bbox 584 1353 719 1393; x_wconf 78' lang='lat' dir='ltr'>lingulatis</span> <span class='ocrx_word' id='word_1_258' title='bbox 731 1353 773 1382; x_wconf 83' lang='lat' dir='ltr'>seu</span> <span class='ocrx_word' id='word_1_259' title='bbox 784 1355 899 1382; x_wconf 77' lang='lat' dir='ltr'>rostratis</span> <span class='ocrx_word' id='word_1_260' title='bbox 911 1354 975 1393; x_wconf 78' lang='lat' dir='ltr'>palis</span> <span class='ocrx_word' id='word_1_261' title='bbox 984 1351 1087 1387; x_wconf 81' lang='lat' dir='ltr'>ferreis,</span> <span class='ocrx_word' id='word_1_262' title='bbox 1101 1362 1145 1383; x_wconf 81' lang='lat' dir='ltr'>aut</span> <span class='ocrx_word' id='word_1_263' title='bbox 1158 1353 1264 1393; x_wconf 71' lang='lat' dir='ltr'>ligneis.</span> <span class='ocrx_word' id='word_1_264' title='bbox 1277 1355 1378 1381; x_wconf 87' lang='lat' dir='ltr'>utimur</span> <span class='ocrx_word' id='word_1_265' title='bbox 1390 1353 1530 1381; x_wconf 83' lang='lat' dir='ltr'>movendis</span> <span class='ocrx_word' id='word_1_266' title='bbox 1542 1351 1685 1380; x_wconf 80' lang='lat' dir='ltr'>oneribus:</span> <span class='ocrx_word' id='word_1_267' title='bbox 1705 1362 1752 1380; x_wconf 79' lang='lat' dir='ltr'>eos</span> 
     </span>
     <span class='ocr_line' id='line_1_26' title="bbox 191 1391 1756 1434; baseline -0.001 -12"><span class='ocrx_word' id='word_1_268' title='bbox 191 1396 277 1422; x_wconf 78' lang='lat' dir='ltr'>Graeci</span> <span class='ocrx_word' id='word_1_269' title='bbox 288 1394 391 1430; x_wconf 64' lang='grc' dir='ltr'>μθχλίκ</span> <span class='ocrx_word' id='word_1_270' title='bbox 403 1404 511 1422; x_wconf 77' lang='lat' dir='ltr'>vocant.</span> <span class='ocrx_word' id='word_1_271' title='bbox 539 1394 613 1422; x_wconf 84' lang='lat' dir='ltr'>Vnde</span> <span class='ocrx_word' id='word_1_272' title='bbox 625 1393 792 1429; x_wconf 60' lang='grc' dir='ltr'>κ’κημᾴχλων</span> <span class='ocrx_word' id='word_1_273' title='bbox 813 1395 884 1434; x_wconf 84' lang='lat' dir='ltr'>quod</span> <span class='ocrx_word' id='word_1_274' title='bbox 896 1395 965 1423; x_wconf 68' lang='lat' dir='ltr'>veCli</span> <span class='ocrx_word' id='word_1_275' title='bbox 976 1393 1125 1431; x_wconf 81' lang='lat' dir='ltr'>subjicitur.</span> <span class='ocrx_word' id='word_1_276' title='bbox 1148 1395 1285 1423; x_wconf 82' lang='lat' dir='ltr'>Vitruvius</span> <span class='ocrx_word' id='word_1_277' title='bbox 1306 1391 1466 1433; x_wconf 82' lang='lat' dir='ltr'>pressionem</span> <span class='ocrx_word' id='word_1_278' title='bbox 1476 1394 1598 1434; x_wconf 77' lang='lat' dir='ltr'>appellat.</span> <span class='ocrx_word' id='word_1_279' title='bbox 1623 1393 1696 1421; x_wconf 75' lang='lat' dir='ltr'>lllius</span> <span class='ocrx_word' id='word_1_280' title='bbox 1707 1403 1756 1421; x_wconf 81' lang='lat' dir='ltr'>au-</span> 
     </span>
     <span class='ocr_line' id='line_1_27' title="bbox 187 1432 1756 1478; baseline -0.001 -16"><span class='ocrx_word' id='word_1_281' title='bbox 187 1444 243 1462; x_wconf 89' lang='lat' dir='ltr'>tern</span> <span class='ocrx_word' id='word_1_282' title='bbox 255 1435 345 1476; x_wconf 72' lang='lat' dir='ltr'>lingua</span> <span class='ocrx_word' id='word_1_283' title='bbox 356 1437 430 1463; x_wconf 85' lang='lat' dir='ltr'>oneri</span> <span class='ocrx_word' id='word_1_284' title='bbox 441 1435 554 1467; x_wconf 73' lang='lat' dir='ltr'>subdita,</span> <span class='ocrx_word' id='word_1_285' title='bbox 565 1435 615 1478; x_wconf 58' lang='lat' dir='ltr'>live</span> <span class='ocrx_word' id='word_1_286' title='bbox 627 1436 720 1466; x_wconf 82' lang='lat' dir='ltr'>rostro,</span> <span class='ocrx_word' id='word_1_287' title='bbox 733 1436 815 1469; x_wconf 87' lang='lat' dir='ltr'>(unde</span> <span class='ocrx_word' id='word_1_288' title='bbox 829 1437 971 1464; x_wconf 77' lang='lat' dir='ltr'>rostratum</span> <span class='ocrx_word' id='word_1_289' title='bbox 981 1438 1087 1464; x_wconf 59' lang='lat' dir='ltr'>vectem</span> <span class='ocrx_word' id='word_1_290' title='bbox 1107 1436 1206 1464; x_wconf 79' lang='lat' dir='ltr'>Plinius</span> <span class='ocrx_word' id='word_1_291' title='bbox 1216 1436 1346 1475; x_wconf 76' lang='lat' dir='ltr'>intelligit</span> <span class='ocrx_word' id='word_1_292' title='bbox 1357 1436 1402 1463; x_wconf 86' lang='lat' dir='ltr'>lib.</span> <span class='ocrx_word' id='word_1_293' title='bbox 1414 1446 1501 1463; x_wconf 81' lang='lat' dir='ltr'>xviii.</span> <span class='ocrx_word' id='word_1_294' title='bbox 1514 1445 1570 1474; x_wconf 80' lang='lat' dir='ltr'>cap.</span> <span class='ocrx_word' id='word_1_295' title='bbox 1583 1435 1636 1468; x_wconf 82' lang='lat'>18.)</span> <span class='ocrx_word' id='word_1_296' title='bbox 1659 1437 1682 1461; x_wconf 71' lang='grc' dir='ltr'>ἅ·</span> <span class='ocrx_word' id='word_1_297' title='bbox 1693 1432 1756 1472; x_wconf 88' lang='lat' dir='ltr'>sup-</span> 
     </span>
     <span class='ocr_line' id='line_1_28' title="bbox 188 1474 1754 1516; baseline -0.001 -13"><span class='ocrx_word' id='word_1_298' title='bbox 188 1475 276 1516; x_wconf 82' lang='lat' dir='ltr'>polito</span> <span class='ocrx_word' id='word_1_299' title='bbox 286 1475 493 1515; x_wconf 78' lang='lat' dir='ltr'>hypomochlio,</span> <span class='ocrx_word' id='word_1_300' title='bbox 513 1474 599 1514; x_wconf 87' lang='lat' dir='ltr'>presso</span> <span class='ocrx_word' id='word_1_301' title='bbox 610 1478 695 1514; x_wconf 76' lang='lat' dir='ltr'>capite</span> <span class='ocrx_word' id='word_1_302' title='bbox 705 1487 759 1504; x_wconf 89' lang='lat' dir='ltr'>nou</span> <span class='ocrx_word' id='word_1_303' title='bbox 771 1487 879 1516; x_wconf 81' lang='lat' dir='ltr'>parvam</span> <span class='ocrx_word' id='word_1_304' title='bbox 889 1474 985 1505; x_wconf 81' lang='lat' dir='ltr'>adferri</span> <span class='ocrx_word' id='word_1_305' title='bbox 999 1476 1156 1504; x_wconf 84' lang='lat' dir='ltr'>extollendo</span> <span class='ocrx_word' id='word_1_306' title='bbox 1164 1477 1239 1504; x_wconf 89' lang='lat' dir='ltr'>oneri</span> <span class='ocrx_word' id='word_1_307' title='bbox 1249 1474 1404 1504; x_wconf 73' lang='lat' dir='ltr'>facultatem</span> <span class='ocrx_word' id='word_1_308' title='bbox 1415 1477 1518 1504; x_wconf 77' lang='lat' dir='ltr'>senties.</span> <span class='ocrx_word' id='word_1_309' title='bbox 1533 1474 1686 1503; x_wconf 78' lang='lat' dir='ltr'>Aristoteles</span> <span class='ocrx_word' id='word_1_310' title='bbox 1696 1484 1754 1502; x_wconf 84' lang='lat' dir='ltr'>me-</span> 
     </span>
     <span class='ocr_line' id='line_1_29' title="bbox 189 1513 1752 1556; baseline -0.002 -11"><span class='ocrx_word' id='word_1_311' title='bbox 189 1516 322 1545; x_wconf 60' lang='lat' dir='ltr'>chanicffii</span> <span class='ocrx_word' id='word_1_312' title='bbox 340 1518 482 1556; x_wconf 63' lang='lat' dir='ltr'>quaestione</span> <span class='ocrx_word' id='word_1_313' title='bbox 499 1518 576 1545; x_wconf 76' lang='lat' dir='ltr'>tertia</span> <span class='ocrx_word' id='word_1_314' title='bbox 587 1516 638 1544; x_wconf 77' lang='lat' dir='ltr'>lioc</span> <span class='ocrx_word' id='word_1_315' title='bbox 656 1518 761 1556; x_wconf 77' lang='lat' dir='ltr'>probat.</span> <span class='ocrx_word' id='word_1_316' title='bbox 787 1519 825 1546; x_wconf 82' lang='lat' dir='ltr'>Ex</span> <span class='ocrx_word' id='word_1_317' title='bbox 838 1528 892 1556; x_wconf 85' lang='lat' dir='ltr'>quo</span> <span class='ocrx_word' id='word_1_318' title='bbox 911 1517 980 1545; x_wconf 85' lang='lat' dir='ltr'>libro</span> <span class='ocrx_word' id='word_1_319' title='bbox 991 1518 1096 1545; x_wconf 79' lang='lat' dir='ltr'>videtur</span> <span class='ocrx_word' id='word_1_320' title='bbox 1112 1518 1247 1545; x_wconf 86' lang='lat' dir='ltr'>Vitruvius</span> <span class='ocrx_word' id='word_1_321' title='bbox 1258 1538 1264 1550; x_wconf 91' lang='lat'><em>,</em></span> <span class='ocrx_word' id='word_1_322' title='bbox 1277 1527 1335 1556; x_wconf 83' lang='lat' dir='ltr'>quae</span> <span class='ocrx_word' id='word_1_323' title='bbox 1348 1517 1400 1545; x_wconf 85' lang='lat' dir='ltr'>hoc</span> <span class='ocrx_word' id='word_1_324' title='bbox 1416 1514 1502 1555; x_wconf 75' lang='lat' dir='ltr'>ca&#39;pite</span> <span class='ocrx_word' id='word_1_325' title='bbox 1513 1516 1672 1547; x_wconf 84' lang='lat' dir='ltr'>scribuntur,</span> <span class='ocrx_word' id='word_1_326' title='bbox 1684 1513 1752 1543; x_wconf 77' lang='lat' dir='ltr'>hau-</span> 
     </span>
     <span class='ocr_line' id='line_1_30' title="bbox 186 1553 1750 1597; baseline -0.003 -12"><span class='ocrx_word' id='word_1_327' title='bbox 186 1553 252 1585; x_wconf 71' lang='lat' dir='ltr'>fiss‘e.</span> <span class='ocrx_word' id='word_1_328' title='bbox 276 1559 412 1597; x_wconf 81' lang='lat' dir='ltr'>Perpetuis</span> <span class='ocrx_word' id='word_1_329' title='bbox 423 1558 466 1585; x_wconf 87' lang='lat' dir='ltr'>ille</span> <span class='ocrx_word' id='word_1_330' title='bbox 475 1567 588 1597; x_wconf 79' lang='lat' dir='ltr'>quatuor</span> <span class='ocrx_word' id='word_1_331' title='bbox 600 1558 734 1596; x_wconf 72' lang='lat' dir='ltr'>vocabulis</span> <span class='ocrx_word' id='word_1_332' title='bbox 746 1559 772 1586; x_wconf 92' lang='lat' dir='ltr'>in</span> <span class='ocrx_word' id='word_1_333' title='bbox 783 1559 1012 1586; x_wconf 79' lang='lat' dir='ltr'>demonstratione</span> <span class='ocrx_word' id='word_1_334' title='bbox 1021 1566 1115 1590; x_wconf 86' lang='lat' dir='ltr'>utitur,</span> <span class='ocrx_word' id='word_1_335' title='bbox 1127 1559 1210 1586; x_wconf 67' lang='lat' dir='ltr'>vestis</span> <span class='ocrx_word' id='word_1_336' title='bbox 1221 1578 1228 1590; x_wconf 84' lang='lat'>‚</span> <span class='ocrx_word' id='word_1_337' title='bbox 1237 1557 1432 1596; x_wconf 81' lang='lat' dir='ltr'>hypomochlii.</span> <span class='ocrx_word' id='word_1_338' title='bbox 1445 1557 1579 1596; x_wconf 78' lang='lat' dir='ltr'>ponderis,</span> <span class='ocrx_word' id='word_1_339' title='bbox 1590 1560 1614 1583; x_wconf 76' lang='grc'>8.·</span> <span class='ocrx_word' id='word_1_340' title='bbox 1625 1555 1750 1583; x_wconf 76' lang='lat' dir='ltr'>motoris:</span> 
     </span>
     <span class='ocr_line' id='line_1_31' title="bbox 188 1595 1750 1638; baseline -0.003 -12"><span class='ocrx_word' id='word_1_341' title='bbox 188 1597 266 1626; x_wconf 84' lang='lat' dir='ltr'>semel</span> <span class='ocrx_word' id='word_1_342' title='bbox 278 1607 369 1627; x_wconf 76' lang='lat' dir='ltr'>autem</span> <span class='ocrx_word' id='word_1_343' title='bbox 380 1600 469 1627; x_wconf 77' lang='lat' dir='ltr'>statuit</span> <span class='ocrx_word' id='word_1_344' title='bbox 484 1620 490 1631; x_wconf 95' lang='lat'>,</span> <span class='ocrx_word' id='word_1_345' title='bbox 511 1607 588 1626; x_wconf 83' lang='lat' dir='ltr'>tanto</span> <span class='ocrx_word' id='word_1_346' title='bbox 599 1596 700 1626; x_wconf 77' lang='lat' dir='ltr'>facilius</span> <span class='ocrx_word' id='word_1_347' title='bbox 718 1602 742 1627; x_wconf 70' lang='grc' dir='ltr'>δι</span> <span class='ocrx_word' id='word_1_348' title='bbox 762 1599 820 1638; x_wconf 85' lang='lat' dir='ltr'>plus</span> <span class='ocrx_word' id='word_1_349' title='bbox 835 1599 960 1638; x_wconf 82' lang='lat' dir='ltr'>ponderis</span> <span class='ocrx_word' id='word_1_350' title='bbox 981 1608 1117 1626; x_wconf 83' lang='lat' dir='ltr'>motorem</span> <span class='ocrx_word' id='word_1_351' title='bbox 1130 1608 1239 1626; x_wconf 87' lang='lat' dir='ltr'>movere</span> <span class='ocrx_word' id='word_1_352' title='bbox 1251 1619 1257 1630; x_wconf 86' lang='lat'>,</span> <span class='ocrx_word' id='word_1_353' title='bbox 1268 1607 1372 1636; x_wconf 83' lang='lat' dir='ltr'>quanto</span> <span class='ocrx_word' id='word_1_354' title='bbox 1386 1598 1419 1625; x_wconf 78' lang='lat' dir='ltr'>ab</span> <span class='ocrx_word' id='word_1_355' title='bbox 1435 1596 1629 1636; x_wconf 82' lang='lat' dir='ltr'>hypomoclilio</span> <span class='ocrx_word' id='word_1_356' title='bbox 1645 1595 1750 1623; x_wconf 83' lang='lat' dir='ltr'>distabit</span> 
     </span>
     <span class='ocr_line' id='line_1_32' title="bbox 186 1638 1541 1679; baseline -0.001 -13"><span class='ocrx_word' id='word_1_357' title='bbox 186 1639 320 1679; x_wconf 77' lang='lat' dir='ltr'>magis.1n</span> <span class='ocrx_word' id='word_1_358' title='bbox 333 1640 452 1668; x_wconf 88' lang='lat' dir='ltr'>editione</span> <span class='ocrx_word' id='word_1_359' title='bbox 463 1638 646 1667; x_wconf 70' lang='lat' dir='ltr'>Monantholii</span> <span class='ocrx_word' id='word_1_360' title='bbox 657 1639 794 1678; x_wconf 79' lang='lat' dir='ltr'>problema</span> <span class='ocrx_word' id='word_1_361' title='bbox 802 1641 839 1668; x_wconf 84' lang='lat' dir='ltr'>est</span> <span class='ocrx_word' id='word_1_362' title='bbox 850 1651 888 1668; x_wconf 83' lang='lat' dir='ltr'>iv.</span> <span class='ocrx_word' id='word_1_363' title='bbox 910 1640 1044 1668; x_wconf 83' lang='lat' dir='ltr'>Potentiae</span> <span class='ocrx_word' id='word_1_364' title='bbox 1054 1640 1136 1668; x_wconf 68' lang='lat' dir='ltr'>veens</span> <span class='ocrx_word' id='word_1_365' title='bbox 1146 1639 1229 1667; x_wconf 76' lang='lat' dir='ltr'>causa.</span> <span class='ocrx_word' id='word_1_366' title='bbox 1245 1639 1313 1666; x_wconf 88' lang='lat' dir='ltr'>Vide</span> <span class='ocrx_word' id='word_1_367' title='bbox 1324 1648 1381 1676; x_wconf 73' lang='lat' dir='ltr'>qux</span> <span class='ocrx_word' id='word_1_368' title='bbox 1392 1638 1541 1665; x_wconf 79' lang='lat' dir='ltr'>annotavit.</span> 
     </span>
    </p>

    <p class='ocr_par' dir='ltr' id='par_1_7' title="bbox 147 1676 1754 1800">
     <span class='ocr_line' id='line_1_33' title="bbox 147 1676 1750 1719; baseline -0.002 -13"><span class='ocrx_word' id='word_1_369' title='bbox 147 1681 172 1714; x_wconf 82' lang='lat' dir='ltr'>c]</span> <span class='ocrx_word' id='word_1_370' title='bbox 209 1680 359 1708; x_wconf 53' lang='lat' dir='ltr'>I&#39;hilauder⁴</span> <span class='ocrx_word' id='word_1_371' title='bbox 381 1683 423 1709; x_wconf 92' lang='lat' dir='ltr'>De</span> <span class='ocrx_word' id='word_1_372' title='bbox 433 1680 480 1708; x_wconf 75' lang='lat' dir='ltr'>hac</span> <span class='ocrx_word' id='word_1_373' title='bbox 493 1691 519 1708; x_wconf 88' lang='lat' dir='ltr'>re</span> <span class='ocrx_word' id='word_1_374' title='bbox 532 1680 590 1708; x_wconf 89' lang='lat' dir='ltr'>vide</span> <span class='ocrx_word' id='word_1_375' title='bbox 602 1682 775 1719; x_wconf 78' lang='lat' dir='ltr'>quaellionem</span> <span class='ocrx_word' id='word_1_376' title='bbox 787 1691 845 1709; x_wconf 81' lang='lat' dir='ltr'>xxt.</span> <span class='ocrx_word' id='word_1_377' title='bbox 858 1679 1038 1708; x_wconf 58' lang='lat' dir='ltr'>mechanicam</span> <span class='ocrx_word' id='word_1_378' title='bbox 1050 1680 1207 1707; x_wconf 77' lang='lat' dir='ltr'>Aristotelis.</span> <span class='ocrx_word' id='word_1_379' title='bbox 1227 1679 1404 1707; x_wconf 76' lang='lat' dir='ltr'>Trutinarum</span> <span class='ocrx_word' id='word_1_380' title='bbox 1414 1687 1502 1706; x_wconf 80' lang='lat' dir='ltr'>autem</span> <span class='ocrx_word' id='word_1_381' title='bbox 1512 1678 1566 1705; x_wconf 91' lang='lat' dir='ltr'>duo</span> <span class='ocrx_word' id='word_1_382' title='bbox 1574 1676 1633 1705; x_wconf 84' lang='lat' dir='ltr'>sunt</span> <span class='ocrx_word' id='word_1_383' title='bbox 1642 1685 1750 1716; x_wconf 72' lang='lat' dir='ltr'>genera.</span> 
     </span>
     <span class='ocr_line' id='line_1_34' title="bbox 189 1718 1751 1761; baseline -0.002 -14"><span class='ocrx_word' id='word_1_384' title='bbox 189 1723 285 1752; x_wconf 78' lang='lat' dir='ltr'>Vnum.</span> <span class='ocrx_word' id='word_1_385' title='bbox 299 1721 370 1759; x_wconf 86' lang='lat' dir='ltr'>quod</span> <span class='ocrx_word' id='word_1_386' title='bbox 381 1721 458 1759; x_wconf 77' lang='lat' dir='ltr'>scapo</span> <span class='ocrx_word' id='word_1_387' title='bbox 469 1721 520 1748; x_wconf 84' lang='lat' dir='ltr'>live</span> <span class='ocrx_word' id='word_1_388' title='bbox 530 1722 594 1761; x_wconf 79' lang='lat' dir='ltr'>jugo</span> <span class='ocrx_word' id='word_1_389' title='bbox 604 1742 610 1752; x_wconf 90' lang='lat'><em>,</em></span> <span class='ocrx_word' id='word_1_390' title='bbox 622 1722 694 1759; x_wconf 82' lang='lat' dir='ltr'>quod</span> <span class='ocrx_word' id='word_1_391' title='bbox 704 1721 788 1748; x_wconf 89' lang='lat' dir='ltr'>librile</span> <span class='ocrx_word' id='word_1_392' title='bbox 799 1721 923 1759; x_wconf 81' lang='lat' dir='ltr'>appellari</span> <span class='ocrx_word' id='word_1_393' title='bbox 934 1721 1014 1748; x_wconf 89' lang='lat' dir='ltr'>docet</span> <span class='ocrx_word' id='word_1_394' title='bbox 1024 1721 1175 1758; x_wconf 81' lang='lat' dir='ltr'>Pompejus,</span> <span class='ocrx_word' id='word_1_395' title='bbox 1189 1720 1214 1747; x_wconf 89' lang='lat' dir='ltr'>in</span> <span class='ocrx_word' id='word_1_396' title='bbox 1227 1719 1318 1747; x_wconf 87' lang='lat' dir='ltr'>medio</span> <span class='ocrx_word' id='word_1_397' title='bbox 1329 1718 1472 1759; x_wconf 76' lang='lat' dir='ltr'>lingulam,</span> <span class='ocrx_word' id='word_1_398' title='bbox 1486 1718 1635 1757; x_wconf 78' lang='lat' dir='ltr'>(ealingua</span> <span class='ocrx_word' id='word_1_399' title='bbox 1657 1719 1751 1744; x_wconf 73' lang='lat' dir='ltr'>Graeca</span> 
     </span>
     <span class='ocr_line' id='line_1_35' title="bbox 188 1755 1754 1800; baseline -0.002 -14"><span class='ocrx_word' id='word_1_400' title='bbox 188 1759 271 1794; x_wconf 48' lang='grc' dir='ltr'>κρινῶν,</span> <span class='ocrx_word' id='word_1_401' title='bbox 286 1762 380 1790; x_wconf 73' lang='lat' dir='ltr'>Latine</span> <span class='ocrx_word' id='word_1_402' title='bbox 391 1771 503 1790; x_wconf 76' lang='lat' dir='ltr'>examen</span> <span class='ocrx_word' id='word_1_403' title='bbox 512 1762 624 1794; x_wconf 82' lang='lat' dir='ltr'>dicitur,</span> <span class='ocrx_word' id='word_1_404' title='bbox 639 1761 777 1800; x_wconf 68' lang='lat' dir='ltr'>&gt;appensis</span> <span class='ocrx_word' id='word_1_405' title='bbox 788 1762 814 1789; x_wconf 88' lang='lat' dir='ltr'>in</span> <span class='ocrx_word' id='word_1_406' title='bbox 824 1762 882 1799; x_wconf 83' lang='lat' dir='ltr'>iplis</span> <span class='ocrx_word' id='word_1_407' title='bbox 893 1761 1024 1799; x_wconf 79' lang='lat' dir='ltr'>capitibus</span> <span class='ocrx_word' id='word_1_408' title='bbox 1035 1761 1166 1793; x_wconf 71' lang='lat' dir='ltr'>lancibus,</span> <span class='ocrx_word' id='word_1_409' title='bbox 1184 1769 1229 1789; x_wconf 77' lang='lat' dir='ltr'>aut</span> <span class='ocrx_word' id='word_1_410' title='bbox 1238 1770 1296 1798; x_wconf 73' lang='lat' dir='ltr'>qux</span> <span class='ocrx_word' id='word_1_411' title='bbox 1306 1769 1396 1787; x_wconf 76' lang='lat' dir='ltr'>earum</span> <span class='ocrx_word' id='word_1_412' title='bbox 1409 1760 1465 1787; x_wconf 85' lang='lat' dir='ltr'>vice</span> <span class='ocrx_word' id='word_1_413' title='bbox 1474 1759 1524 1786; x_wconf 84' lang='lat' dir='ltr'>fint</span> <span class='ocrx_word' id='word_1_414' title='bbox 1537 1779 1544 1790; x_wconf 89' lang='lat'>,</span> <span class='ocrx_word' id='word_1_415' title='bbox 1565 1759 1591 1785; x_wconf 91' lang='lat' dir='ltr'>in</span> <span class='ocrx_word' id='word_1_416' title='bbox 1600 1756 1658 1784; x_wconf 79' lang='lat' dir='ltr'>ansa</span> <span class='ocrx_word' id='word_1_417' title='bbox 1670 1755 1754 1784; x_wconf 71' lang='lat' dir='ltr'>versa-</span> 
     </span>
    </p>

    <p class='ocr_par' dir='ltr' id='par_1_8' title="bbox 626 1798 1752 1840">
     <span class='ocr_line' id='line_1_36' title="bbox 626 1798 1752 1840; baseline -0.008 -7"><span class='ocrx_word' id='word_1_418' title='bbox 626 1836 629 1840; x_wconf 47' lang='lat'>,</span> <span class='ocrx_word' id='word_1_419' title='bbox 1157 1810 1209 1829; x_wconf 92' lang='lat' dir='ltr'>tur.</span> <span class='ocrx_word' id='word_1_420' title='bbox 1240 1800 1398 1838; x_wconf 76' lang='lat' dir='ltr'>l&#39;hocylides</span> <span class='ocrx_word' id='word_1_421' title='bbox 1416 1800 1442 1827; x_wconf 91' lang='lat' dir='ltr'>in</span> <span class='ocrx_word' id='word_1_422' title='bbox 1463 1798 1659 1834; x_wconf 72' lang='lat' dir='ltr'>ammonitorio</span> <span class='ocrx_word' id='word_1_423' title='bbox 1680 1798 1752 1825; x_wconf 71' lang='lat' dir='ltr'>Poe—</span> 
     </span>
    </p>

    <p class='ocr_par' dir='ltr' id='par_1_9' title="bbox 595 1835 1753 1877">
     <span class='ocr_line' id='line_1_37' title="bbox 595 1835 1753 1877; baseline -0.002 -11"><span class='ocrx_word' id='word_1_424' title='bbox 595 1835 694 1867; x_wconf 60' lang='lat' dir='ltr'>Llllra.</span> <span class='ocrx_word' id='word_1_425' title='bbox 1157 1851 1228 1869; x_wconf 75' lang='lat' dir='ltr'>mate</span> <span class='ocrx_word' id='word_1_426' title='bbox 1239 1841 1342 1876; x_wconf 61' lang='grc' dir='ltr'>ςαθμᾴν,</span> <span class='ocrx_word' id='word_1_427' title='bbox 1355 1839 1508 1867; x_wconf 80' lang='lat' dir='ltr'>Aristoteles</span> <span class='ocrx_word' id='word_1_428' title='bbox 1522 1836 1592 1877; x_wconf 43' lang='lat'>{⁰29³</span> <span class='ocrx_word' id='word_1_429' title='bbox 1603 1859 1608 1868; x_wconf 88' lang='lat'>‚</span> <span class='ocrx_word' id='word_1_430' title='bbox 1622 1837 1710 1865; x_wconf 79' lang='lat' dir='ltr'>Latini</span> <span class='ocrx_word' id='word_1_431' title='bbox 1721 1837 1753 1865; x_wconf 83' lang='lat' dir='ltr'>li-</span> 
     </span>
    </p>

    <p class='ocr_par' dir='ltr' id='par_1_10' title="bbox 1155 1878 1755 2082">
     <span class='ocr_line' id='line_1_38' title="bbox 1155 1878 1755 1919; baseline -0.007 -10"><span class='ocrx_word' id='word_1_432' title='bbox 1155 1882 1231 1909; x_wconf 79' lang='lat' dir='ltr'>bram</span> <span class='ocrx_word' id='word_1_433' title='bbox 1239 1881 1576 1919; x_wconf 75' lang='lat' dir='ltr'>appellant.Examen,cum</span> <span class='ocrx_word' id='word_1_434' title='bbox 1584 1878 1688 1906; x_wconf 84' lang='lat' dir='ltr'>summo</span> <span class='ocrx_word' id='word_1_435' title='bbox 1697 1888 1755 1905; x_wconf 91' lang='lat' dir='ltr'>me-</span> 
     </span>
     <span class='ocr_line' id='line_1_39' title="bbox 1158 1917 1751 1968; baseline -0.008 -18"><span class='ocrx_word' id='word_1_436' title='bbox 1158 1923 1204 1950; x_wconf 90' lang='lat' dir='ltr'>dio</span> <span class='ocrx_word' id='word_1_437' title='bbox 1214 1921 1388 1968; x_wconf 67' lang='lat' dir='ltr'>anfaepunfto</span> <span class='ocrx_word' id='word_1_438' title='bbox 1399 1920 1538 1958; x_wconf 81' lang='lat' dir='ltr'>respondet</span> <span class='ocrx_word' id='word_1_439' title='bbox 1551 1940 1557 1951; x_wconf 88' lang='lat'>,</span> <span class='ocrx_word' id='word_1_440' title='bbox 1575 1919 1662 1946; x_wconf 89' lang='lat' dir='ltr'>necin</span> <span class='ocrx_word' id='word_1_441' title='bbox 1673 1917 1751 1951; x_wconf 77' lang='lat' dir='ltr'>hanc,</span> 
     </span>
     <span class='ocr_line' id='line_1_40' title="bbox 1159 1958 1755 1999; baseline -0.008 -9"><span class='ocrx_word' id='word_1_442' title='bbox 1159 1971 1204 1990; x_wconf 81' lang='lat' dir='ltr'>aut</span> <span class='ocrx_word' id='word_1_443' title='bbox 1214 1962 1286 1989; x_wconf 76' lang='lat' dir='ltr'>illam</span> <span class='ocrx_word' id='word_1_444' title='bbox 1298 1970 1400 1999; x_wconf 67' lang='lat' dir='ltr'>partem</span> <span class='ocrx_word' id='word_1_445' title='bbox 1418 1960 1562 1988; x_wconf 82' lang='lat' dir='ltr'>inclinatur</span> <span class='ocrx_word' id='word_1_446' title='bbox 1574 1980 1580 1990; x_wconf 87' lang='lat'><em>,</em></span> <span class='ocrx_word' id='word_1_447' title='bbox 1602 1958 1630 1987; x_wconf 87' lang='lat' dir='ltr'>fit</span> <span class='ocrx_word' id='word_1_448' title='bbox 1651 1959 1755 1996; x_wconf 70' lang='lat' dir='ltr'>xquili-</span> 
     </span>
     <span class='ocr_line' id='line_1_41' title="bbox 1159 2000 1752 2040; baseline -0.008 -10"><span class='ocrx_word' id='word_1_449' title='bbox 1159 2002 1313 2033; x_wconf 84' lang='lat' dir='ltr'>briurn,live</span> <span class='ocrx_word' id='word_1_450' title='bbox 1325 2010 1523 2040; x_wconf 69' lang='lat' dir='ltr'>xquamentum</span> <span class='ocrx_word' id='word_1_451' title='bbox 1532 2000 1602 2028; x_wconf 77' lang='lat' dir='ltr'>dicas</span> <span class='ocrx_word' id='word_1_452' title='bbox 1614 2010 1676 2027; x_wconf 85' lang='lat' dir='ltr'>cuin</span> <span class='ocrx_word' id='word_1_453' title='bbox 1688 2002 1752 2026; x_wconf 79' lang='lat' dir='ltr'>Sex-</span> 
     </span>
     <span class='ocr_line' id='line_1_42' title="bbox 1159 2040 1751 2082; baseline -0.007 -12"><span class='ocrx_word' id='word_1_454' title='bbox 1159 2052 1190 2070; x_wconf 92' lang='lat' dir='ltr'>to</span> <span class='ocrx_word' id='word_1_455' title='bbox 1203 2043 1342 2081; x_wconf 84' lang='lat' dir='ltr'>Pompeio.</span> <span class='ocrx_word' id='word_1_456' title='bbox 1370 2042 1398 2070; x_wconf 93' lang='lat' dir='ltr'>ld</span> <span class='ocrx_word' id='word_1_457' title='bbox 1409 2052 1493 2082; x_wconf 83' lang='lat' dir='ltr'>genus</span> <span class='ocrx_word' id='word_1_458' title='bbox 1511 2040 1626 2068; x_wconf 81' lang='lat' dir='ltr'>bilances</span> <span class='ocrx_word' id='word_1_459' title='bbox 1643 2048 1751 2067; x_wconf 81' lang='lat' dir='ltr'>vocant.</span> 
     </span>
    </p>

    <p class='ocr_par' dir='ltr' id='par_1_11' title="bbox 1159 2080 1752 2123">
     <span class='ocr_line' id='line_1_43' title="bbox 1159 2080 1752 2123; baseline -0.007 -12"><span class='ocrx_word' id='word_1_460' title='bbox 1159 2084 1284 2111; x_wconf 78' lang='lat' dir='ltr'>Alterum</span> <span class='ocrx_word' id='word_1_461' title='bbox 1293 2092 1376 2123; x_wconf 81' lang='lat' dir='ltr'>genus</span> <span class='ocrx_word' id='word_1_462' title='bbox 1385 2084 1420 2110; x_wconf 84' lang='lat' dir='ltr'>est</span> <span class='ocrx_word' id='word_1_463' title='bbox 1431 2081 1540 2110; x_wconf 76' lang='lat' dir='ltr'>dimidia</span> <span class='ocrx_word' id='word_1_464' title='bbox 1550 2081 1619 2118; x_wconf 77' lang='lat' dir='ltr'>quali</span> <span class='ocrx_word' id='word_1_465' title='bbox 1631 2080 1695 2107; x_wconf 77' lang='lat' dir='ltr'>libra</span> <span class='ocrx_word' id='word_1_466' title='bbox 1707 2100 1712 2112; x_wconf 85' lang='lat'>‚</span> <span class='ocrx_word' id='word_1_467' title='bbox 1726 2080 1752 2108; x_wconf 84' lang='lat' dir='ltr'>id</span> 
     </span>
    </p>

    <p class='ocr_par' dir='ltr' id='par_1_12' title="bbox 1160 2120 1753 2160">
     <span class='ocr_line' id='line_1_44' title="bbox 1160 2120 1753 2160; baseline -0.008 -8"><span class='ocrx_word' id='word_1_468' title='bbox 1160 2126 1211 2155; x_wconf 83' lang='lat' dir='ltr'>cst,</span> <span class='ocrx_word' id='word_1_469' title='bbox 1228 2123 1374 2160; x_wconf 65' lang='grc' dir='ltr'>ἡμιζιίμον,</span> <span class='ocrx_word' id='word_1_470' title='bbox 1393 2123 1468 2150; x_wconf 75' lang='lat' dir='ltr'>unius</span> <span class='ocrx_word' id='word_1_471' title='bbox 1487 2121 1587 2150; x_wconf 88' lang='lat' dir='ltr'>scilicet</span> <span class='ocrx_word' id='word_1_472' title='bbox 1607 2120 1687 2147; x_wconf 78' lang='lat' dir='ltr'>lancis</span> <span class='ocrx_word' id='word_1_473' title='bbox 1707 2129 1753 2148; x_wconf 77' lang='lat' dir='ltr'>aut</span> 
     </span>
    </p>

    <p class='ocr_par' dir='ltr' id='par_1_13' title="bbox 194 2159 1760 3041">
     <span class='ocr_line' id='line_1_45' title="bbox 1161 2159 1755 2202; baseline -0.008 -10"><span class='ocrx_word' id='word_1_474' title='bbox 1161 2165 1371 2202; x_wconf 72' lang='lat' dir='ltr'>unciprolanee.</span> <span class='ocrx_word' id='word_1_475' title='bbox 1385 2162 1539 2190; x_wconf 82' lang='lat' dir='ltr'>Aristoteles</span> <span class='ocrx_word' id='word_1_476' title='bbox 1551 2161 1578 2188; x_wconf 89' lang='lat' dir='ltr'>in</span> <span class='ocrx_word' id='word_1_477' title='bbox 1594 2159 1755 2188; x_wconf 73' lang='lat' dir='ltr'>mechanicis</span> 
     </span>
     <span class='ocr_line' id='line_1_46' title="bbox 1161 2201 1755 2238; baseline -0.003 -7"><span class='ocrx_word' id='word_1_478' title='bbox 1161 2203 1281 2238; x_wconf 55' lang='grc' dir='ltr'>φιίλωζῖι</span> <span class='ocrx_word' id='word_1_479' title='bbox 1291 2202 1525 2235; x_wconf 77' lang='lat' dir='ltr'>voeat,Vitruvius</span> <span class='ocrx_word' id='word_1_480' title='bbox 1537 2202 1668 2231; x_wconf 74' lang='lat' dir='ltr'>stateram,</span> <span class='ocrx_word' id='word_1_481' title='bbox 1682 2201 1755 2238; x_wconf 84' lang='lat' dir='ltr'>quod</span> 
     </span>
     <span class='ocr_line' id='line_1_47' title="bbox 1161 2241 1757 2281; baseline 0 -11"><span class='ocrx_word' id='word_1_482' title='bbox 1161 2243 1322 2271; x_wconf 77' lang='lat' dir='ltr'>vocabulum</span> <span class='ocrx_word' id='word_1_483' title='bbox 1334 2242 1637 2280; x_wconf 74' lang='lat' dir='ltr'>Romaniretinuerunt.</span> <span class='ocrx_word' id='word_1_484' title='bbox 1653 2241 1757 2281; x_wconf 77' lang='lat' dir='ltr'>Vulgus</span> 
     </span>
     <span class='ocr_line' id='line_1_48' title="bbox 1162 2282 1756 2321; baseline -0.003 -11"><span class='ocrx_word' id='word_1_485' title='bbox 1162 2284 1282 2310; x_wconf 86' lang='lat' dir='ltr'>nostrum</span> <span class='ocrx_word' id='word_1_486' title='bbox 1293 2304 1299 2315; x_wconf 89' lang='lat'><strong>‚</strong></span> <span class='ocrx_word' id='word_1_487' title='bbox 1317 2291 1395 2321; x_wconf 78' lang='lat' dir='ltr'>atque</span> <span class='ocrx_word' id='word_1_488' title='bbox 1407 2282 1535 2321; x_wconf 77' lang='lat' dir='ltr'>Hispani,</span> <span class='ocrx_word' id='word_1_489' title='bbox 1549 2284 1698 2310; x_wconf 74' lang='lat' dir='ltr'>Romanam</span> <span class='ocrx_word' id='word_1_490' title='bbox 1709 2293 1756 2321; x_wconf 77' lang='lat' dir='ltr'>ap-</span> 
     </span>
     <span class='ocr_line' id='line_1_49' title="bbox 1162 2322 1757 2362; baseline -0.002 -11"><span class='ocrx_word' id='word_1_491' title='bbox 1162 2324 1269 2362; x_wconf 80' lang='lat' dir='ltr'>pellant.</span> <span class='ocrx_word' id='word_1_492' title='bbox 1291 2325 1416 2351; x_wconf 83' lang='lat' dir='ltr'>Proxime</span> <span class='ocrx_word' id='word_1_493' title='bbox 1428 2332 1507 2362; x_wconf 76' lang='lat' dir='ltr'>caput</span> <span class='ocrx_word' id='word_1_494' title='bbox 1518 2322 1601 2360; x_wconf 79' lang='lat' dir='ltr'>scapi,</span> <span class='ocrx_word' id='word_1_495' title='bbox 1615 2322 1683 2350; x_wconf 88' lang='lat' dir='ltr'>unde</span> <span class='ocrx_word' id='word_1_496' title='bbox 1695 2322 1757 2350; x_wconf 82' lang='lat' dir='ltr'>lanx</span> 
     </span>
     <span class='ocr_line' id='line_1_50' title="bbox 1160 2362 1760 2402; baseline -0.002 -11"><span class='ocrx_word' id='word_1_497' title='bbox 1160 2364 1293 2402; x_wconf 81' lang='lat' dir='ltr'>‘dependet</span> <span class='ocrx_word' id='word_1_498' title='bbox 1303 2384 1311 2398; x_wconf 91' lang='lat'>,</span> <span class='ocrx_word' id='word_1_499' title='bbox 1331 2372 1377 2392; x_wconf 81' lang='lat' dir='ltr'>aut</span> <span class='ocrx_word' id='word_1_500' title='bbox 1387 2374 1471 2392; x_wconf 82' lang='lat' dir='ltr'>uncus</span> <span class='ocrx_word' id='word_1_501' title='bbox 1483 2384 1489 2396; x_wconf 86' lang='lat'>‚</span> <span class='ocrx_word' id='word_1_502' title='bbox 1508 2362 1567 2391; x_wconf 75' lang='lat' dir='ltr'>ansa</span> <span class='ocrx_word' id='word_1_503' title='bbox 1579 2363 1613 2391; x_wconf 87' lang='lat' dir='ltr'>est</span> <span class='ocrx_word' id='word_1_504' title='bbox 1624 2373 1686 2391; x_wconf 89' lang='lat' dir='ltr'>curn</span> <span class='ocrx_word' id='word_1_505' title='bbox 1697 2373 1760 2391; x_wconf 74' lang='lat' dir='ltr'>exa-</span> 
     </span>
     <span class='ocr_line' id='line_1_51' title="bbox 1162 2404 1756 2443; baseline -0.003 -11"><span class='ocrx_word' id='word_1_506' title='bbox 1162 2406 1250 2432; x_wconf 83' lang='lat' dir='ltr'>mine:</span> <span class='ocrx_word' id='word_1_507' title='bbox 1269 2405 1341 2443; x_wconf 80' lang='lat' dir='ltr'>quod</span> <span class='ocrx_word' id='word_1_508' title='bbox 1351 2404 1419 2443; x_wconf 82' lang='lat' dir='ltr'>scapi</span> <span class='ocrx_word' id='word_1_509' title='bbox 1428 2404 1539 2443; x_wconf 84' lang='lat' dir='ltr'>superest</span> <span class='ocrx_word' id='word_1_510' title='bbox 1551 2425 1557 2435; x_wconf 84' lang='grc'>,</span> <span class='ocrx_word' id='word_1_511' title='bbox 1579 2404 1680 2441; x_wconf 75' lang='lat' dir='ltr'>puustis</span> <span class='ocrx_word' id='word_1_512' title='bbox 1690 2422 1698 2433; x_wconf 90' lang='lat'><em>‚</em></span> <span class='ocrx_word' id='word_1_513' title='bbox 1710 2411 1756 2432; x_wconf 82' lang='lat' dir='ltr'>aut</span> 
     </span>
     <span class='ocr_line' id='line_1_52' title="bbox 1161 2444 1757 2480; baseline -0.005 -7"><span class='ocrx_word' id='word_1_514' title='bbox 1161 2445 1302 2478; x_wconf 82' lang='lat' dir='ltr'>lineis‚live</span> <span class='ocrx_word' id='word_1_515' title='bbox 1312 2445 1453 2473; x_wconf 77' lang='lat' dir='ltr'>denticulis</span> <span class='ocrx_word' id='word_1_516' title='bbox 1464 2446 1499 2473; x_wconf 87' lang='lat' dir='ltr'>est</span> <span class='ocrx_word' id='word_1_517' title='bbox 1509 2444 1757 2480; x_wconf 61' lang='lat' dir='ltr'>distinctum,(A1i-</span> 
     </span>
     <span class='ocr_line' id='line_1_53' title="bbox 1164 2483 1756 2525; baseline -0.003 -11"><span class='ocrx_word' id='word_1_518' title='bbox 1164 2486 1270 2514; x_wconf 82' lang='lat' dir='ltr'>stotcles</span> <span class='ocrx_word' id='word_1_519' title='bbox 1289 2486 1402 2525; x_wconf 75' lang='lat' dir='ltr'>appellat</span> <span class='ocrx_word' id='word_1_520' title='bbox 1421 2483 1540 2524; x_wconf 49' lang='lat' dir='ltr'>wavra-Aa)</span> <span class='ocrx_word' id='word_1_521' title='bbox 1549 2506 1551 2508; x_wconf 89' lang='lat'>.</span> <span class='ocrx_word' id='word_1_522' title='bbox 1560 2484 1667 2523; x_wconf 79' lang='lat' dir='ltr'>lingulis</span> <span class='ocrx_word' id='word_1_523' title='bbox 1688 2485 1756 2517; x_wconf 77' lang='lat' dir='ltr'>certi</span> 
     </span>
     <span class='ocr_line' id='line_1_54' title="bbox 1163 2525 1756 2565; baseline -0.007 -10"><span class='ocrx_word' id='word_1_524' title='bbox 1163 2527 1287 2565; x_wconf 84' lang='lat' dir='ltr'>ponderis</span> <span class='ocrx_word' id='word_1_525' title='bbox 1302 2527 1443 2559; x_wconf 81' lang='lat' dir='ltr'>indicibus,</span> <span class='ocrx_word' id='word_1_526' title='bbox 1454 2536 1516 2554; x_wconf 88' lang='lat' dir='ltr'>cum</span> <span class='ocrx_word' id='word_1_527' title='bbox 1534 2533 1578 2563; x_wconf 81' lang='lat' dir='ltr'>per</span> <span class='ocrx_word' id='word_1_528' title='bbox 1594 2525 1699 2562; x_wconf 75' lang='lat' dir='ltr'>scapum</span> <span class='ocrx_word' id='word_1_529' title='bbox 1710 2535 1756 2552; x_wconf 73' lang='lat' dir='ltr'>va-</span> 
     </span>
     <span class='ocr_line' id='line_1_55' title="bbox 1163 2564 1757 2608; baseline -0.003 -13"><span class='ocrx_word' id='word_1_530' title='bbox 1163 2577 1229 2608; x_wconf 77' lang='lat' dir='ltr'>gans</span> <span class='ocrx_word' id='word_1_531' title='bbox 1248 2568 1447 2606; x_wconf 65' lang='lat' dir='ltr'>aequipondium</span> <span class='ocrx_word' id='word_1_532' title='bbox 1458 2567 1507 2594; x_wconf 84' lang='lat' dir='ltr'>illis</span> <span class='ocrx_word' id='word_1_533' title='bbox 1518 2564 1649 2592; x_wconf 81' lang='lat' dir='ltr'>insederit.</span> <span class='ocrx_word' id='word_1_534' title='bbox 1671 2566 1757 2593; x_wconf 83' lang='lat' dir='ltr'>Porro</span> 
     </span>
     <span class='ocr_line' id='line_1_56' title="bbox 1163 2605 1757 2646; baseline -0.005 -10"><span class='ocrx_word' id='word_1_535' title='bbox 1163 2617 1254 2636; x_wconf 82' lang='lat' dir='ltr'>autem</span> <span class='ocrx_word' id='word_1_536' title='bbox 1283 2617 1386 2646; x_wconf 77' lang='lat' dir='ltr'>quanto</span> <span class='ocrx_word' id='word_1_537' title='bbox 1403 2607 1510 2646; x_wconf 78' lang='lat' dir='ltr'>longius</span> <span class='ocrx_word' id='word_1_538' title='bbox 1529 2605 1561 2632; x_wconf 81' lang='lat' dir='ltr'>ab</span> <span class='ocrx_word' id='word_1_539' title='bbox 1589 2605 1757 2642; x_wconf 68' lang='lat' dir='ltr'>aequilibrato</span> 
     </span>
     <span class='ocr_line' id='line_1_57' title="bbox 1164 2646 1756 2679; baseline -0.005 -2"><span class='ocrx_word' id='word_1_540' title='bbox 1164 2649 1284 2677; x_wconf 78' lang='lat' dir='ltr'>examine</span> <span class='ocrx_word' id='word_1_541' title='bbox 1302 2646 1434 2676; x_wconf 71' lang='lat' dir='ltr'>recess&#39;crit</span> <span class='ocrx_word' id='word_1_542' title='bbox 1446 2669 1452 2679; x_wconf 94' lang='lat'>,</span> <span class='ocrx_word' id='word_1_543' title='bbox 1473 2654 1550 2675; x_wconf 77' lang='lat' dir='ltr'>tanto</span> <span class='ocrx_word' id='word_1_544' title='bbox 1570 2646 1678 2679; x_wconf 78' lang='lat' dir='ltr'>majoris</span> <span class='ocrx_word' id='word_1_545' title='bbox 1702 2647 1756 2674; x_wconf 89' lang='lat' dir='ltr'>vim</span> 
     </span>
     <span class='ocr_line' id='line_1_58' title="bbox 1165 2686 1757 2729; baseline -0.005 -12"><span class='ocrx_word' id='word_1_546' title='bbox 1165 2690 1289 2729; x_wconf 84' lang='lat' dir='ltr'>ponderis</span> <span class='ocrx_word' id='word_1_547' title='bbox 1301 2688 1468 2716; x_wconf 79' lang='lat' dir='ltr'>nanciscitur.</span> <span class='ocrx_word' id='word_1_548' title='bbox 1488 2686 1757 2725; x_wconf 83' lang='lat' dir='ltr'>Appendiculumau-</span> 
     </span>
     <span class='ocr_line' id='line_1_59' title="bbox 1166 2729 1759 2768; baseline -0.005 -10"><span class='ocrx_word' id='word_1_549' title='bbox 1166 2740 1221 2758; x_wconf 88' lang='lat' dir='ltr'>tem</span> <span class='ocrx_word' id='word_1_550' title='bbox 1234 2751 1240 2762; x_wconf 94' lang='lat'>,</span> <span class='ocrx_word' id='word_1_551' title='bbox 1261 2730 1333 2768; x_wconf 87' lang='lat' dir='ltr'>quod</span> <span class='ocrx_word' id='word_1_552' title='bbox 1350 2739 1394 2766; x_wconf 82' lang='lat' dir='ltr'>per</span> <span class='ocrx_word' id='word_1_553' title='bbox 1403 2729 1508 2767; x_wconf 73' lang='lat' dir='ltr'>scapum</span> <span class='ocrx_word' id='word_1_554' title='bbox 1518 2735 1628 2766; x_wconf 77' lang='lat' dir='ltr'>vagatur</span> <span class='ocrx_word' id='word_1_555' title='bbox 1641 2748 1647 2759; x_wconf 93' lang='lat'>‚</span> <span class='ocrx_word' id='word_1_556' title='bbox 1667 2729 1759 2756; x_wconf 83' lang='lat' dir='ltr'>Vitiu-</span> 
     </span>
     <span class='ocr_line' id='line_1_60' title="bbox 1165 2768 1759 2808; baseline -0.003 -10"><span class='ocrx_word' id='word_1_557' title='bbox 1165 2772 1221 2798; x_wconf 82' lang='lat' dir='ltr'>vius</span> <span class='ocrx_word' id='word_1_558' title='bbox 1233 2771 1352 2798; x_wconf 78' lang='lat' dir='ltr'>nominat</span> <span class='ocrx_word' id='word_1_559' title='bbox 1363 2768 1562 2808; x_wconf 66' lang='lat' dir='ltr'>aequipondium</span> <span class='ocrx_word' id='word_1_560' title='bbox 1577 2789 1583 2800; x_wconf 86' lang='lat'>‚</span> <span class='ocrx_word' id='word_1_561' title='bbox 1604 2768 1759 2796; x_wconf 75' lang='lat' dir='ltr'>Aristoteles</span> 
     </span>
     <span class='ocr_line' id='line_1_61' title="bbox 1165 2807 1759 2847; baseline -0.005 -9"><span class='ocrx_word' id='word_1_562' title='bbox 1165 2813 1192 2838; x_wconf 88' lang='lat' dir='ltr'>in</span> <span class='ocrx_word' id='word_1_563' title='bbox 1206 2810 1366 2839; x_wconf 81' lang='lat' dir='ltr'>mechanicis</span> <span class='ocrx_word' id='word_1_564' title='bbox 1388 2807 1543 2847; x_wconf 60' lang='lat' dir='ltr'>cepaa&#39;gwfflo.</span> <span class='ocrx_word' id='word_1_565' title='bbox 1563 2810 1659 2846; x_wconf 83' lang='lat' dir='ltr'>Scapus</span> <span class='ocrx_word' id='word_1_566' title='bbox 1671 2807 1700 2836; x_wconf 85' lang='lat' dir='ltr'>fit</span> <span class='ocrx_word' id='word_1_567' title='bbox 1711 2819 1759 2836; x_wconf 89' lang='lat' dir='ltr'>ve-</span> 
     </span>
     <span class='ocr_line' id='line_1_62' title="bbox 1166 2845 1760 2889; baseline -0.005 -9"><span class='ocrx_word' id='word_1_568' title='bbox 1166 2852 1232 2880; x_wconf 69' lang='lat' dir='ltr'>stis:</span> <span class='ocrx_word' id='word_1_569' title='bbox 1255 2852 1352 2889; x_wconf 66' lang='lat' dir='ltr'>punffla</span> <span class='ocrx_word' id='word_1_570' title='bbox 1363 2851 1388 2878; x_wconf 94' lang='lat' dir='ltr'>in</span> <span class='ocrx_word' id='word_1_571' title='bbox 1408 2850 1486 2889; x_wconf 77' lang='lat' dir='ltr'>scapo</span> <span class='ocrx_word' id='word_1_572' title='bbox 1497 2845 1548 2877; x_wconf 83' lang='lat' dir='ltr'>effe</span> <span class='ocrx_word' id='word_1_573' title='bbox 1558 2858 1606 2887; x_wconf 86' lang='lat' dir='ltr'>pro</span> <span class='ocrx_word' id='word_1_574' title='bbox 1622 2849 1760 2888; x_wconf 88' lang='lat' dir='ltr'>hypomo-</span> 
     </span>
     <span class='ocr_line' id='line_1_63' title="bbox 1160 2891 1759 2930; baseline -0.007 -10"><span class='ocrx_word' id='word_1_575' title='bbox 1160 2892 1243 2924; x_wconf 85' lang='lat' dir='ltr'>clili0‚</span> <span class='ocrx_word' id='word_1_576' title='bbox 1255 2891 1312 2920; x_wconf 87' lang='lat' dir='ltr'>sunt</span> <span class='ocrx_word' id='word_1_577' title='bbox 1328 2891 1374 2930; x_wconf 90' lang='lat' dir='ltr'>qui</span> <span class='ocrx_word' id='word_1_578' title='bbox 1391 2892 1618 2930; x_wconf 82' lang='lat' dir='ltr'>interpretantur:</span> <span class='ocrx_word' id='word_1_579' title='bbox 1636 2900 1683 2918; x_wconf 84' lang='lat' dir='ltr'>nos</span> <span class='ocrx_word' id='word_1_580' title='bbox 1694 2899 1759 2918; x_wconf 90' lang='lat' dir='ltr'>vero</span> 
     </span>
     <span class='ocr_line' id='line_1_64' title="bbox 194 2931 1759 2981; baseline -0.006 -16"><span class='ocrx_word' id='word_1_581' title='bbox 194 2940 327 2969; x_wconf 82' lang='lat' dir='ltr'>axiculum</span> <span class='ocrx_word' id='word_1_582' title='bbox 340 2962 346 2972; x_wconf 87' lang='lat'><em>.</em></span> <span class='ocrx_word' id='word_1_583' title='bbox 367 2943 459 2981; x_wconf 86' lang='lat' dir='ltr'>quoin</span> <span class='ocrx_word' id='word_1_584' title='bbox 470 2940 527 2970; x_wconf 77' lang='lat' dir='ltr'>ansa</span> <span class='ocrx_word' id='word_1_585' title='bbox 546 2939 662 2969; x_wconf 73' lang='lat' dir='ltr'>versatur</span> <span class='ocrx_word' id='word_1_586' title='bbox 675 2940 776 2978; x_wconf 77' lang='lat' dir='ltr'>scapus,</span> <span class='ocrx_word' id='word_1_587' title='bbox 795 2937 990 2978; x_wconf 80' lang='lat' dir='ltr'>intelligimus:</span> <span class='ocrx_word' id='word_1_588' title='bbox 1009 2936 1113 2976; x_wconf 78' lang='lat' dir='ltr'>pondus</span> <span class='ocrx_word' id='word_1_589' title='bbox 1129 2934 1163 2963; x_wconf 83' lang='lat' dir='ltr'>est</span> <span class='ocrx_word' id='word_1_590' title='bbox 1175 2932 1246 2973; x_wconf 87' lang='lat' dir='ltr'>quod</span> <span class='ocrx_word' id='word_1_591' title='bbox 1256 2934 1282 2961; x_wconf 87' lang='lat' dir='ltr'>in</span> <span class='ocrx_word' id='word_1_592' title='bbox 1296 2932 1370 2962; x_wconf 81' lang='lat' dir='ltr'>lance</span> <span class='ocrx_word' id='word_1_593' title='bbox 1381 2933 1529 2973; x_wconf 84' lang='lat' dir='ltr'>imponitur</span> <span class='ocrx_word' id='word_1_594' title='bbox 1541 2941 1546 2958; x_wconf 95' lang='lat'>:</span> <span class='ocrx_word' id='word_1_595' title='bbox 1560 2931 1759 2970; x_wconf 75' lang='lat' dir='ltr'>aequipondium</span> 
     </span>
     <span class='ocr_line' id='line_1_65' title="bbox 195 2979 1754 3041; baseline -0.004 -33"><span class='ocrx_word' id='word_1_596' title='bbox 195 2990 259 3009; x_wconf 87' lang='lat' dir='ltr'>vero</span> <span class='ocrx_word' id='word_1_597' title='bbox 277 2983 364 3011; x_wconf 87' lang='lat' dir='ltr'>vicem</span> <span class='ocrx_word' id='word_1_598' title='bbox 376 2983 511 3013; x_wconf 82' lang='lat' dir='ltr'>moventis</span> <span class='ocrx_word' id='word_1_599' title='bbox 524 2981 639 3011; x_wconf 87' lang='lat' dir='ltr'>obtinet.</span> <span class='ocrx_word' id='word_1_600' title='bbox 666 2981 776 3024; x_wconf 73' lang='lat' dir='ltr'>figuras</span> <span class='ocrx_word' id='word_1_601' title='bbox 785 2979 878 3018; x_wconf 77' lang='lat' dir='ltr'>adjeci.</span> <span class='ocrx_word' id='word_1_602' title='bbox 1702 3011 1717 3038; x_wconf 75' lang='lat' dir='ltr'>S</span> <span class='ocrx_word' id='word_1_603' title='bbox 1736 3008 1754 3041; x_wconf 63' lang='lat' dir='ltr'><strong>d</strong></span> 
     </span>
     <span class='ocr_line' id='line_1_66' title="bbox 1721 3019 1733 3038; baseline 0 0"><span class='ocrx_word' id='word_1_604' title='bbox 1721 3019 1733 3038; x_wconf 84' lang='lat' dir='ltr'>c</span> 
     </span>
    </p>
   </div>
   <div class='ocr_carea' id='block_1_6' title="bbox 172 1895 1110 2890">
    <p class='ocr_par' dir='ltr' id='par_1_14' title="bbox 172 1895 1110 2890">
     <span class='ocr_line' id='line_1_67' title="bbox 172 1895 1110 2890; baseline 0 0"><span class='ocrx_word' id='word_1_605' title='bbox 172 1895 1110 2890; x_wconf 95' lang='lat' dir='ltr'> </span> 
     </span>
    </p>
   </div>
  </div>
 </body>
</html>
