2023 3162
238 46 290 82 (24
624 30 1479 71 LUDOVICIDEMONTIOSII

237 112 316 139 non
327 98 462 138 fecisset
471 98 535 136 nisi
547 99 754 137 encaustica
765 99 914 135 inventa
925 99 999 143 iam
1010 106 1094 133 tum
1106 95 1260 141 fuissfent.
1277 97 1487 147 Pamphilus
1497 106 1666 146 quoque,
1684 94 1829 145 Apellis

237 168 443 207 praeceptor
455 185 464 200 ‚
475 166 552 192 non
565 154 713 206 pinxiss'e
723 163 873 190 tantum
885 151 1059 190 encausta
1072 178 1080 193 ,
1099 152 1158 189 sed
1171 154 1284 189 etiam
1295 151 1455 189 docuisse
1466 151 1629 189 traditur.
1661 150 1829 190 Pausiam

236 224 328 250 vero
339 213 603 260 Sicyoniorum
615 211 776 260 primum
788 210 824 245 in
836 209 911 245 hoc
923 219 1057 258 genere
1069 208 1251 246 nobilem.
1284 208 1473 245 Haeremus
1487 207 1532 244 de
1546 204 1772 244 Encaustice.

293 269 409 305 Nunc
429 265 629 304 videndum
640 264 690 302 est
709 266 775 314 qui
786 265 978 314 pingendo
990 263 1125 301 famam
1145 265 1240 300 olim
1252 263 1374 313 adepti
1385 263 1470 303 sint,
1487 262 1522 299 &
1535 261 1626 310 quid
1645 260 1830 311 unusquis-

237 337 309 373 que
321 334 455 362 eorum
465 321 508 359 ad
519 331 636 358 artem
647 319 900 358 exornandam
913 319 1129 356 contulerit.
1144 319 1275 356 Tuum
1287 319 1457 363 est,Plini‚
1471 316 1665 356 recensere,
1680 319 1743 365 qui
1755 328 1831 353 ma-

238 392 349 430 gnam
362 390 492 417 eorum
503 387 644 427 partem
656 376 702 412 ab
713 376 864 414 interitu
875 374 1082 413 vindicasti:
1097 376 1240 424 quique
1253 387 1386 412 corum
1399 386 1514 426 opera
1527 371 1742 409 intercidere
1753 383 1832 410 non

239 448 277 473 es
288 436 412 487 pass'us.
444 435 593 470 Fecerat
604 432 679 469 hoc
693 432 814 468 Varro
827 432 903 481 pari
915 431 1104 480 diligentia
1115 456 1123 469 ‚
1147 441 1261 480 atque
1271 432 1403 480 pietate
1415 459 1425 475 ,
1449 429 1768 479 septingentorum
1780 440 1832 465 ar,

239 491 385 529 tificum
398 488 636 527 nominibus,
656 488 780 537 figuris
793 489 906 525 etiam
924 488 1052 535 aliquo
1066 487 1185 523 modo
1196 486 1378 536 expressis.
1411 486 1483 523 Sed
1495 485 1591 521 durae
1614 495 1832 533 temporum

242 548 341 583 vices
353 546 428 583 hoc
445 545 497 581 illi
510 546 683 581 meritum
697 572 706 588 ‚
726 542 927 580 artificibus
946 542 1109 586 famam,
1129 543 1239 579 nobis
1251 553 1340 579 vero
1358 542 1585 579 memoriam
1597 550 1729 576 corum
1742 541 1834 577 invi-

243 602 390 639 derunt.
422 601 568 638 Atticus
589 601 698 637 etiam
710 599 746 635 id
758 597 875 649 ipsum
894 597 1113 648 praestiterat.
1145 598 1313 651 Qando
1332 599 1442 647 igitur
1460 596 1741 646 eorumscriptis
1763 595 1835 633 frui

243 657 377 695 datum
391 669 469 694 non
480 656 614 696 est‚eos
626 666 771 692 tantum
782 667 824 691 ex
837 654 959 691 Plinio
973 656 1268 705 percurram‚qui
1280 652 1345 691 suis
1356 653 1511 691 inventis
1524 660 1642 688 artem
1655 651 1833 688 excolue-

242 724 339 750 runt.
372 714 465 750 Non
476 725 545 749 vos
555 713 667 760 igitur
678 710 802 748 silendi
812 710 903 748 estis,
920 709 1086 747 Aridices
1099 738 1108 753 ‚
1132 712 1168 747 ὅ(
1181 709 1418 760 Telephanes
1432 738 1441 753 ‚
1458 709 1522 757 qui
1534 708 1643 758 primi
1655 706 1741 744 testa
1750 709 1835 744 trita

245 769 415 806 colorare
437 767 620 818 coepistis,
645 767 800 804 &lineas
819 764 993 815 quasdam
1008 766 1103 802 intus
1117 763 1280 815 spargere
1295 795 1304 809 ‚
1325 765 1518 816 politiores
1538 763 1637 800 haud
1658 762 1769 799 dubie
1782 762 1836 800 fu-

244 826 315 861 turi
329 854 338 868 ,
360 824 598 861 siinmeliora
609 833 781 874 tempora
791 820 1010 859 incidissetis.
1045 821 1228 869 Sequutus
1249 820 1298 857 est
1310 820 1442 858 deinde
1465 820 1664 857 Ennianis,
1690 820 1835 868 quipri-

242 892 326 918 mus
338 883 374 917 in
395 880 539 917 PiCtuia
550 890 691 916 marem
709 879 729 914 a
748 877 910 915 foemina
923 875 1100 913 discrevit.
1133 875 1252 920 Hujus
1268 876 1400 913 deinde
1420 878 1569 913 inventa
1585 875 1750 911 excoluit
1769 874 1835 911 Ci-

243 948 338 974 mon
353 937 558 974 Cleoneus,
571 935 635 982 qui
647 932 1015 982 catagraphainvenit
1028 960 1037 976 ‚
1058 931 1135 968 hoc
1146 930 1195 967 est
1205 931 1564 980 obliquasimagines
1578 955 1585 969 ,
1601 932 1638 967 ὃ(
1651 930 1748 967 varie
1758 929 1835 967 for·
1853 928 1860 934 '

242 1003 343 1028 mare
355 994 477 1028 vultus
492 1020 500 1034 ,
521 988 771 1039 respicientes,
791 986 1042 1039 suspicientes,
1058 986 1095 1023 ὃ(
1115 985 1367 1036 despicientes.
1398 987 1572 1024 Articulis
1585 988 1698 1023 etiam
1713 997 1836 1024 mem-

242 1048 307 1084 bra
317 1047 495 1090 distinxit,
516 1056 625 1082 venas
647 1045 821 1095 protulit,
841 1053 1090 1094 praetereaque
1108 1043 1145 1079 in
1155 1042 1250 1079 veste
1268 1045 1303 1080 δε
1324 1055 1432 1092 rugas
1446 1071 1455 1087 ‚
1477 1044 1513 1079 ὃς
1536 1040 1630 1089 finus
1652 1040 1833 1092 expressit.

243 1104 311 1141 His
323 1100 491 1139 succeffit
504 1101 738 1149 Polygnotus
749 1126 757 1140 ‚
772 1101 834 1149 qui
846 1101 986 1150 primus
1000 1099 1170 1136 mulieres
1182 1099 1303 1136 lucida
1312 1099 1408 1136 veste
1419 1099 1534 1150 pinxit
1548 1127 1558 1142 ‚
1579 1099 1695 1147 capita
1707 1109 1834 1135 earum

243 1159 362 1196 mitris
372 1156 659 1195 versicoloribus
669 1158 830 1206 operuit,
843 1156 1126 1206 plurimumque
1136 1155 1281 1204 pie'turae
1291 1156 1428 1205 primus
1448 1154 1618 1191 contulit.
1641 1153 1836 1202 Siquidem

245 1214 399 1252 instituit
412 1226 454 1250 os
465 1213 666 1263 adaperire,
687 1212 880 1249 &vultum
891 1212 936 1248 ab
947 1211 1104 1259 antiquo
1116 1212 1237 1259 rigore
1247 1214 1397 1249 variare.
1430 1211 1490 1247 De
1503 1208 1640 1247 eodem
1654 1208 1745 1246 Plin.
1756 1221 1835 1259 cap.

251 1283 263 1306 1
276 1285 310 1314 9.
323 1270 382 1307 lib.
397 1280 502 1307 xxxv.
523 1268 643 1312 Hujus
655 1267 719 1312 est,
731 1269 864 1317 inquit,
875 1267 1001 1304 tabula
1014 1267 1048 1302 in
1061 1269 1209 1316 porticu
1223 1267 1494 1317 Pompeii‚quae
1507 1275 1590 1302 ante
1603 1265 1744 1301 curiam
1757 1266 1836 1309 ejus

245 1326 377 1369 fuerat,
389 1327 425 1361 in
437 1335 509 1374 qua
521 1324 706 1362 dubitatur
716 1322 975 1361 ascendentem
989 1334 1077 1359 cum
1091 1323 1223 1373 clypeo
1235 1324 1391 1373 pinxerit
1402 1335 1448 1359 an
1461 1319 1836 1359 descendentemHie

242 1383 349 1418 locus
361 1379 550 1418 obscurior
561 1382 673 1431 paulo
685 1379 733 1416 est
745 1408 754 1423 ‚
774 1391 846 1416 nec
857 1378 955 1416 forte
976 1377 1157 1415 difficilius
1178 1377 1292 1415 fuitin
1311 1390 1353 1415 ea
1365 1378 1490 1431 tabula
1509 1376 1671 1425 judicare
1684 1404 1693 1420 ‚
1713 1374 1836 1413 ascen-

244 1438 398 1474 dentem
419 1448 510 1473 eum
522 1437 656 1486 clypeo
674 1435 904 1484 Polygnotus
923 1432 1111 1484 pinxisset,
1130 1446 1175 1471 an
1188 1434 1495 1478 descendentem,
1518 1443 1631 1482 quam
1641 1431 1702 1468 hie
1721 1432 1838 1478 conji-

245 1505 329 1531 cere
347 1492 435 1542 qnid
445 1492 604 1529 voluerit
624 1501 734 1528 autor
746 1490 800 1527 his
819 1491 937 1528 verbis
955 1489 1169 1539 significare.
1203 1491 1303 1527 Cum
1316 1499 1499 1541 appareat,
1514 1486 1666 1525 voluiffe
1686 1499 1773 1525 eum
1784 1500 1838 1526 re-

246 1549 444 1587 conditum
464 1546 658 1585 artificium
671 1556 813 1583 notare.
844 1548 890 1584 Et
902 1554 1000 1585 certe
1019 1547 1068 1583 ita
1080 1545 1140 1582 est.
1179 1545 1260 1583 Hac
1271 1547 1373 1583 enim
1393 1543 1638 1594 descriptione
1649 1543 1772 1582 videre
1784 1545 1837 1581 vi-

247 1605 338 1642 deor
349 1604 505 1653 figuram
518 1604 567 1640 ita
578 1602 751 1653 positam,
763 1613 803 1640 ur
816 1597 1023 1646 accedenti,
1036 1604 1072 1639 ὅ(
1083 1602 1345 1645 retrocedenti‚
1360 1602 1428 1638 alia
1439 1611 1550 1650 atque
1562 1600 1630 1636 alia
1638 1598 1836 1637 videretur.

248 1661 394 1698 Omnes
403 1659 528 1708 figurae
540 1661 589 1696 ita
603 1658 727 1709 positae
739 1658 819 1696 sunt
829 1668 869 1696 ut
879 1658 984 1696 radiis
997 1658 1100 1694 restis
1110 1657 1321 1708 aspiciendae
1332 1657 1478 1701 sint‚aut
1489 1655 1801 1704 obliquisReffls
1813 1652 1834 1691 ὲ

244 1717 398 1766 regione
411 1715 554 1752 tabulae.
586 1715 761 1763 Obliquis
773 1727 864 1753 vero
878 1725 939 1752 aut
952 1726 994 1750 ex
1007 1714 1141 1750 eodem
1154 1714 1267 1762 plano
1280 1743 1289 1757 ‚
1310 1713 1368 1749 sed
1382 1712 1401 1749 a
1414 1713 1526 1749 latere
1540 1726 1546 1748 :
1561 1721 1625 1748 aut
1637 1723 1680 1747 ex
1694 1709 1835 1747 diverso

245 1771 577 1821 plano,inferiore‚
597 1769 865 1821 velsuperiore.
895 1770 987 1807 Side
1000 1771 1090 1806 loco
1103 1769 1278 1806 inferiore
1288 1769 1405 1819 figura
1416 1766 1638 1817 suspicienda
1650 1766 1711 1810 sit,
1731 1777 1835 1803 acce-

245 1827 346 1864 denti
357 1827 400 1862 ad
411 1827 578 1864 tabulam
589 1825 703 1876 figura
721 1825 940 1864 descendere
957 1825 1153 1869 videbitur,
1164 1825 1352 1862 recedenti
1364 1823 1568 1861 ascendere.
1584 1824 1742 1866 Contra,
1755 1820 1778 1856 fi
1790 1820 1834 1858 de

245 1883 338 1918 loco
351 1881 535 1930 superiore
545 1881 777 1931 despicivclit
787 1911 796 1926 ,
814 1894 892 1931 quo
904 1882 1051 1931 longius
1065 1880 1084 1917 a
1094 1880 1217 1918 tabula
1231 1880 1378 1917 recedet
1391 1880 1527 1917 oculus
1540 1903 1546 1916 .
1561 1876 1678 1925 figura
1689 1873 1833 1913 descen-

246 1937 331 1974 dere
341 1937 537 1979 videbitur‚
549 1949 628 1984 quo
639 1939 790 1985 propius
799 1938 964 1981 accedet,
985 1936 1218 1978 descendere.
1234 1937 1376 1973 &ratio
1387 1936 1531 1984 optices
1544 1935 1592 1968 ita
1604 1933 1706 1981 cogit
1717 1931 1835 1968 fateri.

246 1993 480 2040 Polygnotus
499 1993 607 2039 igitur
624 1992 661 2028 in
676 1992 815 2027 Pie‘tura
826 1991 955 2029 solers,
969 2003 1110 2027 novam
1122 1992 1307 2028 rationem
1320 1990 1561 2038 excogitavit,
1572 1999 1644 2035 qua
1663 1988 1834 2025 illuderet

246 2048 452 2098 spectatori.
484 2047 651 2096 figuram
663 2048 761 2082 enim
782 2057 823 2082 ea
835 2055 912 2082 arte
926 2046 1054 2096 pinxit,
1066 2055 1105 2081 ut
1116 2056 1195 2094 pars
1208 2045 1370 2094 superior
1389 2054 1567 2092 tanquam
1580 2042 1625 2079 de
1647 2041 1835 2092 superiore

245 2105 339 2141 loeo
359 2102 551 2142 videretur,
566 2101 718 2139 inferior
736 2113 779 2137 ex
798 2100 981 2139 inferiore,
1006 2111 1079 2136 una
1091 2102 1128 2136 <Sc
1141 2100 1271 2137 eadem
1284 2099 1410 2148 figurae
1422 2098 1582 2149 positura
1594 2097 1728 2135 diversa
1741 2097 1834 2144 ejus-

247 2160 334 2196 dem
353 2160 437 2195 artis
448 2159 615 2209 exempla
628 2158 859 2207 complexus.
879 2155 937 2193 Ut
948 2155 1018 2192 siin
1030 2165 1173 2205 partem
1183 2154 1408 2205 superiorem
1420 2156 1551 2192 oculus
1564 2153 1828 2194 intenderetur,

246 2213 461 2253 recedendo
479 2213 594 2263 figura
609 2212 833 2266 ¹descendere
844 2211 1047 2249 videretur:
1067 2221 1199 2248 contra
1220 2211 1436 2255 ascendere,
1448 2209 1519 2246 siin
1531 2209 1747 2247 inferiorem
1758 2221 1835 2259 par-

245 2280 323 2307 tem
334 2271 546 2307 intueretur.
578 2269 666 2306 Hoc
679 2279 774 2319 puto
785 2266 939 2306 voluiss'e
950 2267 1107 2303 Plinium
1120 2267 1264 2303 laudare
1276 2269 1312 2304 in
1324 2267 1540 2316 Polygnoto
1553 2294 1562 2309 ,
1577 2277 1690 2314 quern
1701 2265 1835 2302 nihilo-

245 2328 367 2362 minus
378 2327 504 2375 primis
515 2325 660 2374 piel-urae
680 2324 914 2375 temporibus
926 2322 1090 2359 inclusit:
1113 2335 1199 2360 curn
1212 2323 1382 2359 nondum
1402 2322 1541 2359 lumina
1553 2321 1636 2358 artis
1653 2320 1832 2370 apparuis-

245 2381 322 2418 sent
334 2406 342 2420 ‚
366 2392 445 2428 quae
457 2380 580 2430 postea
590 2383 624 2416 in
642 2379 887 2430 Apollodoro
900 2377 1116 2415 refulserunt
1128 2407 1137 2423 ,
1156 2379 1219 2426 qui
1232 2379 1370 2427 primus
1381 2378 1540 2427 gloriam
1554 2377 1730 2428 penicillo
1743 2388 1836 2414 eon-

244 2438 339 2475 tulit.
369 2436 484 2474 Unde
506 2438 542 2473 &
562 2436 708 2486 pffiurae
728 2434 922 2472 secundam
945 2444 1092 2471 aetatem
1110 2434 1374 2471 inchoabimus
1388 2463 1397 2477 ‚
1428 2434 1449 2470 a
1470 2431 1706 2481 nonagesima
1725 2434 1833 2469 tertia

245 2491 493 2542 Olympiade,
514 2503 601 2529 cum
613 2502 720 2528 antea
732 2491 830 2528 nulla
849 2490 988 2527 Pictura
999 2489 1206 2527 admodum
1229 2491 1363 2526 oculos
1373 2490 1542 2525 tenuerit.
1575 2488 1648 2524 Hic
1672 2489 1833 2537 Apollo-

244 2548 356 2585 dorus
366 2549 503 2597 primus
515 2546 650 2597 species
670 2545 1047 2597 exprimeteinstituit.
1079 2545 1192 2581 Hunc
1204 2544 1375 2593 sequutus
1395 2545 1532 2581 Zeuxis
1543 2543 1692 2594 piCturoe
1704 2554 1828 2594 portas

245 2604 394 2641 intravit
406 2633 415 2646 ,
426 2614 519 2652 quas
530 2602 788 2652 Apollodorus
798 2611 996 2651 aperuerat.
1028 2601 1129 2637 Fecit
1139 2601 1346 2649 Penelopen
1359 2628 1368 2644 ‚
1387 2602 1424 2636 in
1436 2612 1507 2649 qua
1518 2609 1643 2636 mores
1666 2600 1742 2643 ejus
1753 2600 1831 2647 pin-

245 2658 329 2694 xiffe
338 2659 539 2696 videbatur.
559 2658 629 2694 Sed
639 2658 684 2695 de
696 2656 972 2707 pulchritudinis
984 2657 1101 2705 specie
1115 2655 1278 2692 absoluta
1290 2655 1458 2692 nondum
1470 2657 1563 2692 inter
1574 2654 1727 2692 artifices
1739 2665 1828 2690 con-

246 2712 368 2750 stabat.
401 2712 657 2764 ltaque&ipsc
669 2713 845 2763 grandior
866 2715 902 2748 in
923 2711 1103 2762 capitibus
1125 2710 1606 2759 articulisquejudicabatur.
1638 2710 1828 2761 roirca

246 2768 423 2805 fluctuans
444 2769 586 2807 adhuc,
619 2781 705 2806 eum
723 2767 1004 2818 pulchritudinis
1023 2767 1184 2816 speciem
1207 2766 1377 2803 nondum
1398 2767 1527 2803 animo
1551 2763 1828 2813 contemplatus

247 2822 352 2860 esset,
375 2824 532 2860 facturus
552 2824 804 2873 Agrigentinis
824 2822 985 2860 tabulam
997 2851 1006 2865 ‚
1027 2833 1142 2871 quam
1154 2823 1191 2858 in
1202 2823 1347 2872 templo
1359 2819 1509 2874 Junonis
1522 2820 1669 2869 publice
1682 2817 1829 2857 dedica-

245 2888 327 2916 rent
339 2908 350 2925 ,
369 2879 568 2928 virginibus
581 2891 715 2917 eorum
727 2879 892 2931 inspeffls
904 2904 912 2918 ,
936 2890 979 2916 ex
992 2878 1033 2916 iis
1044 2879 1210 2927 quinque
1229 2878 1339 2928 elegit
1352 2905 1362 2922 ,
1379 2886 1418 2914 ut
1430 2876 1533 2926 quod
1543 2877 1581 2912 in
1594 2885 1740 2923 quaque
1751 2875 1828 2911 lau-

1693 2928 1827 2967 datissi-
