2023 3162
461 80 1091 122 nnAnciiri-Ecwvm
1147 79 1384 121 mmlx.
1672 96 1741 129 191

799 179 834 216 C
864 191 887 216 Α
925 192 943 217 Ρ
1002 179 1040 217 V
1053 179 1078 216 I.

265 268 346 322 De
355 266 602 345 fideribees
617 269 847 343 quaesunt
865 266 897 320 ei
911 267 1126 321 Zodiaco
1143 267 1215 320 ad
1227 269 1621 342 Septentrionem.

236 381 271 419 A
281 395 309 420 M
323 394 382 434 Qv
396 395 414 418 E
427 384 487 428 [a]
501 381 844 431 Septentrio,quern
855 380 975 418 Gtaeci
987 383 1187 419 nominant
1196 377 1314 434 αἴρκπν
1326 381 1396 419 five
1404 376 1530 427 ἑλικῆν,
1544 381 1653 421 habet
1663 382 1747 434 post

235 438 269 475 se
281 439 517 476 collocatum
530 436 751 475 Custodem.
763 436 825 473 Ab
836 449 884 474 eo
896 449 976 474 non
985 438 1098 487 longe
1109 438 1346 477 conformata
1356 439 1406 476 est
1417 439 1557 490 Virgo,
1569 435 1628 484 [b]
1640 444 1748 487 cujus

1644 496 1747 547 supra

153 559 1747 569 ———-————————————-—-————-——-—-—-....———--—

142 584 264 612 Philand.
281 587 371 613 Totus
382 584 425 612 hic
434 584 509 612 locus
520 584 552 611 de
563 583 708 622 syderibus,
717 585 762 623 qui
772 587 858 622 capite
869 584 921 612 hoc
931 588 956 613 ἐκ
965 586 1091 622 proximo
1098 584 1251 618 absolvitur,
1268 587 1335 615 adeo
1346 588 1450 617 luxatus
1461 588 1613 628 mendisque
1620 587 1750 617 deformis

185 626 232 658 est,
243 635 271 654 ut
283 627 327 654 nili
340 626 475 657 liberiore,
489 633 534 652 aut
544 625 685 653 audaciore
694 626 784 663 potius
797 625 942 664 castigandi
953 626 1055 654 ratione
1068 625 1269 654 emendarisatis
1279 637 1332 655 non
1342 627 1432 667 poffit.
1452 632 1524 658 Loca
1533 639 1638 658 tantum
1649 630 1752 668 aliquot:

185 668 307 706 (quando
316 667 379 704 juris
391 665 501 704 amplius
512 664 579 692 mihi
590 675 643 693 non
655 665 773 704 permifi)
784 675 816 693 ex
827 667 938 706 ingenio
948 667 1168 706 castigavi,quam
1179 676 1270 695 tamen
1282 671 1465 703 conJecturam
1476 671 1592 699 nostram
1605 680 1669 699 tunc
1680 680 1754 698 ama-

181 708 271 736 bimus
283 729 290 741 ,
311 717 374 736 cum
386 705 401 735 a
413 706 499 734 dostis
510 706 573 733 viris
585 707 688 744 probari
699 707 847 745 audiemus,
871 706 1012 745 Reliquam
1023 717 1088 735 vero
1097 709 1241 736 lectionem
1253 709 1435 748 perturbatam
1445 732 1451 743 ,
1469 713 1584 739 laceram
1596 732 1603 744 ‚
1624 716 1648 740 ὃς
1660 720 1754 740 macu-

183 750 264 778 losam
274 758 386 789 purgare
397 747 509 779 volenti,
521 749 596 774 Arati
608 746 793 785 phaenomena,
804 750 829 775 &
840 747 939 786 Higini
949 747 1051 776 [ibride
1061 748 1140 776 stellis
1151 769 1158 780 ,
1175 757 1221 776 aut
1232 747 1301 778 Bassi
1311 751 1338 777 in
1349 753 1502 780 Germanici
1515 753 1664 780 versionem
1675 762 1755 780 corn-

181 790 315 822 mentarii,
331 789 448 818 Procius,
458 787 661 819 Ptolemaeusve,
670 792 695 816 δε
707 788 796 816 caeteri
807 797 887 826 opem
897 785 999 816 adferre
1010 796 1144 827 poterant.
1156 790 1224 817 Satis
1236 789 1319 817 visum
1328 791 1363 818 est
1375 792 1453 826 (dum
1468 802 1643 821 communem
1654 793 1753 821 lectio-

182 841 245 860 nem
256 832 363 859 inanem
373 830 641 868 commentitiamque
652 826 978 867 putamus)petfunstorie
989 833 1013 858 δε
1025 829 1115 858 obiter
1123 829 1185 858 loca
1194 830 1403 869 interpretantes
1414 832 1658 871 indicare,quorum
1671 833 1755 862 bene-

183 871 247 901 ficio
266 872 414 902 veriorem,
433 870 451 898 fi
472 880 525 898 non
540 871 658 897 nativam
675 870 848 908 scriptionem
858 869 920 898 dare
938 871 1078 911 integrum
1092 879 1156 899 erat.
1177 873 1387 907 (Democritum
1399 874 1472 900 enim
1483 874 1622 912 pliylicum
1634 874 1754 903 securum

182 909 235 942 effe
244 912 269 941 se
279 912 327 941 hac
339 920 411 951 parte
421 910 498 938 nobis
508 910 754 945 commonstravit.)
767 914 790 938 ὃς
801 908 911 939 fortasse
922 921 980 950 quae
990 921 1162 944 annotamus.
1175 912 1294 940 ssudiofis
1305 923 1386 951 opem
1394 911 1496 942 adferre
1507 911 1603 952 possint
1616 916 1646 942 ad
1658 916 1756 943 melio-

182 964 241 982 rem
250 952 433 993 indagandam.
455 951 521 980 lllud
531 962 580 990 pro
591 962 617 980 re
632 948 768 990 poffumus
779 952 896 979 indicare
907 973 914 982 ,
925 953 959 980 ab
972 951 1145 991 Hipparcho,
1160 953 1320 985 Ptolemaeo,
1335 957 1360 982 ὅ(
1371 952 1485 982 Alfonso
1496 963 1602 983 notatas
1612 953 1663 983 esse
1674 956 1758 983 stellas

182 994 256 1034 supra
269 994 340 1022 mille
358 993 421 1022 duas
437 1002 466 1020 ae
479 993 588 1032 viginti,
604 991 742 1031 sextuplici
753 992 939 1032 magnitudine
956 993 1100 1022 distinctas.
1121 994 1216 1021 Primae
1238 994 1432 1033 magnitudinis
1453 993 1505 1024 effi:
1522 996 1686 1035 quindecim.
1708 999 1756 1024 Se-

183 1035 276 1064 cundae
290 1043 357 1063 xcv.
378 1035 477 1061 Tertiae
498 1044 512 1061 c
525 1043 538 1061 c
552 1043 587 1061 vi
603 1043 646 1061 11.
669 1036 781 1072 Qartae
801 1043 838 1061 cc
851 1043 890 1061 cc
905 1043 918 1060 r
931 1044 972 1062 xx
986 1044 994 1062 1
1009 1045 1033 1062 v.
1057 1034 1170 1073 Qintae
1187 1044 1200 1062 c
1212 1044 1225 1062 c
1237 1045 1253 1062 x
1265 1045 1308 1062 11.
1332 1037 1418 1064 Sexta:
1442 1046 1456 1063 1.
1471 1048 1487 1064 x
1501 1047 1514 1064 v
1528 1047 1597 1064 111.
1618 1038 1755 1077 Imagines

183 1074 234 1105 effe
245 1075 484 1115 quadragintaosto
495 1095 502 1106 ,
521 1075 593 1113 quod
606 1073 688 1102 Pisces
706 1078 730 1102 3:
749 1074 859 1102 Gemini
870 1074 920 1102 lint
933 1074 1005 1115 figna
1015 1075 1146 1114 duplicia:
1164 1083 1209 1103 aut
1219 1074 1237 1102 fi
1247 1075 1289 1103 11ae
1298 1074 1392 1115 figurae
1405 1087 1454 1116 pro
1467 1077 1628 1116 Gmplicibus
1639 1077 1756 1106 habean-

182 1126 225 1145 tur
236 1138 243 1149 ,
265 1115 425 1155 Ophiuchus
433 1126 482 1154 pro
495 1114 605 1143 homine
618 1119 641 1143 St
654 1117 780 1154 Sei-pente
793 1135 799 1147 ,
818 1118 842 1142 ἃ(
854 1116 915 1153 equi
933 1116 987 1143 duo
1006 1117 1080 1151 juxta
1098 1115 1407 1145 Ptolcmaeisententiam
1419 1117 1468 1145 lint
1479 1119 1617 1146 statuendi.
1642 1119 1756 1157 thuo—

183 1159 252 1186 niam
261 1157 313 1185 huc
324 1156 451 1185 sermonis
460 1165 570 1184 ventum
581 1157 634 1186 est.
653 1166 707 1184 non
718 1157 768 1183 erit
777 1165 871 1183 eorum
882 1166 940 1194 quae
951 1156 1143 1194 εἰπερτῶόνυζω
1152 1165 1251 1185 vocant
1261 1178 1267 1189 ,
1289 1157 1308 1185 ii
1320 1161 1344 1185 5<
1357 1158 1420 1186 illud
1431 1159 1567 1193 addidero,
1581 1159 1652 1198 quod
1661 1169 1693 1187 ex
1705 1160 1755 1187 Al—

181 1197 285 1239 fragani
301 1197 403 1236 scriptis
414 1197 580 1233 conjecimus
592 1218 599 1229 ,
621 1201 644 1225 δι
656 1197 688 1225 ad
709 1197 842 1225 calculum
854 1199 1041 1233 revocavimus
1053 1219 1059 1230 ‚
1082 1198 1214 1226 stellarum
1234 1199 1326 1236 prima:
1336 1200 1530 1239 magnitudinis
1551 1201 1684 1228 ambitum
1695 1196 1756 1230 effe,

181 1249 310 1278 quantum
326 1248 402 1267 terrae
411 1239 511 1266 centies
530 1242 554 1266 8<
576 1238 743 1276 quindecies.
769 1237 801 1265 de
813 1238 886 1273 cujus
899 1239 1002 1266 ambitu
1019 1239 1073 1266 dixi
1092 1238 1154 1266 libri
1165 1249 1183 1266 1.
1206 1239 1293 1277 capite
1305 1238 1390 1268 sexto.
1411 1241 1540 1269 Secundae
1550 1241 1755 1281 magnitudinis,

181 1281 321 1320 quinquies
332 1283 357 1307 3<
369 1279 506 1319 ostuagies
516 1300 522 1306 .
547 1279 659 1310 Tertiae,
669 1279 708 1307 bis
720 1283 744 1307 ἃ
755 1278 914 1318 septuagies.
934 1281 1049 1318 Qartae
1059 1279 1249 1320 quinquagies.
1268 1281 1384 1319 Qintae
1396 1301 1402 1312 ,
1422 1282 1514 1309 tricies
1525 1285 1547 1310 Se
1561 1281 1652 1310 sexies.
1669 1283 1756 1309 Sextae

182 1322 275 1349 vicies.
297 1319 412 1349 Rursum
425 1323 504 1348 Lunae
514 1320 647 1348 ambitum
660 1322 794 1348 minorem
802 1317 853 1348 effe
864 1328 942 1348 terrae
952 1321 1057 1348 ambitu
1069 1319 1163 1359 septies
1174 1325 1199 1349 ὃ(
1211 1321 1302 1348 tricies
1316 1341 1322 1353 ,
1343 1322 1474 1350 Mercurii
1483 1331 1524 1350 ter
1535 1323 1630 1350 millies
1642 1324 1754 1354 centies,

183 1366 209 1390 St·
221 1371 260 1390 ter
271 1360 345 1400 supra
360 1361 523 1401 quadragies.
542 1363 653 1389 Veneris
661 1361 754 1399 septies
772 1364 796 1388 ὃς
814 1362 914 1389 tricies.
939 1363 957 1389 E
970 1362 1109 1389 contrario
1127 1362 1195 1390 Solis
1213 1361 1345 1397 majorem
1366 1359 1418 1391 effe
1437 1363 1570 1392 ambitum
1586 1374 1665 1403 quam
1678 1372 1754 1391 terra:

184 1403 317 1431 centies&
329 1401 444 1442 sexagies
455 1402 550 1433 sexies,
569 1402 666 1430 Martis
675 1400 729 1430 fere
742 1402 780 1429 bis
793 1423 800 1434 ‚
819 1403 890 1430 Iovis
899 1401 979 1430 semel
999 1406 1023 1431 &
1044 1403 1174 1443 nonagies
1186 1423 1193 1435 ,
1212 1403 1316 1431 Saturni
1334 1403 1475 1442 quinquies
1486 1408 1510 1432 &
1522 1406 1660 1444 nonagies.
1672 1405 1755 1433 Pm-

184 1453 257 1472 terea
265 1442 280 1471 a
292 1452 362 1471 terra
372 1444 404 1471 ad
415 1445 517 1471 Lunam
526 1444 658 1472 intervalli
669 1443 790 1472 milliaria
799 1441 850 1471 effe
861 1452 971 1472 centum
982 1443 1120 1484 sexaginta
1130 1443 1211 1471 millia
1223 1447 1247 1472 &
1259 1445 1358 1484 viginti
1366 1443 1465 1483 septem
1482 1444 1556 1484 supra
1567 1445 1754 1485 quadraginta:

182 1485 215 1513 ad
226 1485 394 1513 Mercurium
404 1493 525 1512 trecenta
540 1482 654 1512 sedecim
664 1485 747 1512 millia
766 1487 791 1512 &
809 1484 910 1524 viginti
929 1486 994 1513 osto
1006 1494 1067 1512 cum
1086 1485 1260 1525 quingentis:
1281 1485 1312 1513 ad
1324 1488 1454 1514 Venerem
1467 1488 1625 1527 octingenta
1642 1486 1756 1526 triginta

184 1529 303 1555 &unum
315 1524 413 1556 millia,
428 1528 526 1554 &cum
536 1526 698 1566 octingentis
718 1526 814 1565 viginti
824 1524 867 1553 sex
880 1535 886 1552 :
906 1525 939 1554 ad
948 1525 1039 1554 Solem
1056 1524 1138 1553 sexies
1160 1525 1256 1553 millies
1275 1526 1452 1567 quinquagies
1473 1528 1559 1556 octies
1577 1527 1650 1554 mille
1669 1530 1692 1554 ὅ(
1704 1527 1756 1553 du-

183 1576 264 1595 centa
275 1567 418 1607 oitoginta
426 1576 543 1594 novem:
564 1566 595 1593 ad
607 1568 722 1595 Martem
731 1565 812 1594 sexies
824 1566 919 1594 millies
931 1566 1003 1595 mille
1013 1588 1019 1598 ,
1043 1566 1143 1594 centies
1154 1566 1239 1594 octies
1251 1566 1323 1594 mille
1333 1568 1529 1607 quadringenta
1549 1571 1573 1596 ὃ(
1585 1576 1701 1595 novem:
1723 1565 1757 1593 ad

182 1609 280 1636 Iovem
289 1613 382 1646 quater
398 1611 422 1635 ὃ(
439 1607 595 1647 quadragies
606 1607 699 1636 millies
712 1607 792 1640 mille,
803 1607 1022 1648 quadringenties
1032 1607 1073 1635 bis
1089 1610 1114 1636 ὅ(
1130 1605 1281 1646 septuagies
1293 1607 1367 1635 mille
1377 1628 1384 1640 ,
1408 1611 1433 1636 δε
1445 1618 1507 1636 cum
1518 1608 1647 1636 sexcentis
1657 1607 1757 1647 viginti

184 1649 301 1688 quinque
313 1659 319 1675 :
341 1648 382 1676 Ad
393 1650 536 1676 Saturnum
546 1648 586 1675 bis
604 1654 630 1677 ὅ(
647 1648 793 1688 septuagies
812 1648 884 1676 mille
896 1670 902 1681 ,
921 1652 946 1676 &
958 1648 1153 1688 quadringenta
1171 1656 1297 1686 quatuor.
1319 1647 1360 1675 Ad
1369 1648 1493 1676 oftavam
1512 1647 1639 1687 spheram
1658 1648 1757 1676 centies

185 1689 281 1717 millies
293 1689 376 1720 mille,
392 1688 585 1728 septingenties
594 1688 711 1729 sexagies
721 1688 801 1717 sexies
813 1689 894 1721 mille,
903 1693 927 1718 δε
940 1699 1002 1717 cum
1013 1698 1123 1717 centum
1136 1698 1234 1717 novem
1246 1691 1271 1716 ὅ(
1285 1689 1442 1728 nonaginta.
1465 1688 1504 1716 Ad
1517 1699 1617 1717 nonam
1631 1688 1758 1727 spliaeram

185 1729 303 1758 semel&
316 1729 454 1758 ducenties
466 1729 560 1757 millies
573 1730 656 1760 mille,
667 1731 835 1770 quingenties
846 1730 935 1758 tricies
944 1733 968 1758 ὅ(
979 1728 1073 1768 septies
1082 1729 1154 1757 mille
1163 1749 1169 1760 ,
1181 1732 1206 1757 &
1216 1727 1291 1767 supra
1302 1729 1477 1769 quadraginta
1491 1740 1602 1758 novem.
1614 1729 1757 1758 Decimam

188 1770 316 1809 sphaeram
328 1792 335 1803 ‚
356 1774 380 1799 St·
393 1771 562 1799 undecimam
580 1781 633 1798 non
645 1772 721 1798 novit
740 1767 900 1809 Alfraganus
910 1791 917 1802 ,
936 1780 984 1798 nec
996 1780 1029 1798 eo
1039 1769 1175 1809 quisquam
1186 1769 1326 1808 antiquior
1336 1791 1343 1801 ,
1363 1780 1464 1799 nonam
1482 1771 1554 1798 enim
1565 1769 1694 1809 putabant
1705 1765 1757 1797 effe

187 1812 306 1849 primum
319 1811 429 1839 mobile.
451 1812 509 1848 Qi
519 1810 576 1839 sunt
587 1810 668 1840 secuti
680 1811 817 1851 Astrologi
829 1832 836 1843 ,
855 1811 927 1839 illam
937 1810 1030 1839 abhoc
1039 1811 1225 1839 distinxerunt.
1246 1810 1424 1838 Vndecimam
1441 1821 1505 1839 vero
1516 1811 1687 1839 immobilem
1696 1810 1763 1848 qui-

185 1852 246 1879 dem
258 1852 339 1883 illam,
350 1855 508 1880 Graecorum
520 1854 621 1890 primus
633 1852 741 1880 Balilius
752 1873 758 1884 ,
782 1852 940 1880 Latinorum
952 1861 1041 1880 autem
1053 1851 1161 1880 Strabus
1171 1856 1196 1880 Sc
1208 1851 1278 1880 Beda
1289 1848 1399 1888 posuiffe
1409 1853 1547 1884 feruntur,
1569 1861 1650 1891 quam
1660 1851 1695 1880 ab
1704 1853 1758 1878 im-

185 1891 277 1920 menso
287 1891 424 1931 splendore
435 1913 442 1922 ‚
461 1896 486 1920 ἃ·
497 1889 676 1920 ardentiffima
687 1893 806 1920 claritate
816 1892 937 1929 ἒμπύρειν,
947 1893 1018 1931 quali
1028 1893 1146 1932 ignitum
1154 1892 1236 1924 dicas,
1248 1900 1425 1919 vocaverunt.
1446 1892 1487 1919 Ibi
1507 1893 1558 1920 Dei
1576 1893 1684 1930 Optimi
1695 1893 1758 1919 Ma-

185 1934 252 1961 ximi
262 1954 269 1966 ,
289 1938 313 1961 δι
327 1933 467 1961 beatorum
479 1931 618 1971 spirituum
628 1934 750 1961 ordinem
759 1952 765 1962 ‚
774 1943 853 1971 atque
863 1932 1015 1962 sanctorum
1024 1932 1125 1972 semper
1134 1932 1347 1961 venerandorum
1358 1931 1445 1960 sedem
1455 1932 1596 1973 Theologi
1607 1933 1758 1961 existimant
1788 1940 1791 1943 ·

189 1972 250 2002 effe.
274 1976 317 2002 De
328 1983 379 2012 qua
389 1985 415 2001 re
429 1994 437 2004 ‚
457 1974 473 2001 li
485 1975 558 2012 plura
573 1976 662 2013 cupis,
682 1974 770 2013 legito
782 1974 909 2013 Egidium
925 1976 1080 2002 Romanum
1091 1973 1289 2002 commentario
1307 1974 1334 2000 in
1345 1971 1451 2001 secund.
1461 1973 1574 2001 sentent.
1588 1975 1758 2002 distinciione

188 2014 310 2042 secunda.
322 2016 392 2043 Nam
402 2019 426 2043 &
437 2016 470 2043 de
481 2015 511 2043 iis
525 2016 637 2043 memini
658 2016 777 2054 graviter
789 2024 867 2053 atque
878 2013 972 2042 diserte
990 2010 1114 2042 disserere
1135 2024 1189 2042 non
1202 2014 1341 2054 vulgarem
1353 2015 1472 2042 amicum
1494 2015 1612 2042 nostrum
1629 2017 1760 2041 Ioannem

190 2050 342 2082 Vaffurium
355 2055 529 2088 Ambianum,
540 2056 695 2084 excellentis
706 2056 806 2095 ingenii
817 2064 896 2093 atque
907 2055 1036 2083 doClrinae
1046 2056 1144 2088 virum,
1157 2054 1324 2093 meliorisque
1335 2064 1405 2082 notae
1417 2054 1604 2094 Theologum.

159 2096 188 2130 a]
212 2094 360 2134 Philan-der.
379 2098 450 2124 Cum
460 2097 487 2124 in
499 2097 572 2124 cerlo
584 2098 633 2125 sint
645 2097 708 2124 astra
719 2117 725 2128 ,
737 2097 788 2124 live
798 2095 888 2135 sydera
900 2116 906 2127 ,
918 2096 945 2123 id
955 2096 990 2124 est
1002 2096 1074 2136 tigna
1084 2116 1091 2129 ,
1103 2106 1161 2135 quae
1170 2096 1294 2124 animalia
1308 2094 1378 2123 resve
1388 2095 1450 2123 alias
1459 2095 1654 2134 repraesenrant,
1667 2094 1759 2122 multis

193 2136 342 2163 constantia
353 2137 439 2164 stellis.
459 2136 523 2170 (hoc
536 2139 608 2165 enim
619 2136 737 2165 astrum-i
749 2137 820 2165 stella
830 2133 920 2164 differt
929 2157 936 2168 ,
954 2137 979 2164 id
990 2137 1026 2164 est
1036 2134 1105 2171 οἷ’ςμι
1115 2136 1162 2165 λί-πέ
1172 2135 1196 2167 ξ’
1206 2136 1306 2168 ,ἰςέείῷψ
1317 2157 1322 2166 ,
1333 2136 1485 2164 αυξὶοτὶὸιις
1501 2136 1604 2162 Galeno
1613 2145 1759 2163 commen-

191 2176 261 2204 tario
271 2177 357 2214 primo
365 2176 425 2205 libri
438 2178 516 2214 primi
530 2178 687 2216 Epidemion
699 2177 913 2215 Hippocratis&
925 2178 1074 2204 Ammonio
1084 2177 1153 2204 libro
1162 2177 1195 2205 de
1206 2174 1390 2209 differentiis.)
1400 2185 1494 2203 eorum
1506 2176 1556 2202 alia
1566 2176 1624 2204 sunt
1635 2176 1757 2207 austrina,

191 2217 241 2245 alia
250 2216 385 2254 aquilonia
394 2236 401 2247 ,
421 2217 538 2245 universa
549 2219 660 2257 triginta
669 2218 798 2256 quinque,
816 2217 946 2245 sententia
954 2218 1082 2244 Martiani
1094 2217 1210 2255 Capellae
1220 2238 1226 2248 ,
1241 2216 1286 2244 lib.
1296 2226 1365 2243 vni.
1378 2225 1406 2244 ut
1417 2216 1522 2254 reliquis
1535 2216 1632 2254 placet,
1644 2217 1759 2257 triginta

192 2257 234 2286 sex
246 2267 252 2284 :
265 2258 351 2285 neutri
366 2258 437 2286 enim
449 2258 559 2287 Zodiaci
571 2261 644 2299 tigna
653 2258 835 2285 adnumerant.
853 2259 918 2284 Sunt
928 2257 1207 2295 quiSeptentrionalia
1216 2257 1255 2285 his
1270 2255 1379 2284 Ausonii
1390 2255 1507 2285 verubus
1519 2257 1612 2286 decem
1622 2261 1646 2286 &
1660 2266 1761 2284 novem

197 2296 354 2327 recensent:

545 2339 594 2366 Ad
612 2342 691 2366 Borea
704 2345 790 2376 partes
798 2339 874 2365 Ανὲἰι
884 2343 1025 2365 vertuntur
1037 2333 1070 2368 Εἴ
1080 2339 1197 2375 Anguis.

550 2381 610 2406 Post
625 2379 668 2407 hos
680 2377 858 2415 Arfflophylax
868 2399 874 2408 ,
887 2381 1035 2416 pariterque
1045 2381 1146 2406 Corona
1155 2400 1161 2409 ,
1178 2388 1296 2418 genuque

547 2419 692 2458 Prolapsus‚
705 2424 771 2458 L-,ra
782 2437 788 2447 ‚
809 2420 879 2446 Avis
889 2439 896 2449 ‚
915 2418 1039 2456 Cepheus,
1052 2416 1085 2450 es
1096 2418 1244 2456 Caffiopeia.

546 2463 667 2498 Auriga.
685 2458 717 2492 ὅ
729 2459 830 2495 Perseus
843 2480 849 2490 ,
869 2459 1000 2489 Deltoton,
1011 2460 1179 2488 Andromeda
1195 2460 1300 2495 astrum,

544 2502 655 2539 Pegafiu
667 2523 673 2533 ,
691 2502 724 2536 ,ξφ
735 2499 856 2536 Delphin,
866 2500 960 2529 Telum
971 2521 977 2530 ‚
995 2501 1159 2540 Aquilaeque,
1177 2499 1421 2539 Anguitenenfijuo
1429 2524 1436 2529 .

197 2547 240 2574 De
252 2545 283 2573 iis
293 2544 337 2584 qui
348 2544 380 2573 ad
389 2541 534 2571 Meridiem
544 2541 613 2574 sunt,
629 2543 716 2581 capite
726 2542 850 2580 proximo
860 2542 909 2569 erit
920 2541 1014 2569 sermo.
1029 2559 1037 2566 ·

156 2584 186 2621 b]
217 2586 302 2614 Idem.
323 2587 360 2614 Ea
370 2584 441 2613 stella
449 2580 562 2611 Bass‘oin
573 2584 767 2611 Germanicum
777 2581 1138 2614 antevindemiatordicitur,
1152 2582 1237 2610 Plinio
1248 2582 1293 2611 lib.
1306 2593 1393 2611 xviri.
1405 2593 1463 2621 cap.
1477 2592 1512 2617 31.
1535 2582 1561 2610 in
1573 2580 1703 2621 impressis
1716 2593 1765 2612 co-

194 2626 301 2655 dicibus
312 2625 493 2655 vindemiator
505 2644 512 2655 .
533 2625 559 2651 in
568 2625 670 2663 scriptis
681 2623 843 2651 vindemitor
854 2644 860 2654 ,
882 2633 936 2662 quo
953 2624 978 2650 in
998 2623 1061 2650 loco
1082 2623 1179 2651 reffius
1191 2625 1419 2653 antevindemitor
1429 2624 1543 2664 legatur.
1565 2625 1661 2662 Neque
1673 2634 1716 2652 me
1725 2625 1764 2653 la-

196 2675 256 2695 tent
267 2667 348 2696 vetba
357 2666 401 2694 illa
412 2664 573 2694 Columellae
590 2665 637 2693 lib.
646 2675 685 2692 xi.
705 2674 761 2702 cap.
775 2673 810 2691 11.
821 2673 861 2691 Vl.
874 2674 955 2691 nonas
967 2664 1060 2691 Martii
1075 2664 1253 2692 vindemiator
1262 2674 1371 2703 apparet
1381 2686 1387 2696 ,
1403 2674 1482 2702 quem
1493 2664 1632 2701 ς-ξυγηπῗρφ
1642 2665 1735 2693 dicunt
1754 2675 1761 2693 ε

195 2717 263 2747 puto
270 2709 342 2737 enim
353 2707 385 2736 ad
395 2706 559 2746 superiorum
570 2703 684 2734 sormam
696 2705 826 2745 exigenda
835 2725 841 2735 ‚
861 2708 886 2733 3<
897 2707 1086 2741 fflffvynviq‘oe
1096 2714 1145 2743 pro
1155 2706 1291 2743 qgvymff&
1301 2705 1467 2733 scribendum
1478 2726 1484 2737 ‚
1505 2706 1544 2732 uti
1556 2708 1580 2732 St
1592 2706 1661 2744 apud
1674 2706 1765 2734 Ptole-

198 2758 298 2778 maeum
314 2749 384 2777 libro
394 2748 427 2776 de
438 2747 612 2776 inerrantium
622 2747 751 2775 stellarum
763 2744 1017 2786 lignificationibus:
1034 2746 1129 2773 eodem
1140 2755 1202 2773 curn
1213 2746 1365 2774 Columella
1374 2745 1426 2773 die.
1446 2746 1577 2774 Mendum
1588 2746 1658 2774 idem
1669 2757 1700 2775 ex
1711 2746 1764 2776 hoc

199 2789 351 2819 tollendum
362 2810 370 2822 ‚
389 2787 504 2828 septimo
515 2788 646 2816 Calendas
658 2786 820 2826 Septembris
830 2796 836 2813 :
847 2796 879 2814 ex
889 2786 935 2814 illo
946 2796 1020 2817 vem,
1033 2785 1108 2813 sexto
1121 2787 1233 2815 Calend.
1244 2785 1359 2822 ejusdem
1370 2787 1474 2814 meniis.
1492 2787 1699 2826 Superstitiolius
1710 2787 1762 2816 hoc

201 2831 296 2859 tradidi
307 2852 314 2863 ,
334 2839 364 2859 ut
374 2829 538 2871 intelligeret
548 2829 634 2858 1εᾶοῐ
649 2829 676 2857 id
687 2827 777 2856 mendi
787 2837 842 2855 non
862 2836 946 2855 unum
956 2825 1113 2865 scriptorem
1131 2823 1257 2856 invasisse.
1279 2828 1340 2856 Seio
1356 2831 1380 2855 3<
1401 2827 1538 2857 Ovid.lib.
1552 2837 1604 2856 xxi.
1625 2829 1763 2858 Fastorum

201 2871 417 2901 Vindemitorem
427 2867 535 2899 dixiffc:

551 2913 611 2939 Sive
621 2911 657 2938 εὲΐ
672 2908 847 2946 Arc'iophylax
857 2930 863 2939 ,
877 2906 936 2946 five
945 2910 981 2936 es‘l
993 2910 1066 2946 piger
1075 2910 1116 2937 ille
1125 2913 1221 2942 Bootes,

631 2955 769 2987 Mei-gesur
779 2971 785 2980 ,
801 2949 870 2986 viſsa
881 2949 1033 2987 effugietque
1042 2956 1107 2978 tues.

565 2996 607 3021 At
619 3002 666 3020 nim
675 2991 776 3029 effugiet
794 2991 958 3021 l'mdemitar.

1658 3029 1770 3059 Faciunt
