2023 3162
329 100 789 139 VocAssvLoRVM
847 100 1407 141 VITRUVIANORVM.
1630 115 1676 154 65

103 167 257 208 Baldus:
277 166 339 203 Ad
356 168 564 205 analemma
582 168 754 218 pertinet.
787 166 891 217 Qid
903 165 944 203 fit
966 167 1167 208 haeclinea‚
1193 181 1272 206 non
1283 170 1502 220 ambigitur,
1521 172 1676 222 ipsomet

100 223 279 263 Vitruvio
290 223 457 263 doitore,
472 225 575 270 cujus
585 222 727 259 sensum
739 225 898 273 explicat
908 222 1102 261 Philander
1110 224 1164 262 his
1174 226 1313 263 verbis:
1336 229 1397 263 Eft
1406 225 1579 264 lacotomos
1589 226 1677 266 linea

99 278 192 318 reeta
204 279 266 315 axi
271 278 448 330 parallelos
460 275 484 314 a
493 275 589 316 radio
597 277 710 326 aellivo
721 304 728 316 ,
747 291 810 329 quo
820 277 884 314 loci
890 275 988 329 secat
995 278 1228 317 meridianum
1239 310 1250 325 ‚
1269 278 1315 316 ad
1321 279 1455 319 radium
1473 279 1675 334 hybernum,

99 332 155 372 ubi
170 331 238 385 ipse
256 332 400 370 eumdem
420 332 650 370 meridianum
670 330 869 384 interficia,
887 332 1000 371 duria.
1030 335 1177 374 Poterat
1197 337 1342 375 brevius
1363 339 1401 375 ὅ(
1421 338 1565 376 doctius
1578 368 1588 383 ,
1605 339 1674 377 esse

99 391 252 434 retiam,
263 389 492 428 auferentem
504 388 695 426 meridiani
705 390 833 426 circuli
844 391 1082 441 portionem,
1097 404 1178 440 quae
1188 393 1284 429 inter
1293 396 1461 444 tropicos
1470 394 1675 433 intercedit.

99 447 161 484 Dc
171 447 368 483 lacotomo
382 445 473 483 nihil
483 446 642 482 Ptolem.
657 446 693 481 in
707 446 800 482 libro
811 445 856 482 de
867 445 1145 484 Analemmate.
1177 448 1256 485 Cur
1266 450 1314 486 ita
1326 450 1541 501 appelletur,
1553 448 1584 487 se
1595 463 1675 489 non

98 501 270 540 inveniss'e
288 500 423 539 fatetur
434 503 593 549 ingenue
604 500 796 538 Philandcr
807 530 817 545 ,
838 512 936 538 certe
948 502 1118 540 Graecam
1130 503 1274 541 redolet
1286 506 1470 554 originem
1479 535 1487 543 .
1510 501 1615 546 λακὶς
1624 508 1677 546 la-

100 559 195 596 cinia
205 557 265 597 est,
279 558 336 596 vel
347 557 491 605 segmen
501 555 620 594 vestis.
651 557 752 612 Qid
765 556 790 592 si
800 556 885 593 inde
895 556 1002 602 dista,
1011 559 1116 606 quod
1127 559 1212 595 inde
1222 561 1412 599 meridiani
1421 562 1674 611 fragmentum

100 614 307 651 auferatur?
320 613 356 649 Si
366 612 539 649 scribatur
548 615 795 661 λακκᾴπμῷι,
812 613 1004 651 denotabit
1014 615 1081 652 laci
1092 613 1221 659 sectio,
1232 618 1267 653 δ(
1283 616 1427 654 fortasse
1439 621 1679 656 nominarunt

98 669 261 707 nominis
272 667 379 711 hujus
389 667 477 705 fabri
491 697 499 711 ,
517 665 647 707 λοέκκφν
668 680 875 706 concavam
885 669 988 706 illam
1001 671 1190 708 meridiani
1201 674 1414 720 portionem
1428 702 1437 717 ,
1454 687 1534 723 quae
1544 675 1589 711 ab
1602 674 1675 725 ipsa

98 726 194 763 resta
204 723 363 761 subtensa
373 737 453 773 qua:
465 724 679 761 lacotomus
690 724 825 762 dicitur
837 753 847 768 ,
867 723 1036 760 aufertur.
1068 726 1160 763 Haec
1171 726 1244 764 dixi
1263 740 1311 765 ne
1331 741 1419 767 cum
1429 730 1506 767 aliis
1516 729 1671 772 silerem3

98 780 222 819 forsan
233 781 299 817 erit
308 781 371 829 qui
381 779 481 816 dabit
493 781 658 817 meliora.
677 781 811 829 Neque
823 781 923 816 enim
935 779 1106 818 satisfacit
1118 783 1314 820 Turnebus
1324 784 1382 821 lib.
1398 796 1459 823 20.
1479 797 1510 821 c.
1527 798 1540 822 1
1553 798 1586 821 2.
1610 787 1677 834 qui

98 849 169 888 pro
179 837 375 874 lacotomo
388 836 608 872 laeotomum
622 837 727 885 legit:
750 835 878 873 falsum
889 833 1066 884 liquidem
1078 835 1127 873 est
1139 835 1184 874 ab
1195 849 1236 874 ea
1247 837 1409 876 subtensa
1420 841 1552 878 laevum
1564 842 1678 891 paral-

97 894 159 931 leli
170 891 350 930 citculum
362 891 488 932 secari3
502 893 664 940 tangitur
675 893 774 929 enim
785 892 830 929 ab
842 903 883 928 ea
893 901 1047 942 uterque
1056 894 1236 942 tropicus,
1249 905 1324 930 non
1335 893 1568 932 abscinditur.
1584 897 1677 934 Haec

96 949 169 986 ille.
189 948 240 985 D.
254 946 446 985 Barbarus:
476 950 689 993 Lacoeomm,
703 945 740 985 id
749 950 798 985 es‘i
816 945 906 984 linea
926 960 997 999 quae
1007 946 1268 999 amplitudinem
1281 948 1428 1000 praefinit
1440 975 1449 989 ‚
1469 952 1628 1002 quoniam
1644 964 1682 987 ea

96 1003 187 1041 linea
198 1000 312 1040 abano
320 1001 482 1038 aulalium
491 1004 657 1054 tropicum
668 1004 860 1053 trajicitur,
870 1000 913 1046 ὠ
924 1012 1102 1055 integrum
1113 1001 1346 1042 declinationis
1358 1004 1444 1043 Solis
1453 1007 1681 1043 intervallum

95 1056 352 1111 compleamur,
375 1059 472 1094 intra
482 1056 574 1109 quod
590 1059 816 1096 intervallum
826 1057 1035 1110 reliquorum
1042 1057 1222 1112 stgnorum
1241 1057 1474 1099 declinationes
1493 1060 1679 1099 collocanda

85 1114 184 1167 fimi.
212 1115 323 1152 Item:
344 1115 455 1149 Linea
475 1113 670 1151 latitudinis
681 1121 877 1152 Lacotomns
887 1115 1047 1166 appellata
1059 1116 1224 1152 diameter
1233 1118 1283 1152 es‘?
1301 1118 1371 1165 ejus
1389 1114 1532 1163 circuli,
1551 1130 1596 1155 ex
1615 1131 1682 1169 quo

97 1169 187 1209 radii
206 1168 374 1218 menstrui
391 1168 579 1206 meridiani
595 1169 790 1221 sumuntur
802 1200 811 1214 ‚
835 1171 894 1222 qui
905 1168 1050 1208 circulus
1062 1169 1172 1208 a'ic‘lm
1187 1172 1235 1208 eft
1252 1168 1433 1210 monachus
1444 1201 1454 1218 ‚
1473 1165 1518 1211 ὅ*
1530 1197 1538 1211 ,
1564 1182 1604 1209 ut
1622 1186 1681 1225 ego

95 1224 260 1270 arbitror,
274 1221 467 1262 menachus
476 1222 638 1263 dicendus
647 1230 697 1262 eft
709 1252 717 1265 ,
738 1237 775 1263 ut
786 1229 843 1278 qui
855 1224 963 1263 radios
980 1224 1187 1264 meridianos
1197 1225 1417 1279 fingulorum
1428 1226 1594 1278 menfium
1605 1241 1679 1264 con-

95 1285 227 1326 tineat,
248 1280 318 1324 &a
358 1280 492 1318 Claud.
507 1282 706 1320 Salmasius
724 1284 761 1319 in
778 1284 950 1319 Solinum
969 1294 1052 1332 pag.
1069 1294 1152 1330 141.
1195 1283 1407 1333 Antiquum
1426 1282 1463 1320 &
1479 1281 1675 1326 nemiwmv

98 1344 188 1375 Laco
201 1362 210 1376 ‚
233 1349 277 1373 ex
298 1337 429 1374 Graeco
445 1339 570 1382 λακῶ,
591 1339 695 1389 quod
715 1339 812 1376 estin
832 1340 1016 1388 pannulos
1030 1340 1066 1375 δε
1090 1337 1197 1376 frusta
1213 1339 1387 1377 discindo.
1420 1340 1524 1379 Nam
1542 1338 1677 1385 aaa&

98 1392 336 1432 Graeceidem
349 1394 452 1442 quod
462 1390 598 1445 fiola&.
630 1393 850 1443 Hesychius:
870 1391 980 1441 λαίκη,
997 1391 1082 1445 poian
1099 1390 1273 1436 δελοωδις,
1295 1391 1413 1447 poicpvy*³
1430 1392 1571 1449 χίσμοι,
1591 1393 1679 1433 cural-

97 1451 211 1498 eys‘saoe
236 1445 380 1497 ipxlc'wv.

152 1506 186 1542 L
196 1518 222 1544 A
235 1519 255 1543 c
269 1518 292 1542 v
306 1519 331 1542 N
343 1517 368 1543 A
381 1517 416 1543 R.
447 1505 580 1544 Lib.v1
593 1519 624 1544 1.
646 1519 727 1558 cap.
742 1521 778 1546 2.
808 1513 1033 1545 camerarum
1051 1504 1271 1557 dispcfitiones
1289 1506 1329 1543 in
1349 1504 1563 1545 conclavibus
1581 1507 1681 1561 diffo-

96 1571 240 1600 riantur,
253 1559 540 1611 nisi'lacunaribus
549 1576 586 1599 ea
596 1560 739 1612 fiterint
749 1573 879 1600 ornata.
909 1562 1061 1600 Baldus:
1085 1562 1149 1598 Ad
1158 1561 1257 1599 hunc
1269 1563 1403 1603 locum
1413 1564 1463 1600 ita
1473 1563 1673 1602 Philander:

96 1618 291 1654 Lacunaria
303 1618 571 1670 contignationes
581 1616 682 1671 sunt.
713 1619 796 1656 Cic.
814 1631 843 1663 5.
864 1619 978 1657 Tusc.
989 1617 1034 1656 de
1046 1617 1231 1668 Dionysio
1243 1647 1253 1662 ‚
1271 1619 1309 1654 in
1318 1615 1378 1654 hoc
1386 1616 1494 1655 medio
1511 1629 1676 1671 apparatu

90 1669 289 1727 fulgentem
303 1671 655 1725 gladiumelacunari
664 1672 741 1727 fita
759 1676 885 1726 equina
887 1671 1088 1726 fiispenfum
1104 1671 1239 1711 demitti
1244 1669 1360 1725 jussit.
1389 1674 1564 1712 Horatius
1583 1688 1679 1724 quo-

98 1742 170 1777 que
182 1732 338 1767 innuens
350 1758 360 1773 ‚
378 1731 560 1769 lacunaria
570 1731 615 1770 ad
627 1729 839 1779 magnificas
848 1731 941 1769 aedes
952 1732 1131 1782 pertinere
1142 1759 1152 1775 ‚
1173 1742 1253 1768 nou
1262 1732 1354 1770 item
1365 1729 1411 1768 ad
1421 1730 1628 1771 mediocres
1638 1733 1677 1769 &

96 1797 292 1837 pauperes,
306 1787 356 1824 ita
366 1788 482 1824 cauit:

431 1848 521 1890 Qon
535 1839 616 1880 ebur
625 1869 633 1883 ‚
648 1855 758 1895 neque
767 1854 908 1880 aureum

431 1903 537 1934 §Mea
555 1897 687 1935 renidet
696 1901 734 1934 in
744 1896 838 1935 domo
849 1897 999 1935 lacunar.

99 1952 255 1990 Nomen
270 1950 289 1988 ὲ
301 1952 380 1990 lacu
390 1951 555 2004 sumpsit,
568 1954 653 1991 teste
664 1954 814 1992 Servio:
835 1956 884 1991 ait
893 1955 1006 1992 enim,
1021 1952 1140 2006 ipsum
1152 1955 1346 2002 tignorum
1357 1953 1589 1990 interstitium
1604 1953 1682 1990 hoc

101 2009 256 2044 nomine
266 2009 459 2058 appellari,
481 2009 586 2059 quod
606 2011 756 2047 lacuum
768 2009 1049 2046 similitudinem
1067 2009 1250 2057 quandam
1268 2019 1338 2059 prae
1357 2007 1390 2045 se
1410 2008 1540 2046 ferant.
1572 2009 1682 2046 Vnde

102 2061 287 2101 Lucilius:
317 2062 498 2115 Reſstltant
515 2062 662 2117 aedesque
680 2062 849 2117 lacusque.
880 2063 1118 2103 Dicuntur&
1142 2065 1325 2114 laquearia
1344 2065 1517 2114 Virgilio.
1546 2069 1682 2115 Depen-

102 2114 186 2153 dent
197 2113 310 2166 lychni
323 2117 537 2170 laquearibus
547 2125 671 2158 aureis.
703 2122 969 2173 eAntiquorum
981 2149 992 2166 ‚
1010 2123 1060 2159 ait
1072 2121 1204 2158 Senec.
1215 2119 1276 2156 lib.
1288 2119 1396 2170 Epist.
1412 2132 1468 2167 14.
1490 2117 1682 2163 luxuriam,

103 2168 284 2221 versatilia
298 2173 521 2211 caenationum
537 2173 712 2227 laquearia
720 2173 845 2225 fecisse
864 2169 909 2213 ό·
928 2177 976 2212 ita
995 2172 1235 2227 coagmentasfe
1247 2203 1257 2219 ,
1277 2183 1316 2210 ut
1325 2172 1471 2225 subinde
1489 2172 1558 2210 alia
1568 2171 1682 2223 jacies

104 2238 206 2280 atque
224 2225 291 2264 alia
306 2225 516 2276 stacederet,
532 2223 574 2267 ά
595 2233 693 2267 toties
713 2228 821 2268 tec'i‘a,
844 2230 975 2280 quoties
994 2227 1134 2279 fercula
1153 2238 1391 2266 mutarentur.
1422 2228 1481 2268 Est
1497 2229 1609 2277 igitur
1630 2230 1681 2266 la-

105 2295 223 2321 cunar
233 2285 462 2322 coenationis
473 2310 482 2323 ‚
503 2285 686 2328 cubiculi,
702 2286 876 2333 templivc
895 2285 1040 2321 coelum
1053 2285 1331 2333 contignatiove
1342 2313 1353 2329 ‚
1377 2286 1480 2321 variis
1492 2285 1681 2324 coelaturis

106 2339 301 2391 &pisturis
316 2352 428 2388 quam
446 2339 641 2389 magnifice
652 2350 790 2377 ornata.
824 2339 1013 2376 Nostrates
1024 2340 1169 2377 coelum
1187 2349 1313 2377 totum
1327 2335 1498 2391 ,soffitam
1518 2340 1575 2376 vel
1585 2338 1682 2391 fhfit-

107 2398 218 2432 tatum
236 2396 421 2444 appellant
433 2425 442 2440 ‚
461 2397 564 2433 lacus
583 2408 675 2433 vero
688 2424 697 2439 ,
712 2392 764 2448 gli
773 2391 915 2443 findati
931 2392 1015 2432 della
1022 2391 1166 2446 ſsffitta.
1198 2395 1521 2437 Vocemnostram
1535 2396 1678 2432 Latinae

108 2450 178 2489 esse
196 2452 368 2499 originis,
389 2451 622 2489 manifestum
645 2451 706 2489 est.
738 2451 885 2488 Dicitur
905 2454 1007 2488 enim
1025 2450 1125 2500 quasi
1146 2450 1293 2489 subfixa.
1326 2451 1449 2491 Graeci
1471 2443 1681 2502 φαἹνῶμαῖᾆ

108 2505 167 2545 seu
178 2499 385 2553 σωιδῶμαῖᾆ
396 2509 584 2552 dixerunt,
603 2506 705 2556 quafi
717 2506 816 2543 dicas
836 2505 1002 2558 praesepia
1019 2507 1056 2543 ὃ(
1078 2506 1335 2546 tabulationes.
1362 2507 1506 2546 Auctor
1523 2506 1572 2544 est
1591 2507 1681 2544 Plin.

107 2564 172 2601 lib.
187 2575 294 2600 xxxv.
307 2575 385 2613 cap.
402 2577 414 2600 1
429 2576 460 2600 1.
478 2563 728 2614 Pamphilium
741 2562 868 2600 Brietis
885 2561 1003 2600 filium
1015 2589 1023 2602 ‚
1046 2561 1190 2613 Apellis
1208 2573 1476 2614 praeceptorem
1490 2590 1499 2606 ‚
1516 2565 1680 2613 primum

109 2620 295 2657 lacunaria
321 2621 471 2669 pingere
498 2618 680 2657 instituisse
700 2648 710 2663 ,
737 2630 807 2654 nec
826 2630 985 2656 cameras
1002 2628 1085 2655 ante
1105 2631 1192 2657 eum
1217 2620 1336 2657 taliter
1363 2618 1535 2654 adornari
1565 2620 1682 2655 moris

110 2674 222 2712 fuisse.
253 2675 347 2712 Haec
365 2677 436 2712 ille.
471 2674 810 2713 Claud.Salmasius
826 2675 864 2711 in
881 2674 1000 2712 Solin.
1017 2687 1099 2725 pag.
1114 2687 1127 2711 1
1140 2685 1227 2716 215.
1260 2675 1428 2712 Camerae
1449 2672 1592 2722 fignino
1610 2675 1680 2724 pri-

111 2743 218 2768 mum
234 2742 348 2782 opere
359 2732 632 2769 inducebantur
644 2760 654 2776 ,
675 2729 808 2767 deinde
818 2740 878 2768 aut
894 2731 1053 2769 teet-orio
1074 2730 1327 2780 poliebantur,
1346 2739 1407 2766 aut
1418 2727 1562 2767 musivo
1571 2740 1680 2767 orna·

113 2785 265 2829 bantur,
287 2798 348 2824 aut
357 2789 452 2825 vitro
472 2787 757 2830 decorabantur,
777 2797 838 2824 aut
858 2787 1030 2824 encausto
1048 2786 1313 2836 pingebantur,
1326 2795 1388 2822 aut
1405 2787 1515 2822 etiam
1531 2784 1683 2825 deaura-

115 2839 261 2880 bantur.
291 2844 403 2881 Nulla
421 2853 551 2893 praeter
561 2843 638 2880 haec
650 2843 793 2893 reperio
813 2842 909 2894 apud
920 2844 1094 2891 antiquos
1113 2853 1342 2878 camerarum
1363 2850 1595 2880 ornamenta.
1626 2840 1682 2879 At

116 2897 224 2945 plana
243 2899 339 2936 tetta
358 2899 624 2948 laqucabantur
644 2899 775 2937 tabulis
794 2899 832 2934 in
849 2899 962 2935 varias
973 2897 1104 2947 figuras
1122 2898 1265 2935 coelatis
1277 2923 1285 2937 ‚
1305 2905 1344 2934 ut
1365 2897 1404 2934 in
1422 2897 1625 2935 maeandros
1642 2898 1681 2933 δε

117 2951 230 2994 lacus,
243 2956 282 2992 ὅ(
292 2954 438 2995 ‘artwico
447 2958 484 2994 ὃ(
495 2955 604 2994 orbes
613 2955 675 2995 vel
683 2955 886 3004 triangulos
894 2983 906 3000 ‚
928 2953 964 2992 &
975 2955 1054 2992 alia.
1083 2954 1275 2990 Lacunaria
1283 2953 1342 2992 vel
1349 2949 1526 3005 laquearia
1534 2951 1682 3042 prgprie

1106 3014 1127 3045 I
1605 3016 1682 3045 ice-
