2023 3162
279 84 323 118 58
404 70 1087 113 M.V1-snuv11P0L110N1s
1117 80 1177 107 niz
1207 68 1530 109 ArteniTEC-r.
1568 71 1672 110 Lini
1701 72 1773 112 IV.

274 155 397 183 autem
411 173 420 188 ,
443 143 546 192 qnod
559 141 608 179 cst
620 143 658 179 in
670 140 814 190 fastigio
826 169 836 184 ,
860 139 1017 177 altitudo
1031 136 1079 174 fic
1098 138 1147 174 est
1158 137 1341 183 facienda,
1354 149 1393 175 ut
1402 137 1506 175 frons
1516 151 1670 178 coronae
1689 140 1734 178 ab
1753 150 1872 180 extre..

273 202 343 238 mis
364 201 531 248 cymatiis
551 208 631 236 tota
652 198 863 234 dimetiatur
880 197 918 231 in
928 204 1048 244 partes
1059 205 1215 238 novem,
1226 195 1262 231 ὅ(
1276 206 1319 231 ex
1330 196 1381 230 eis
1393 205 1465 230 una
1478 206 1559 243 pars
1571 196 1607 231 in
1617 196 1747 234 medio
1760 210 1873 235 cacu-

273 261 377 295 mine
390 256 555 306 tympani
567 253 821 291 constituatur‚
836 251 928 287 dum
941 260 1071 286 contra
1082 250 1252 299 epistylia,
1271 251 1614 299 columnarumque
1626 251 1871 302 hypotrache-

275 314 322 350 lia
341 312 384 349 ad
403 311 709 361 perpendiculum
721 306 946 356 respondeat.
985 305 1153 343 Coronae
1165 318 1247 354 quae
1258 306 1361 356 supra
1373 316 1599 355 tympanum
1616 306 1732 352 fiunt,
1752 322 1871 359 :equa-

274 370 356 406 liter
374 369 456 404 imis
475 377 601 417 practer
614 363 719 401 fimas
738 361 819 399 sunt
830 361 1081 398 collocandae:
1106 363 1174 406 [z]
1187 360 1332 412 Insuper
1343 373 1518 405 coronas,
1529 360 1638 406 Iimae,
1650 374 1738 410 quas
1749 365 1871 403 Graeci

277 417 467 464 ς’)ἓιῆίθπδοις
486 423 635 461 dicunt,
656 418 833 455 facienda:
851 417 931 455 sunt
955 417 1104 454 altiores
1125 416 1259 454 octava
1280 428 1383 468 parte
1401 428 1628 454 coronarum
1646 417 1870 457 altitudinis.

277 481 479 519 Acroteria
491 477 674 526 angularia
685 485 763 512 tam
776 474 865 511 alta.
880 483 1065 523 quantum
1075 471 1124 509 est
1133 482 1354 523 tympanum
1367 473 1544 510 medium.
1561 473 1734 511 Mediana
1744 476 1871 513 altiora

277 534 408 574 ostav'a
425 543 535 584 parte,
549 544 661 581 quam
674 531 870 580 angularia.
885 529 1058 566 Membra
1069 531 1214 574 omnia,
1225 541 1306 578 quae
1324 528 1428 578 supra
1441 530 1598 580 capitula
1608 530 1872 571 columnarum

277 593 359 628 sunt
371 591 504 633 futura,
527 589 563 624 id
585 588 643 625 est,
667 585 1027 638 epistylia,Zophori
1042 612 1048 623 ,
1065 596 1228 624 coronae,
1243 584 1591 634 tympana,fastigia.
1610 588 1804 631 acroteria,
1818 588 1873 623 in-

279 646 449 684 clinanda
466 643 548 681 sunt
563 645 598 681 in
610 643 739 680 frontis
750 642 818 680 suae
829 642 1001 691 cujusque
1011 640 1209 678 altitudinis
1220 651 1322 690 parte
1343 652 1385 676 xr
1399 653 1429 677 1.
1449 641 1540 677 Ideo
1553 641 1658 689 quod
1671 670 1680 685 ,
1695 653 1781 678 curn
1804 642 1873 679 ste-

278 705 430 740 terimus
442 710 573 738 contra
591 699 733 737 frontes
745 728 754 743 ,
774 699 820 735 ab
830 698 951 735 oculo
964 698 1066 734 lineae
1078 695 1156 733 duae
1176 695 1200 733 si
1220 694 1373 734 extensae
1392 696 1543 735 fuerint,
1570 697 1605 733 δε
1617 710 1691 734 una
1708 699 1873 747 tetigerit

278 762 394 796 imam
407 758 528 808 operis
539 766 681 806 partem
694 784 704 799 ‚
716 755 829 791 altera
847 754 1046 798 summam,
1061 765 1141 802 quae
1159 754 1341 790 summam
1353 754 1527 802 tetigerit,
1549 753 1701 802 longior
1717 753 1792 791 fier.
1823 755 1873 792 Ita

279 827 358 864 quo
376 814 527 862 longior
544 811 634 849 visus
650 811 800 848 lineaein
812 808 1038 859 superiorem
1052 819 1195 858 partem
1206 808 1397 858 procedit,
1417 812 1498 854 [aa]
1517 808 1762 858 resupinatam
1781 809 1872 847 facit

279 873 360 917 ejus
379 868 550 919 speciem.
582 868 683 905 Cum
703 876 829 903 autem
850 865 929 910 <uti
947 864 1226 915 suprascriptum
1245 864 1317 914 est)
1339 866 1375 901 in
1386 864 1511 903 fronte
1531 865 1705 903 inclinata
1723 864 1870 906 fuerint,

281 928 373 963 tunc
385 927 421 961 in
434 924 476 962 as
469 924 577 973 pectu
588 922 811 960 videbuntur
823 921 891 958 esle
901 922 944 958 ad
955 920 1260 971 perpendiculum
1271 920 1305 956 ἃ
1318 918 1586 967 normanisbh]
1595 922 1873 959 Columnarum

279 982 403 1031 striges
414 979 590 1017 faciendae
602 978 680 1015 sunt
699 991 719 1014 x
731 991 751 1014 x
761 990 771 1014 1
781 990 804 1015 v
819 1002 826 1015 ,
847 978 894 1014 ita
914 987 1095 1014 excavatae
1106 1001 1114 1014 ‚
1128 978 1182 1012 uti
1199 987 1353 1015 norma,
1376 979 1413 1013 in
1427 988 1523 1014 cavo
1535 977 1648 1026 strigis
1661 989 1748 1015 cum
1761 976 1873 1014 fuerit

282 1037 453 1083 conjecta
466 1066 475 1081 ‚
501 1034 723 1073 circumacta
738 1063 747 1077 ,
767 1035 816 1070 ita
834 1034 931 1079 [cc]
950 1033 1154 1070 anconibus
1166 1032 1328 1069 striarum
1349 1033 1475 1069 dextra
1493 1045 1534 1070 ac
1556 1033 1688 1070 sinistra
1711 1035 1872 1082 angulos

279 1103 404 1142 tangat
424 1118 431 1130 ‚
465 1102 506 1129 ut
523 1102 684 1127 acumen
708 1100 848 1126 uormae
868 1089 1011 1126 circum
1039 1088 1309 1126 rotundatione
1329 1089 1522 1138 tangendo
1540 1091 1729 1139 pervagari
1747 1088 1868 1140 poffir.

281 1147 545 1187 Crassitudines
564 1145 730 1183 striarum
749 1144 925 1182 faciendae
945 1144 1023 1182 sunt
1036 1171 1045 1186 ,
1067 1155 1253 1194 quantum
1265 1145 1466 1189 adjectioin
1483 1146 1606 1183 mcha
1627 1146 1806 1182 columna
1825 1156 1871 1182 ex

279 1205 526 1254 descriptione
545 1203 762 1241 invenietur.
783 1203 821 1238 ln
835 1200 931 1237 finus
944 1230 953 1246 ‚
973 1213 1055 1250 quae
1074 1200 1176 1251 supra
1196 1212 1377 1238 coronam
1394 1202 1431 1237 in
1452 1201 1625 1238 lateribus
1644 1201 1724 1238 sunt
1736 1201 1871 1238 aedium

281 1263 403 1312 capita
423 1261 583 1297 leonina,
605 1259 684 1295 sunt
705 1256 912 1307 scalpenda,
931 1258 979 1294 ira
996 1255 1127 1307 posita,
1147 1267 1187 1294 ut
1207 1267 1338 1293 contra
1352 1258 1550 1294 columnas
1562 1255 1718 1306 lingulas
1737 1269 1780 1294 ea
1800 1257 1873 1308 pri·

282 1329 387 1354 mum
404 1314 473 1352 sint
485 1314 680 1363 designata,
696 1324 823 1350 caetera
845 1325 936 1350 vero
946 1313 1077 1362 aequali
1088 1312 1208 1349 modo
1219 1312 1398 1364 disposita,
1414 1314 1464 1350 uti
1477 1312 1616 1364 singula
1637 1312 1783 1362 fingulis
1795 1324 1871 1349 me—

282 1373 350 1410 diis
370 1373 501 1421 regulis
513 1369 768 1420 respondeant.
804 1368 893 1407 Haec
905 1379 1029 1406 autem
1041 1381 1120 1418 quae
1131 1378 1238 1407 erunt
1250 1379 1380 1407 contra
1392 1370 1601 1408 columnas,
1620 1369 1871 1419 perterebrata

282 1428 354 1466 fint
370 1428 414 1465 ad
427 1427 613 1471 canalem,
623 1428 688 1475 qui
707 1426 843 1477 excipit
861 1423 881 1461 ὲ
894 1426 1026 1475 tegulis
1039 1437 1173 1475 aquam
1185 1424 1385 1463 coelestem.
1416 1425 1591 1462 Mediana
1609 1435 1730 1462 autem
1740 1423 1806 1460 fint
1817 1423 1872 1461 so-

281 1485 367 1523 lida,
389 1486 442 1520 uti
459 1496 542 1533 quae
562 1483 660 1520 cadit
677 1483 732 1520 vis
752 1493 853 1531 aquae
866 1494 931 1532 per
950 1483 1089 1530 tegulas
1108 1484 1145 1519 in
1163 1482 1341 1522 canalem,
1362 1493 1409 1518 ne
1421 1481 1687 1531 dejiciaturper
1704 1482 1872 1518 interco-

279 1541 437 1585 lumnia,
447 1550 568 1588 neque
578 1536 665 1585 [dd]
676 1537 899 1575 transeuntes
919 1537 1125 1588 perfundat.
1157 1538 1230 1575 Sed
1249 1551 1327 1588 quae
1340 1538 1418 1574 sunt
1431 1547 1563 1575 contra
1578 1537 1774 1575 columnas
1789 1562 1796 1577 ‚
1819 1537 1871 1573 vi-

280 1595 436 1633 deantur
455 1596 625 1633 emittere
643 1595 837 1631 vomentia
847 1594 969 1632 ru&us
981 1606 1164 1644 aquarum
1176 1607 1221 1631 ex
1235 1607 1309 1632 ore
1335 1591 1491 1631 AEdium
1503 1594 1720 1631 Ionicarum
1732 1622 1742 1638 ‚
1753 1603 1871 1642 quam

281 1649 464 1701 aptissime
477 1651 596 1701 potui,
608 1648 862 1701 dispositiones
873 1649 949 1687 hoc
958 1651 1048 1689 volu
1055 1652 1153 1688 mine
1166 1650 1578 1701 descripfi,Doricarum
1590 1649 1776 1696 autem,&
1790 1649 1871 1687 Co-

281 1708 522 1747 rinthiarum,
543 1719 623 1756 quae
634 1705 700 1743 fint
708 1707 975 1757 proportiones
988 1732 996 1746 ‚
1018 1710 1055 1744 in
1066 1708 1232 1756 sequenti
1242 1707 1339 1744 libro
1352 1707 1563 1757 explicabo.

315 1780 434 1808 medium
443 1779 457 1808 :1
469 1782 579 1820 cymatii
590 1790 703 1820 utroque
713 1782 794 1810 latere
805 1784 884 1811 κᾶε
893 1783 1022 1811 ducantur
1030 1784 1115 1812 lineae.
1139 1786 1175 1813 Ea
1186 1785 1234 1813 erit
1245 1785 1351 1812 venusta
1362 1783 1482 1821 tympani
1493 1782 1622 1821 triangula
1632 1783 1737 1819 species.
1761 1779 1869 1807 Colum-

313 1831 408 1849 narum
415 1821 630 1858 hypotrachelium
640 1822 685 1849 hic
697 1832 745 1860 pro
754 1822 850 1851 summi
859 1822 926 1862 scapi
936 1824 1072 1864 apophygi
1084 1825 1136 1852 five
1146 1825 1272 1853 conflexu
1281 1828 1305 1852 δε
1317 1826 1486 1852 contractura
1495 1823 1612 1860 ponitur,
1626 1831 1680 1861 quo
1690 1821 1773 1851 modo
1783 1821 1869 1848 inter-

313 1863 410 1901 pretati
420 1861 506 1890 sumus
515 1872 570 1901 cap.
585 1872 619 1890 11.

279 1903 312 1937 z]
336 1902 482 1930 Philander.
504 1904 581 1931 Simae
592 1903 617 1930 in
635 1902 744 1931 summis
754 1902 921 1943 fastigiorum
939 1905 1046 1932 coronis
1056 1905 1225 1933 collocantur
1235 1925 1242 1936 ,
1259 1905 1285 1931 in
1296 1904 1356 1931 imis
1378 1913 1431 1931 non
1441 1903 1514 1931 item.
1538 1905 1603 1931 Sunt
1615 1912 1703 1930 autem
1719 1911 1805 1941 partes
1817 1902 1868 1930 111ae

314 1943 461 1971 obtuliores
472 1942 656 1971 &hebetiores
668 1965 674 1976 ‚
693 1945 769 1972 instar
782 1945 832 1972 nali
843 1954 988 1982 caprarum.
1014 1945 1094 1972 Gulas
1103 1947 1185 1973 restas
1197 1953 1294 1973 vocant
1307 1944 1382 1978 Itali,
1401 1948 1425 1972 ἃ
1438 1944 1586 1983 cymatium
1596 1944 1724 1971 inversam
1732 1944 1834 1984 gulam.

281 1986 329 2018 aa]
352 1984 432 2011 Idem.
456 1984 486 2011 Id
494 1985 539 2015 est,
549 1983 676 2012 retrorsus
686 1985 806 2022 pandam,
818 1985 844 2011 in
855 1994 961 2012 murum
970 1985 1135 2013 inclinatam.

280 2023 326 2059 hb]
346 2025 429 2052 Idem.
451 2025 607 2052 striatarum
618 2025 803 2054 columnarum
811 2023 894 2064 ipsum
905 2034 983 2064 caput
993 2026 1053 2053 strix
1064 2026 1170 2058 dicitur,
1180 2037 1236 2065 pars
1246 2036 1311 2054 vcro
1318 2025 1433 2053 eminula
1441 2025 1481 2053 seu
1494 2024 1667 2063 protuberans
1676 2034 1788 2053 vocatur
1798 2025 1868 2057 stria,

315 2065 383 2093 unde
395 2064 508 2092 striatam
518 2062 635 2093 frontem
645 2065 711 2093 dixit
724 2067 847 2105 Apuleius
859 2065 906 2093 lib.
917 2077 942 2093 x.
954 2067 1114 2098 Atiniaurei,
1126 2078 1174 2106 pro
1184 2067 1287 2107 rugosa.
1311 2067 1448 2094 Vitruvius
1459 2066 1504 2093 lib.
1515 2076 1540 2093 x.
1553 2076 1607 2104 cap.
1619 2076 1644 2101 ις
1668 2067 1781 2094 ostendit
1793 2068 1869 2093 Grat-

315 2115 375 2134 cam
386 2101 438 2132 effe
446 2104 601 2137 dictionem,
610 2106 746 2134 canaliculi
754 2109 899 2145 (quiGraece
909 2108 958 2145 ςρὶξ
968 2107 1071 2143 dicitur)
1083 2108 1218 2145 longitudo.
1230 2109 1297 2136 Fieri
1305 2117 1394 2135 autem
1407 2108 1475 2135 strias
1488 2108 1512 2134 in
1523 2115 1645 2134 veterum
1656 2107 1780 2146 operibus
1792 2116 1868 2134 corn-

316 2147 398 2185 perias
411 2145 475 2174 nihil
486 2146 544 2184 plus
553 2156 633 2185 quam
644 2157 675 2174 ex
685 2148 764 2175 tertia
773 2156 846 2186 parte
858 2167 865 2179 ,
877 2147 941 2175 nihil
951 2150 1038 2177 minus
1050 2159 1129 2187 quain
1140 2159 1171 2176 ex
1181 2158 1272 2187 quarta
1281 2148 1422 2187 apertionis
1430 2147 1576 2176 canaliculi.

280 2187 319 2222 cc]
345 2187 429 2214 Idem.
451 2190 577 2215 Ancones
586 2188 749 2226 appellantur
761 2188 896 2216 conflexus
906 2188 959 2222 illi,
979 2190 1026 2228 qui
1036 2190 1123 2218 πρᾶος
1134 2191 1246 2230 angulos
1257 2188 1372 2221 faciunt,
1392 2189 1595 2217 utividcmusin
1607 2197 1710 2217 norma.
1735 2187 1793 2216 Hic
1803 2197 1868 2216 vero

314 2237 364 2266 pro
381 2227 489 2266 lingulis
503 2238 605 2256 normae
622 2229 736 2268 regulis,
755 2228 797 2257 sed
808 2239 837 2256 ea
855 2227 1019 2267 potissimum
1030 2238 1118 2268 parte.
1132 2230 1176 2258 ubi
1197 2231 1293 2266 jun-sta:
1304 2231 1405 2258 reftum
1422 2229 1550 2269 angulum
1570 2226 1691 2257 efficiunt
1701 2250 1707 2261 ‚
1728 2229 1866 2266 accipiun-

315 2277 367 2295 tur.
391 2268 477 2305 Qod
495 2278 583 2296 autem
592 2270 754 2297 excavandas
772 2271 809 2297 ita
820 2271 911 2309 striges
922 2270 1083 2308 praescribit,
1100 2271 1271 2307 uticonjecta
1289 2281 1383 2299 norma
1393 2272 1494 2311 angulo
1510 2278 1603 2310 tangat
1613 2268 1752 2297 canaliculi
1769 2269 1864 2301 imum,

316 2307 441 2337 lateribus
453 2318 518 2335 vero
526 2310 644 2337 striarum
654 2311 767 2350 angulos
778 2331 785 2341 ,
803 2311 860 2339 vult
869 2311 1012 2351 hemicycli
1021 2313 1141 2340 excavari
1150 2312 1322 2340 lineamento.

282 2351 330 2384 dd]
353 2349 436 2376 Idem.
452 2351 506 2376 Aut
517 2349 661 2389 legendum
674 2352 709 2378 est
721 2349 870 2390 perfundat,
879 2353 922 2388 (ut
932 2352 993 2390 legit
1004 2353 1078 2380 editio
1089 2352 1257 2388 Iucundiana)
1266 2362 1293 2380 ut
1306 2351 1434 2381 referatur
1444 2352 1476 2380 ad
1486 2353 1602 2385 illudam
1611 2350 1865 2389 aquae;:iut1‘criben-

317 2390 381 2418 dum
396 2387 597 2427 perfundantur.
619 2392 716 2419 Extant
733 2401 799 2419 vero
813 2392 845 2420 ad
855 2392 919 2420 hanc
936 2394 1006 2421 diem
1015 2393 1116 2432 sculpta
1133 2394 1158 2421 in
1172 2393 1234 2421 lima
1248 2393 1330 2432 planae
1341 2395 1475 2421 toronicis
1495 2395 1579 2432 capita
1589 2393 1693 2420 leonina
1712 2394 1737 2420 in
1746 2392 1864 2430 reliquiis

314 2431 447 2470 porticus,
461 2430 533 2466 cujus
544 2432 574 2459 ad
585 2429 673 2459 forum
685 2434 850 2464 Romanum.
861 2443 923 2460 cum
933 2434 1018 2462 tribus
1026 2435 1159 2462 columnis
1169 2434 1281 2473 epistylii
1293 2455 1299 2466 ,
1318 2434 1438 2472 Zophori
1451 2440 1473 2464 8,·
1485 2435 1617 2463 coronicis
1635 2434 1739 2470 portio;
1759 2434 1817 2462 unis
1829 2442 1862 2461 cx

313 2471 444 2511 capitibus
454 2471 566 2501 leoninis
575 2472 792 2511 respondentibus
802 2473 924 2509 subjectis
935 2475 1043 2503 rnutulis
1053 2479 1078 2504 &
1088 2475 1237 2509 columnis,
1258 2474 1345 2503 alteris
1355 2483 1443 2503 autem
1455 2476 1512 2516 ipfis
1524 2473 1745 2504 intercolumniis,

1704 3011 1759 3048 M.
1774 3009 1854 3049 Vx-
