2023 3162
276 115 349 141 100
654 91 1501 132 DESxGNIFICATIONss

272 168 448 205 beationc
458 163 618 202 Dorica:
633 157 765 212 regula,
774 154 867 208 fima
881 182 889 196 ,
910 154 1106 207 cymatium.
1137 155 1198 191 De
1209 150 1531 205 capitulo‚regula‚
1550 150 1751 204 cymatium,
1770 150 1866 204 plinss

273 222 365 261 thus.
397 223 456 258 Dc
467 220 652 268 stylobatae
665 215 866 252 coronice:
892 209 1018 263 Regula
1031 237 1039 250 ,
1059 211 1256 261 cymatium,
1269 206 1465 261 (stragalum
1495 208 1667 244 Haecille.

331 281 369 316 R
385 292 403 314 E
417 291 434 314 P
452 289 506 314 LV
519 289 558 311 M.
588 272 672 309 Lib.
688 282 742 307 1v.
756 273 876 317 cap.6.
888 273 976 303 Item
987 264 1118 319 replum
1128 264 1168 302 de
1179 266 1311 318 impage
1321 261 1466 300 dimidia
1477 259 1521 300 ὦ·
1528 262 1634 313 fi’xta
1638 272 1749 314 parte.
1782 262 1864 302 Phia

275 336 403 372 landet
415 347 421 369 :
444 330 582 384 Replum
594 328 662 365 dici
673 326 859 362 coronicem
871 326 1013 375 impagz's
1024 319 1234 359 arbitramur
1245 350 1256 365 ‚
1278 333 1349 372 quae
1360 320 1554 356 ornamenti
1563 316 1661 369 causa
1671 320 1798 371 impagri
1806 320 1867 356 ad-

271 398 494 445 pingeretur,
500 394 624 437 preter
635 381 820 433 cytriatium
832 405 840 419 ,
861 376 950 431 quod
951 387 1088 431 partem
1105 373 1167 429 effe
1175 377 1316 430 impagis
1335 372 1660 411 animadvertimus.
1689 361 1868 413 Barbarus

278 459 390 484 vero:
413 441 554 495 chlum
566 441 615 475 eft
625 448 791 490 tauquam
804 434 948 487 planum
968 435 1060 471 inter
1078 431 1143 469 duo
1153 442 1307 485 cymatia.
1339 430 1451 468 Libet
1470 430 1531 467 hic
1550 429 1704 466 inserere
1717 455 1725 468 ‚
1747 431 1868 480 inquit

277 503 426 544 Baldus,
438 511 517 547 quae
528 496 597 533 hac
609 494 653 531 de
663 493 854 531 renotavit
865 489 1035 527 Turneb.
1046 486 1104 526 lib.
1124 501 1136 525 1
1150 502 1180 526 1.
1197 499 1307 542 cap.4.
1324 493 1412 524 Item
1427 484 1575 538 replum.
1589 483 1787 537 Legendum
1787 485 1869 537 fere

277 555 427 594 credidei
436 568 484 590 im
497 554 663 605 peplum,
674 558 714 585 ut
723 559 890 601 tanquam
897 555 1140 582 ornamentum
1151 539 1196 585 ὠ
1206 543 1448 594 vestimentum
1459 539 1522 591 effe
1531 538 1705 577 videatur.
1720 539 1870 593 alioquin

278 610 419 664 Replum
431 605 711 662 quiclsignificet,
721 605 831 642 critici
841 600 1035 654 consulendi
1040 600 1130 653 sunt
1143 628 1150 642 ‚
1180 613 1327 655 quorum
1344 600 1382 635 in
1393 594 1567 635 tabulariis
1590 595 1632 639 ὠ
1644 602 1871 634 monument'u

277 668 373 705 nulla
391 667 468 704 talis
480 678 554 701 vox
563 671 672 699 extat.
683 658 759 697 Lib.
776 674 793 695 1
804 674 820 695 0
829 689 836 696 .
850 669 921 712 cap.
934 672 992 704 17.
1005 656 1195 710 explicatur
1204 658 1462 709 operimentum.
1476 652 1569 706 quod
1576 647 1620 690 (θ’
1638 652 1872 699 conjecturam

278 731 438 776 exauget.
472 718 648 763 chelonia,
659 719 791 770 inquit,
804 713 950 768 replum,
959 712 1048 766 quod
1057 717 1106 750 eft
1115 715 1376 766 operimentum.
1409 710 1501 747 Haec
1510 710 1571 746 ille
1583 710 1637 745 vir
1649 707 1794 747 doetus,
1807 711 1873 757 qui

279 781 384 817 vocis
396 779 560 816 novitate
582 775 776 812 deterritus
788 798 796 812 ‚
821 770 922 808 addit
936 798 946 813 ‚
963 770 995 806 se
1006 770 1052 806 ab
1064 770 1127 807 ista
1143 782 1241 807 voce
1259 779 1411 806 manum
1424 765 1610 802 abstinere.
1630 764 1823 810 Bcriauus,
1835 766 1874 802 in

278 836 410 873 libello
422 845 539 883 quem
552 831 596 867 de
606 829 771 867 obscuris
783 828 879 864 locis
898 827 1058 864 Vitruvii
1075 828 1112 862 in
1124 838 1238 877 opere
1254 825 1387 862 liinico
1397 820 1542 873 scripsit,
1559 831 1699 858 novam
1710 820 1755 856 de
1767 821 1873 870 replo

281 891 398 929 adfert
409 888 627 926 sententiam
639 915 650 930 ‚
670 895 830 935 nempe,
847 881 916 919 ess'e
929 893 1012 918 eam
1031 883 1147 920 valvae
1166 881 1227 919 seu
1248 880 1339 918 fotis
1357 880 1465 915 unius
1477 886 1621 928 partem
1634 905 1644 920 ‚
1662 888 1744 924 quae
1755 877 1870 916 alteri,

281 948 373 984 dum
383 945 482 982 fores
496 942 726 980 clauduntur,
741 938 1011 988 superponitur,
1019 949 1134 985 quam
1146 937 1298 986 quidem
1310 933 1422 971 nostri
1432 930 1621 969 battentem
1631 941 1783 970 Vocant.
1801 931 1876 969 Sed

278 1002 357 1041 haec
367 1003 446 1049 ejus
457 1001 590 1051 opinio
607 995 751 1047 prorsus
761 994 915 1030 ridicula
925 991 986 1031 est,
1000 993 1135 1030 &ideo
1146 993 1290 1030 nullum
1309 991 1422 1027 habet
1440 988 1633 1026 vindicem
1650 983 1711 1024 :lut
1732 987 1877 1025 ass'erto‘

280 1071 373 1096 rem.
407 1057 596 1094 Caeterum
607 1054 692 1101 quia
703 1061 826 1098 neque
843 1047 1038 1085 Philandet
1046 1061 1119 1087 nec
1128 1049 1305 1086 Barbarus
1318 1076 1328 1091 ‚
1348 1056 1419 1082 nec
1430 1046 1520 1082 alius
1539 1044 1731 1092 hucusque
1742 1073 1753 1088 ‚
1770 1043 1876 1094 quod

281 1114 413 1157 sciam,
445 1107 742 1148 obscuriss‘mmm
764 1106 865 1142 hunc
886 1105 1017 1140 locum

279 1170 359 1207 satis
368 1167 577 1217 explicavit,
594 1175 664 1200 nos
676 1161 896 1210 aliquid‚per
905 1160 1017 1197 verba
1301 1189 1303 1193 .

281 1225 442 1262 auetoris
452 1219 663 1259 incedendo
674 1248 685 1264 ‚
705 1217 810 1267 quod
821 1218 864 1253 ad
876 1217 1017 1253 clarita·
1181 1197 1727 1275 ἥ

281 1292 360 1320 tem
373 1280 483 1317 faciat
497 1275 746 1319 :iffi-remim&
757 1272 940 1310 schemate
952 1283 1016 1321 ap·
1199 1274 1697 1287 ---’

282 1336 409 1387 posito
425 1346 501 1370 rem
513 1343 632 1370 totam
646 1330 911 1381 expendemus.
940 1327 1016 1364 An-

282 1400 521 1442 tepagmenta
550 1388 692 1438 lapidea
712 1387 772 1423 seu
802 1394 1017 1422 marmorea

281 1448 319 1485 A
332 1448 378 1483 A.
402 1446 496 1496 scapi
518 1444 719 1481 cardinales
740 1442 767 1477 B
780 1441 819 1478 B.
839 1439 936 1489 scapi
954 1439 1018 1488 qui

282 1503 338 1540 sec
346 1504 486 1540 undum
497 1508 782 1549 antepagmenta
793 1497 866 1535 CC
874 1496 1019 1532 Emen-

282 1559 426 1597 dandus
448 1570 540 1607 ergo
561 1566 705 1602 textus3
720 1557 757 1591 ὃς
775 1564 844 1603 pto
856 1564 904 1589 eo
913 1550 1018 1601 quod

280 1616 437 1665 legitur,
453 1610 553 1665 scapi
562 1612 622 1664 qui
631 1607 719 1662 ficut
736 1605 1018 1659 anteficundum

274 1662 860 1724 pagrnenta‚restituendum,fiapt'
871 1659 1020 1716 quiſsent
1037 1680 1063 1709 ς

272 1725 466 1779 fi’cundum
475 1731 748 1776 antepagmenta.
760 1723 930 1771 Impages
943 1730 1018 1755 me-

283 1782 342 1819 dia
355 1783 404 1818 D.
418 1780 477 1817 Est
488 1790 612 1818 autem
624 1780 715 1815 loco
730 1776 896 1814 moduli,
921 1774 1019 1812 unde
1040 1766 1065 1797 e

281 1848 412 1874 coeteta
431 1844 652 1873 ornamenta
665 1833 928 1875 dimetiuntur,
948 1832 1019 1867 im·
1029 1848 1060 1900 d

283 1904 396 1942 pages
416 1921 426 1935 ‚
454 1904 535 1939 quae
552 1890 761 1927 secundum
781 1887 912 1937 scapos
934 1886 962 1922 E
976 1886 1019 1921 E.

283 1948 453 1998 Replum
474 1947 499 1981 F
512 1946 548 1980 F.
561 1957 641 1993 pars
660 1944 709 1980 est
719 1942 904 1994 profunda
926 1943 1020 1977 intet

280 2004 450 2052 impages
480 2003 519 2037 δε
548 2009 779 2048 tympanum.
819 1998 1020 2044 Tympana

284 2058 379 2095 GG.
410 2056 631 2104 Cymatium
661 2052 817 2103 impagis
834 2077 843 2090 ,
878 2048 983 2099 quod
999 2048 1020 2083 ἐι

281 2113 458 2151 Vitruvio
479 2118 722 2160 computatur
751 2118 820 2157 pto
846 2115 947 2156 parte
965 2116 1020 2141 rc-

282 2171 334 2220 pli
358 2168 393 2205 H
407 2167 454 2204 H.
484 2166 656 2202 Luminis
685 2161 844 2200 latitudo
872 2163 911 2198 in
940 2162 1021 2196 imo

284 2227 310 2262 1.
322 2224 373 2261 K.
386 2222 560 2260 Altitudo
572 2220 723 2257 luminis
734 2217 843 2255 divisa
853 2218 890 2253 in
900 2225 1021 2265 partes
1079 2203 1106 2255 b

284 2282 450 2330 quinque
464 2304 472 2317 ,
496 2274 545 2313 ab
557 2306 566 2320 ‚
588 2275 758 2313 medium
776 2273 935 2323 spatium
945 2283 971 2306 c.
984 2267 1020 2314 d,

283 2335 453 2374 medium
472 2332 585 2370 medii
605 2330 705 2382 spatii
728 2343 754 2366 c.
776 2326 955 2365 Altitudo
966 2326 1021 2362 lu-

287 2392 399 2429 minis
410 2388 519 2425 divisa
528 2390 564 2424 in
576 2398 694 2438 partes
704 2384 908 2423 duodecim
921 2380 986 2434 fg.
1007 2387 1089 2431 pars
1101 2374 1330 2412 duodecima
1341 2372 1401 2410 seu
1413 2373 1589 2411 modulus
1597 2367 1669 2423 fh.
1682 2369 1880 2420 Ichnogtass

287 2447 373 2497 phia
384 2445 474 2482 foris
487 2456 575 2480 cum
585 2443 652 2479 suis
670 2441 901 2479 ornamentis
920 2438 944 2474 i.
964 2436 1094 2473 Hisita
1103 2429 1282 2480 dispofitis
1295 2456 1303 2469 ,
1324 2429 1431 2467 facilc
1451 2432 1519 2468 erit
1539 2427 1679 2466 sensum
1700 2427 1878 2464 Αυᾶοπὶε

287 2513 423 2540 cruere.
455 2500 523 2537 Ait
534 2499 635 2536 enim
647 2523 654 2535 ,
666 2495 760 2548 scapi
771 2492 960 2531 cardinales
966 2490 1044 2544 stnt
1054 2501 1098 2525 ex
1109 2483 1296 2523 altitudine
1305 2484 1447 2523 luminu
1456 2487 1561 2521 totius
1569 2481 1763 2521 duodecima
1765 2490 1876 2533 parm

286 2559 454 2606 Intellige
465 2554 574 2593 simul
591 2552 739 2602 sumpti.
769 2556 939 2602 Tympana
958 2551 1051 2585 inter
1069 2541 1150 2579 duos
1172 2539 1288 2593 scapos
1306 2553 1351 2577 ex
1367 2539 1541 2578 duodecim
1554 2536 1712 2592 partibus
1732 2534 1877 2574 habeant

287 2624 404 2652 ternas
414 2621 528 2665 partes
543 2639 554 2656 ,
575 2620 711 2658 nempe
722 2610 761 2644 in
778 2606 983 2643 latitudine.
1014 2609 1124 2654 Super
1140 2596 1290 2635 medium
1309 2594 1414 2634 medii
1429 2597 1578 2649 impages
1596 2594 1801 2631 collocentur.
1831 2592 1876 2629 E-

289 2669 425 2706 menda
442 2667 626 2704 collocetur.
663 2664 880 2712 LoquimUt
899 2662 1001 2697 enim
1021 2659 1066 2694 de
1091 2655 1211 2693 media
1230 2655 1378 2703 impage
1407 2653 1456 2689 D.
1486 2651 1660 2690 Medium
1681 2650 1779 2686 enim
1800 2645 1873 2698 spa-

290 2726 383 2760 tium
394 2738 419 2759 c.
433 2721 466 2758 d.
487 2724 553 2760 Ait
569 2733 659 2771 ergo
672 2747 679 2759 ‚
694 2719 799 2770 supra
817 2716 985 2755 medium
1005 2713 1137 2759 medii3
1156 2713 1206 2747 ita
1217 2719 1257 2746 ut
1275 2709 1397 2746 media
1415 2710 1580 2759 impages
1604 2705 1708 2743 cadat
1719 2702 1782 2740 seu
1794 2704 1876 2739 col-

289 2780 433 2815 locetur
446 2776 465 2814 ὲ
479 2779 632 2827 regione
646 2775 756 2827 ipsius
772 2788 802 2810 c.
832 2769 994 2810 Latitudo
1005 2772 1147 2822 impagu
1149 2765 1220 2816 fiat
1228 2765 1376 2817 tympani
1394 2765 1501 2800 tertia
1514 2771 1658 2815 parte).
1686 2759 1874 2806 Loquitur

290 2834 336 2870 de
350 2835 494 2881 impagc
506 2834 625 2869 media
635 2832 671 2868 ὃς
681 2833 836 2879 integra.
869 2827 1061 2879 Cymatium
1062 2823 1167 2876 sexta
1174 2830 1273 2872 parte
1282 2822 1436 2872 impagu,
1448 2818 1609 2865 intellige
1619 2812 1782 2861 ejusdem
1795 2825 1873 2850 me-

290 2890 357 2927 diae
368 2890 405 2925 ὅ(
416 2890 563 2934 integrae
573 2889 772 2937 scaporum
784 2884 982 2923 latitudinis
1000 2881 1155 2931 impagis
1165 2875 1318 2913 dimidia
1330 2885 1443 2925 parte.
1475 2872 1566 2909 Haec
1576 2872 1613 2907 ὅ(
1624 2868 1872 2919 quoesequun-

291 2956 352 2983 tut
364 2973 374 2990 ‚
392 2941 557 2993 :idipsam
569 2943 733 2980 mediam
744 2944 933 2993 impagem
949 2935 1140 2978 referenda
1152 2932 1253 2979 sunt3
1275 2943 1356 2980 quae
1368 2958 1379 2975 ‚
1397 2926 1617 2967 utidiximus
1629 2954 1640 2971 ‚
1659 2925 1872 2963 modulilo-

1781 2991 1870 3017 cum

1066 1311 1101 1340 ὓ
