2023 3162
281 126 327 159 72
665 103 1489 142 DESIGN1F1CAT10N13

334 176 380 215 M
390 187 415 212 ο
427 186 452 212 D
468 188 479 212 1
492 186 518 212 o
531 184 553 212 L
562 184 586 212 v
599 184 626 210 s.
658 171 742 208 Lib.
756 183 788 207 x.
801 182 834 207 c.
851 182 861 206 1
877 179 910 209 3.
945 174 1059 220 Supra
1069 163 1174 217 basim
1185 167 1370 217 eriguntur
1380 165 1503 218 regulae
1513 162 1637 202 dextra
1654 179 1691 203 ac
1700 167 1774 220 fini
1803 182 1855 211 ra,

266 231 397 286 scalam⁴
407 230 528 284 fhrma
538 228 711 280 compac‘lae
725 252 733 265 ‚
755 223 876 277 qulbus
897 222 1125 260 includuntur
1134 223 1210 257 aerec'
1222 220 1357 256 modtolc'
1367 219 1495 272 fundis
1515 219 1779 262 ambulattlzhm.
1810 227 1857 263 Et

280 302 359 340 cap.
377 301 391 325 1
403 301 436 324 z.
449 287 511 323 ubi
523 286 567 322 de
579 283 765 321 Ctesibica
776 280 963 318 machina:
995 291 1031 315 ea
1042 278 1088 327 fit
1105 290 1149 313 ex
1167 288 1248 315 aere,
1270 278 1364 325 cujm
1384 277 1421 312 m
1438 273 1602 312 radicibus
1620 277 1858 332 modiolifiunt

273 344 416 399 gemelli.
449 341 596 384 Nostri,
609 341 657 376 ait
668 337 842 375 Barbarus
856 361 864 374 ,
877 335 1006 372 situlos
1022 364 1031 379 ‚
1049 333 1240 370 sechiellos
1251 332 1309 368 seu
1319 332 1511 369 modiolos
1522 343 1673 369 vocant.
1702 336 1856 375 Baldus2

280 402 411 439 melius
423 396 560 435 dixifl'ct
570 394 766 432 vernacule
777 388 975 444 moggivoli.
996 390 1032 427 A
1042 389 1163 426 forma
1175 390 1274 425 cuim
1288 389 1521 433 modiorum,
1533 387 1664 436 quibus
1676 388 1857 430 frumenta

280 457 317 493 δέ
330 455 427 494 arida
436 453 650 490 metiuntur,
664 449 804 486 fastum
817 448 866 484 est
877 445 1121 485 vocabulum.
1157 443 1311 480 Ficbant
1321 454 1446 481 autem
1456 443 1549 487 aerei,
1563 453 1604 480 ut
1614 446 1858 493 impressionis

281 514 356 550 vim
367 511 566 547 tolerarent
578 535 588 551 ‚
598 505 704 555 quod
716 507 753 542 δε
765 504 895 540 Heron
909 502 1024 539 docet
1034 500 1096 538 lib.
1109 500 1154 536 de
1166 500 1393 552 Spiritalibus
1405 510 1436 535 c.
1455 511 1467 541 5
1478 514 1512 545 7.
1533 500 1596 547 qui
1606 498 1689 535 illos
1702 512 1777 541 non
1785 505 1858 550 χοί.

282 581 382 606 νικας,
398 565 434 601 id
445 563 505 603 est,
525 563 731 600 modiolos,
746 558 805 597 sed
817 552 973 608 πυξιδοις,
995 555 1145 608 pyxides
1156 556 1314 606 appellat
1329 584 1339 600 ‚
1362 555 1381 591 a
1392 555 1513 602 forma
1523 558 1612 592 item
1626 553 1744 594 efficta
1753 570 1859 598 voce,

281 625 373 659 Sunt
388 622 487 657 enim
500 617 652 669 pyxides
664 628 752 667 quas
773 614 885 652 nostri
904 611 1041 664 hussolas
1064 609 1287 663 seuscatulas
1306 612 1507 648 nominant
1520 636 1528 650 ‚
1549 610 1710 648 rotunda
1726 612 1862 654 scilice-t

281 677 345 716 vas
340 678 423 714 cula
433 686 547 713 torno
568 671 588 710 ὲ
600 672 702 711 buxo
712 672 914 715 elaborata,
927 669 1026 707 unde
1036 670 1072 705 ὅ(
1083 678 1236 704 nomen.

336 734 381 771 M
393 745 418 770 o
430 743 455 770 N
466 744 487 768 Α
499 744 519 768 c
532 742 556 766 H
571 742 597 769 v
614 743 640 765 s,
670 729 754 766 Lib.
771 740 784 763 1
794 740 827 763 x.
841 739 873 764 c.
891 735 924 764 8.
958 724 1142 762 circinatio
1157 720 1279 760 circuli
1296 721 1462 773 menstrui
1479 731 1606 776 agatur
1619 753 1630 769 ‚
1656 724 1716 776 qui
1740 721 1864 763 dicitur

281 785 475 826 monachus.
506 786 657 822 Baldus:
690 785 767 834 Qi
779 782 819 819 sit
829 782 890 819 iste
903 783 1076 819 circulus,
1090 789 1216 829 aperte
1233 792 1277 816 ex
1290 779 1362 830 ipsa
1374 779 1470 830 apud
1481 780 1694 817 Vitruvium
1707 781 1867 818 analem-

281 846 389 883 matis
401 841 676 881 constructione
688 838 840 889 cognos
834 841 938 875 citur.
970 838 1048 875 Cur
1068 834 1279 872 monachus
1292 835 1439 872 dicatur
1450 847 1530 872 non
1542 835 1592 873 est
1604 837 1752 873 clarum.
1784 837 1867 873 Me-

282 901 394 938 liores
405 898 558 937 codices
568 896 703 934 habent
713 893 918 932 manachos
929 923 939 937 ‚
956 896 992 930 δε
1005 918 1014 931 ,
1034 902 1072 928 ut
1083 892 1179 940 apud
1191 891 1449 929 Pliilandrum,
1476 903 1657 929 manacos
1670 918 1678 932 ,
1697 891 1756 929 sed
1767 894 1868 943 prior

280 957 392 995 leffio
403 954 626 1005 germanior.
649 951 712 988 Ait
725 962 815 999 ergo
828 948 1022 985 Philander
1035 962 1041 984 :
1055 943 1119 981 dm?
1127 948 1173 983 τὲ
1174 942 1296 995 plevis,
1307 944 1347 981 id
1353 948 1415 990 eft,
1424 945 1536 998 mense
1536 945 1736 999 fhrmatum
1747 960 1870 983 nomm

281 1010 399 1049 circuli
415 1007 581 1058 menstrui
598 1011 777 1042 ALGacos.
809 1003 868 1041 Est
889 1006 988 1040 enim
1009 1004 1169 1040 circulus
1183 1014 1262 1051 quo
1273 1002 1413 1040 umbrae
1426 1012 1556 1052 praeter
1570 1003 1869 1052 aequinoffialem

283 1067 441 1105 aestivam
454 1068 489 1103 &
502 1064 724 1112 hybernam‚
750 1060 941 1109 dequibus
954 1059 1123 1103 tradidit,
1143 1057 1487 1108 deprehenduntur,
1509 1060 1611 1104 cujus
1632 1060 1810 1097 diameter
1820 1059 1870 1097 est

282 1126 514 1161 lacotomus.
544 1119 690 1165 Itaille3
716 1115 800 1153 scite
813 1115 1044 1167 &apposste.
1073 1125 1287 1163 quanquam
1297 1125 1345 1150 eo
1355 1114 1462 1163 quod
1471 1113 1615 1152 dicatur
1639 1112 1701 1150 dna*
1720 1116 1768 1152 τὲ
1782 1112 1870 1161 ἔχειν

280 1175 399 1228 μήνιες,
412 1177 447 1214 id
459 1176 522 1219 est,
534 1175 580 1211 ab
592 1172 768 1210 habendis
780 1171 966 1209 meniibus
979 1201 988 1215 ‚
998 1170 1230 1208 scribendum
1241 1169 1428 1206 censerem
1443 1169 1644 1208 manachos
1657 1198 1665 1212 ‚
1690 1171 1710 1208 a
1733 1171 1871 1209 Graeco

281 1233 470 1284 μήναχῷυ.
483 1230 613 1268 Videri
624 1230 734 1266 alicui
745 1227 863 1278 poss'et
876 1239 1076 1265 manacum
1087 1226 1226 1263 dietum
1239 1225 1259 1262 a
1269 1224 1503 1263 similitudine
1514 1227 1657 1271 circuli,
1667 1228 1871 1268 armillave.

284 1303 397 1341 quam
409 1281 686 1336 Grecilmowiomae‘v
698 1284 734 1321 δε
746 1284 833 1320 alias
843 1280 973 1334 ψέλλιον
985 1285 1022 1320 &
1034 1278 1288 1330 ωὲιτξοιχήλιον
1300 1279 1505 1325 dicunt,sed
1516 1281 1629 1331 longe
1640 1284 1808 1319 nominis
1819 1296 1874 1321 ra-

281 1350 337 1384 tio
349 1344 506 1395 petenda
517 1354 596 1379 non
606 1341 761 1385 est,cum
773 1339 814 1376 sit
826 1353 890 1390 per
899 1341 932 1378 se
943 1341 1040 1377 clara
1053 1341 1138 1376 &in
1148 1347 1335 1390 promptu.
1349 1337 1441 1375 Illud
1453 1335 1680 1386 addo,qu0d
1694 1349 1783 1376 com
1790 1351 1875 1377 mu-

283 1404 320 1439 ni
335 1403 461 1450 lingua
471 1399 589 1436 Graeci
602 1399 723 1435 dixere
731 1391 857 1444 fdussid
867 1394 1078 1440 est,meniis‚
1089 1395 1223 1431 Dorici
1234 1394 1518 1445 pronuntiarunt
1528 1388 1608 1442 μοὲν,
1624 1394 1723 1430 unde
1733 1395 1871 1431 Latini.

281 1459 348 1507 qui
359 1460 395 1493 iu
406 1457 576 1493 sermone
587 1447 766 1505 δωρχζκζὶ.
782 1451 912 1490 dicunt
922 1454 1023 1490 euim
1037 1460 1154 1488 mater
1162 1462 1233 1501 pro
1244 1459 1372 1493 meter,
1385 1461 1455 1499 pro
1468 1450 1571 1486 melo
1585 1451 1742 1495 malum,
1753 1449 1790 1487 ὃ(
1802 1463 1874 1488 cze-

283 1525 358 1550 tera
369 1510 615 1558 ejuscemodi,
631 1521 700 1560 pro
712 1508 901 1546 menacho
914 1508 1040 1546 dixere
1051 1506 1289 1544 manaehum.
1319 1505 1442 1542 Lubet
1454 1504 1514 1542 hic
1526 1515 1688 1543 attexere
1701 1506 1790 1556 quid
1801 1505 1873 1543 hac

283 1569 328 1605 de
339 1581 378 1605 re
388 1565 531 1604 senserit
538 1564 608 1620 Jos.
621 1565 783 1615 Scaliger
794 1593 804 1609 ,
818 1566 871 1601 vir
880 1566 976 1602 inter
986 1565 1153 1602 novitios
1164 1564 1291 1613 magni
1301 1562 1475 1599 nominis.
1496 1562 1550 1600 Ita
1561 1563 1671 1612 igitur
1685 1562 1730 1599 ad
1739 1562 1872 1599 Manil.

282 1626 319 1661 in
339 1631 549 1661 comment.
585 1618 702 1658 orbita
730 1625 837 1657 Lunae
865 1622 916 1656 eft
943 1619 1034 1656 linea
1059 1614 1234 1663 &cmiium‘
1244 1645 1253 1661 ‚
1282 1630 1321 1655 ea
1347 1619 1536 1655 Tarentina
1551 1629 1636 1654 voce
1654 1613 1680 1653 ἰι
1695 1615 1874 1655 veteribus

282 1682 420 1718 Latinis
445 1675 633 1714 vocabatur
661 1675 811 1713 circulus
836 1687 999 1713 manaa-us
1027 1669 1071 1715 ὠ
1095 1677 1292 1714 maniacus:
1322 1683 1401 1711 tum
1417 1675 1509 1710 loco
1527 1673 1732 1724 porismatis
1750 1673 1873 1711 addit:

283 1735 425 1774 Arabes
442 1734 529 1772 hine
551 1733 674 1773 feeiss'e
694 1733 924 1771 vocabulum
947 1728 1188 1772 cAlmanachi
1198 1762 1208 1777 ,
1242 1730 1370 1769 addito
1398 1741 1534 1780 nempe
1559 1727 1597 1766 al
1613 1730 1771 1768 articulo
1784 1755 1792 1769 ‚
1821 1729 1873 1766 illi

285 1794 386 1840 genti
404 1791 582 1827 familiari.
615 1789 711 1827 Vide
726 1818 736 1834 ,
755 1787 915 1826 obsecro
929 1818 938 1833 ‚
951 1800 1067 1839 quam
1077 1788 1201 1826 frustra
1211 1797 1332 1825 tantus
1342 1789 1412 1831 vir,
1422 1795 1463 1824 ut
1473 1787 1664 1823 veritatem
1676 1787 1867 1823 inveniret.

286 1846 480 1890 sudaverit,
492 1846 529 1882 &
540 1859 620 1895 quo
632 1846 740 1883 illum
753 1857 908 1896 pravum
922 1846 1056 1882 mentis
1066 1856 1225 1882 acumen
1238 1843 1257 1880 ὲ
1268 1844 1365 1881 recta
1377 1843 1502 1879 semita
1513 1842 1704 1879 averterit?
1734 1840 1870 1884 Miror,

287 1901 539 1938 dofflffimum
570 1901 819 1951 Astrologum
831 1926 839 1940 ‚
869 1913 1070 1938 manacum
1097 1901 1280 1938 circulum
1294 1928 1304 1944 ‚
1333 1898 1494 1936 orbitam
1520 1897 1636 1933 Lunae
1663 1894 1700 1930 δέ
1732 1895 1870 1934 lineam

288 1957 511 2006 Eclipticam
531 1956 686 2004 putasse.
721 1967 819 1993 certe
836 1956 943 1993 Luna
961 1969 1025 2005 per
1044 1957 1269 2005 Eclipticam
1287 1966 1365 1990 non
1384 1951 1543 1994 incedit,
1575 1953 1611 1988 ὃς
1631 1951 1872 1989 analemmati

289 2024 378 2049 cum
397 2011 503 2048 Luna
522 2009 610 2046 nihil
627 2021 850 2047 commune.
881 2010 920 2045 A
940 2010 1125 2046 mensibus
1142 2021 1233 2057 ergo
1253 2009 1414 2045 circulus
1424 2017 1565 2043 nomen
1578 2031 1586 2045 ,
1606 2015 1647 2043 ut
1658 2006 1871 2057 praedictum

289 2067 339 2105 est
350 2092 358 2106 ‚
375 2067 535 2116 acecpit,
562 2076 638 2102 non
652 2065 671 2101 ἐι
682 2064 808 2102 Luna.
822 2075 1037 2115 quanquam
1048 2065 1187 2101 Graecis
1199 2093 1209 2109 ‚
1230 2074 1270 2101 ut
1283 2063 1450 2101 Hebraeis
1462 2088 1470 2101 ,
1492 2062 1689 2099 Germanis
1702 2075 1868 2111 quoque,

289 2123 405 2159 Slavis
418 2151 427 2166 ‚
447 2124 484 2159 ὅ(
506 2120 724 2170 quibusdam
741 2122 817 2158 aliis
835 2119 1051 2157 nationibus
1063 2146 1071 2159 ‚
1094 2118 1115 2155 a
1132 2120 1288 2157 nomine
1298 2119 1413 2156 Lunae
1435 2116 1566 2153 mensis
1582 2117 1871 2167 appellationem

288 2179 467 2215 sortiatur.
499 2177 684 2214 Dividitur
703 2187 794 2225 ergo
823 2176 983 2213 circulus
1001 2177 1037 2212 in
1057 2184 1177 2224 partes
1195 2174 1417 2212 duodecim,
1449 2172 1470 2208 a
1497 2172 1631 2222 quibus
1660 2173 1706 2209 ad
1725 2174 1872 2212 lacoto-

291 2245 399 2271 mum
424 2232 607 2270 ducuntur
631 2232 810 2283 parallelae
823 2260 833 2276 ‚
863 2244 947 2280 quae
972 2230 997 2267 {i
1026 2230 1272 2279 aequinoffiali
1297 2230 1493 2267 Diametro
1515 2228 1785 2278 aequidistantes
1804 2230 1872 2267 du-

293 2299 422 2325 cantur
435 2317 444 2332 ‚
466 2290 514 2325 ita
525 2298 565 2326 ut
574 2287 619 2325 ad
628 2288 795 2337 utrasque
807 2297 926 2337 partes
944 2286 1136 2323 meridiani
1149 2287 1276 2322 circuli
1287 2287 1496 2336 pertingant
1508 2314 1517 2328 ‚
1538 2297 1762 2323 communes
1783 2285 1871 2322 dant

293 2343 469 2381 sectiones
483 2344 682 2393 planorum
694 2344 923 2380 circulorum
937 2341 1208 2379 menstruorum
1219 2368 1228 2383 ‚
1252 2344 1288 2379 δε
1304 2342 1398 2391 plani
1410 2340 1614 2380 meridiani,
1630 2339 1720 2392 ipsas
1732 2352 1870 2391 nempe

292 2399 554 2450 parallelorum
564 2401 600 2435 in
612 2400 816 2436 meridiano
828 2399 942 2448 plano
954 2398 1154 2435 diametros
1167 2426 1177 2442 ‚
1195 2397 1216 2433 a
1226 2409 1390 2446 quorum
1400 2398 1651 2436 extremitate,
1672 2395 1697 2433 fi
1709 2409 1774 2447 per
1786 2409 1870 2433 cen-

292 2466 394 2492 trum
405 2455 660 2492 anilcmmans
670 2456 766 2504 plani
779 2455 969 2504 horologii
988 2453 1228 2491 meridianam
1238 2454 1374 2490 lineam
1386 2453 1488 2490 reesae
1501 2454 1727 2503 pertingant,
1749 2453 1787 2489 in
1797 2450 1870 2502 ipsa

293 2510 494 2549 meridiana
505 2510 600 2546 linea
612 2511 812 2547 menstruas
822 2510 1009 2559 signorum
1017 2509 1214 2547 divisiones
1228 2508 1459 2558 distinguunt.
1492 2507 1692 2545 Notissima
1702 2508 1781 2546 sunt
1790 2507 1868 2544 haec

293 2569 336 2604 iis
358 2564 553 2604 omnibus,
581 2567 644 2613 qui
664 2566 699 2601 in
711 2567 965 2602 Gnomonicis
984 2565 1296 2616 speculationibus
1317 2565 1481 2615 paullum
1497 2563 1577 2601 {unt
1594 2563 1730 2600 versati.
1764 2564 1867 2599 Rem

295 2622 388 2658 bene
398 2622 515 2658 tenuit
527 2620 701 2657 Barbarus
714 2650 724 2665 ‚
743 2633 856 2670 quem
867 2622 1000 2657 vellem
1011 2624 1049 2658 in
1058 2622 1193 2658 Graeeis
1205 2619 1305 2657 fuiss'c
1316 2621 1631 2656 exercitatiorcm.
1655 2618 1742 2667 saepe
1752 2618 1867 2658 enim,

296 2678 416 2716 utine,
431 2687 492 2714 aut
514 2676 685 2727 depravat
702 2688 766 2714 aur
774 2688 962 2727 perperam
979 2676 1110 2715 scribit.
1142 2678 1232 2714 Haec
1244 2676 1316 2713 ille.
1349 2672 1508 2728 Joeuudi
1527 2676 1643 2714 editio
1657 2674 1767 2712 habet
1783 2672 1868 2710 Ma-

296 2732 444 2769 nachue.

351 2788 716 2826 MONOPTERos.
745 2787 843 2825 Vide
862 2788 890 2824 P
906 2799 1144 2836 finit-Timo
1159 2800 1186 2825 s,

352 2842 397 2877 M
408 2852 433 2876 Ο
443 2853 469 2877 N
479 2854 504 2878 ο
519 2857 542 2877 τ
555 2855 578 2881 R
595 2857 604 2880 ι
620 2855 642 2880 G
658 2858 676 2880 L
688 2856 708 2881 Υ
722 2856 740 2881 Ρ
751 2856 776 2881 Η
788 2857 811 2883 v
825 2856 865 2881 M.
898 2838 980 2881 Lib.
998 2855 1050 2880 iv.
1063 2856 1142 2895 cap.
1159 2858 1191 2888 3.
1222 2844 1355 2879 sivero
1367 2838 1571 2893 pycnostylon
1582 2833 1626 2877 εὖ*
1645 2834 1866 2889 monotrigly-

293 2892 402 2949 phum
412 2905 489 2945 opus
497 2899 563 2931 erit
574 2897 789 2946 fhciendum.
803 2899 934 2936 Baldus
948 2915 955 2936 ;
976 2898 1298 2947 Monotriglyphas
1313 2897 1471 2946 appellat
1483 2895 1670 2931 Vitruvius
1679 2893 1773 2931 aedes
1785 2894 1866 2930 Do-

296 2954 390 2990 ricas
400 2951 627 3002 pycnostylas
640 2980 649 2989 .
670 2956 810 2992 etenim
820 2954 872 2992 ob
883 2956 1145 2993 columnarum
1153 2954 1392 2990 crebritatem
1404 2978 1413 2994 ‚
1432 2950 1713 2988 intercolumnia
1724 2950 1772 2985 ita
1786 2948 1866 2986 sunt

1704 3004 1866 3054 angusta,
