2023 3162
88 2280 139 2313 '..
171 2282 251 2311 vido

154 2327 266 2353 lexicon.

280 96 298 125 2
663 81 1077 120 M.V1rnuv11
1131 79 1470 117 PoLL1ox1s

803 186 1008 222 CAPVT
1056 184 1318 222 Piumvm.

367 274 594 350 Qidstt
609 273 666 326 A
669 269 960 327 rchitecr'ma
974 311 982 325 ,
994 267 1056 327 Εἴ
1071 270 1128 323 de
1142 269 1200 323 A
1202 269 1437 324 rehitec‘ffzis
1451 253 1770 340 institnehdis.

505 415 517 426 .-
570 395 604 437 ᾗ
624 391 663 427 R
677 403 697 426 c
709 402 733 426 H
750 402 762 426 1
778 403 802 425 τ
818 402 835 424 ε
850 402 870 425 c
883 403 908 424 τ
922 400 946 426 ν
960 403 981 426 R
993 401 1015 424 A
1041 387 1091 425 est
1109 387 1260 425 scientia
1288 389 1452 438 pluribus
1477 388 1675 439 disciplinis
1695 390 1732 428 δε
1750 394 1860 431 variis

556 440 579 487 ἶ,
625 443 893 481 eruditionibus
910 453 1060 491 ornata,
1080 445 1188 490 cujus
1207 442 1344 490 judicio
1365 444 1569 495 probantur
1578 448 1728 491 omnia,
1748 450 1860 496 (ψεῖ),

497 522 501 526 -
544 485 608 520 ‘³'
627 501 767 537 caeteris
777 499 912 537 artibus
922 498 1177 549 perficiuntur,
1190 511 1315 549 opera.
1331 500 1384 537 Ea
1393 500 1551 538 nascitur
1561 512 1604 536 cx
1617 500 1753 538 fabrica
1764 504 1799 540 δε
1811 515 1862 541 ra-

380 565 386 578 ‘
443 596 455 604 .
512 545 610 619 (ἐξ)
627 556 883 593 tiocinatione.
912 555 1065 592 Fabrica
1078 580 1086 593 ‚
1110 554 1160 591 est
1171 557 1390 593 continuata
1408 568 1451 594 ae
1465 557 1547 594 trita
1559 554 1640 593 usus
1653 557 1861 599 meditatio,

455 610 467 624 ’ἲ
530 613 610 687 ’ἢ
626 623 709 660 quae
731 610 903 648 manibus
920 609 1109 660 perficitur
1132 607 1329 652 emateria‚
1346 611 1592 660 cujuscunque
1613 615 1755 660 generis
1767 625 1864 664 opus

523 664 613 727 ΧΗ
627 666 696 711 est,
716 667 761 704 ad
780 666 1014 718 propofitum
1034 665 1329 704 deformationis.
1364 667 1626 705 Ratiocinatio
1653 680 1780 706 autem
1802 668 1867 714 est,

625 735 705 772 qua:
716 735 772 760 res
790 722 981 760 fabricatas
993 724 1057 768 [a]
1070 721 1214 760 solertia
1225 734 1269 759 ac
1281 724 1423 760 ratione
1434 724 1692 774 proportionis
1707 722 1869 762 demon-

283 782 392 820 strare
403 792 446 818 ac
457 779 637 828 explicate
648 777 781 829 potest.
813 780 946 827 ltaque
961 777 1188 816 Architecti,
1212 780 1276 828 qui
1288 778 1362 816 fine
1381 780 1491 816 literis
1505 780 1802 819 contenderunt,
1826 789 1869 817 ut

284 837 455 877 manibus
465 833 576 872 ess'ent
597 835 802 879 exercitati,
821 845 900 870 non
923 843 1126 885 potuerunt
1145 831 1313 879 efficere,
1333 845 1373 871 ur
1392 834 1570 872 haberent
1588 847 1657 885 pro
1678 834 1871 872 laboribus

283 895 534 931 autoritatem.
568 892 645 943 Qu
664 900 788 927 autem
809 889 1154 927 ratiocinationibus
1174 891 1211 927 ὃ(
1230 891 1341 927 literis
1350 889 1434 927 solis
1456 889 1584 927 confifi
1596 890 1759 931 fuerunt,
1783 903 1871 928 um·
1907 906 1910 908 “

283 949 398 988 brana,
421 960 501 984 non
513 957 592 983 rem
606 943 666 991 [b]
679 944 857 997 persecuti
867 944 1048 982 videntur.
1067 945 1119 982 At
1129 946 1193 995 qui
1204 956 1400 994 utrumque
1411 946 1698 995 pet-didicerunt,
1715 947 1776 993 (ut
1785 958 1872 984 om-

285 1005 394 1042 nibus
404 1004 513 1040 armis
527 1002 664 1048 ornati)
689 1002 807 1040 citius,
822 1011 907 1038 cum
917 1002 1110 1038 autoritate
1119 1000 1303 1050 quodfuit
1320 1001 1554 1051 propositum
1566 1026 1575 1040 ‚
1589 1000 1672 1039 sunt
1682 1001 1874 1051 affequuti.

286 1061 441 1098 Cumin
460 1058 638 1095 omnibus
656 1058 758 1093 enim
773 1056 879 1094 rebus
891 1085 901 1101 ‚
923 1067 1005 1094 tum
1016 1058 1179 1094 maxime
1198 1058 1312 1095 etiam
1324 1058 1362 1093 in
1374 1056 1635 1095 Architectura
1645 1056 1721 1095 haec
1733 1057 1809 1094 duo
1819 1058 1873 1095 in-

283 1115 364 1153 sunt
375 1144 385 1159 ‚
405 1113 510 1163 quod
520 1111 747 1162 fignificatur
765 1115 801 1150 ὅ(
822 1112 926 1162 quod
940 1111 1126 1162 fignificat.
1157 1112 1393 1162 Significatur
1410 1112 1602 1163 propofita
1613 1125 1668 1150 res
1679 1113 1724 1150 de
1737 1124 1810 1162 qua
1821 1112 1876 1150 di-

286 1172 390 1208 citur.
425 1169 534 1205 Hanc
555 1178 679 1205 autem
697 1167 876 1218 fignificat
897 1167 1166 1206 demonstratio
1183 1167 1388 1206 rationibus
1407 1168 1660 1206 dostrinarum
1681 1170 1875 1219 explicata.

288 1229 411 1280 Qare
421 1225 568 1263 videtur
576 1234 730 1274 utraque
740 1234 843 1275 parte
860 1226 1102 1262 exercitatum
1124 1223 1192 1262 effe
1205 1224 1338 1263 debere
1353 1253 1363 1270 ‚
1383 1225 1445 1273 qui
1458 1224 1491 1261 se
1511 1223 1776 1262 Architestum
1789 1236 1877 1273 pro-

285 1281 438 1318 fiteatur.
465 1282 591 1330 Itaque
603 1292 693 1317 eum
705 1279 989 1329 &ingeniosum
1001 1279 1068 1317 efi'e
1077 1290 1246 1331 oportet,
1256 1283 1292 1318 ὃ(
1305 1280 1350 1317 ad
1363 1278 1590 1330 disciplinam
1601 1280 1783 1317 docilem:
1797 1281 1877 1325 (ne-

285 1348 362 1385 que
374 1337 476 1374 enim
494 1337 686 1385 ingenium
703 1335 776 1374 fine
797 1335 1000 1386 disciplina,
1021 1347 1084 1374 aut
1096 1336 1284 1387 disciplina
1294 1336 1367 1374 fine
1378 1337 1530 1385 ingenio
1543 1363 1551 1376 ,
1573 1335 1777 1386 perfectum
1790 1331 1877 1372 arti*-

285 1391 399 1429 ficem
420 1388 542 1444 po'test
560 1390 732 1440 efficere)
757 1394 794 1429 ὅ(
805 1402 846 1429 ut
864 1393 1024 1430 literatus
1036 1391 1078 1429 fit
1090 1421 1099 1436 ‚
1112 1393 1251 1443 peritus
1271 1392 1483 1443 Graphidos
1496 1421 1506 1437 ‚
1525 1392 1692 1429 eruditus
1707 1391 1878 1428 Geome-

285 1449 366 1493 tria‚
378 1450 417 1485 δε
431 1449 587 1499 Optices
609 1461 689 1485 non
699 1450 858 1497 ignarus,
872 1447 1063 1485 instrucCtus
1076 1447 1334 1488 Arithmetica‚
1349 1447 1514 1485 historias
1526 1448 1739 1497 complures
1760 1457 1879 1483 nove*

284 1504 331 1540 rit
349 1532 360 1548 ‚
389 1503 637 1554 Philosophos
660 1503 851 1552 diligenter
876 1504 1054 1542 audiverit
1074 1533 1084 1548 ,
1113 1503 1294 1542 Muficam
1311 1503 1455 1541 sciverit
1477 1533 1487 1548 ‚
1516 1503 1714 1541 Medicinae
1736 1513 1814 1539 non
1837 1500 1879 1538 fit

285 1559 454 1608 ignatus,
476 1559 644 1608 responsa
661 1557 1007 1612 thrisconsultorum
1039 1561 1186 1597 noverit
1208 1586 1216 1600 ,
1250 1560 1508 1609 Astrologiam
1527 1559 1694 1607 coelique
1713 1559 1880 1595 rationes

288 1615 456 1664 cognitas
475 1613 616 1650 habeat.
652 1617 745 1667 Qae
766 1627 831 1653 cut
851 1617 901 1652 ita
925 1614 994 1652 fint
1007 1645 1016 1660 ‚
1039 1615 1093 1652 hae
1105 1614 1186 1652 sunt
1199 1616 1323 1654 causae.
1355 1615 1498 1653 Literas
1509 1613 1769 1651 ArchireCmm
1787 1612 1880 1650 scire

289 1679 455 1719 oportet,
470 1670 523 1706 uti
543 1671 826 1712 commentariis
844 1672 1068 1708 memoriam
1089 1670 1293 1709 firmiorem
1305 1670 1453 1708 efficere
1474 1669 1597 1720 poffit.
1631 1668 1780 1707 Deinde
1800 1680 1880 1718 gra-

288 1725 424 1775 phidos
437 1723 628 1761 scientiam
648 1723 805 1770 habere,
828 1736 906 1775 quo
923 1725 1066 1763 facilius
1084 1728 1354 1776 exemplaribus
1373 1726 1494 1776 pistis,
1512 1737 1624 1775 quam
1643 1725 1732 1763 velit
1753 1725 1880 1773 operis

289 1780 462 1830 speciem,
477 1778 687 1816 deformare
696 1781 826 1818 valeat.
839 1781 1059 1819 Geomettia
1068 1792 1196 1820 autem
1207 1783 1309 1833 plura
1322 1781 1482 1832 praefidia
1494 1781 1632 1831 praestat
1642 1778 1880 1816 Architectu-

290 1847 336 1872 ra·
350 1864 360 1878 ,
379 1836 416 1871 ὅ(
437 1835 603 1884 primum
623 1834 902 1884 Euthygrammi
920 1836 957 1872 &
979 1838 1106 1873 circini
1126 1838 1234 1873 tradit
1253 1838 1357 1874 usum
1371 1866 1380 1881 ‚
1411 1834 1431 1873 ὲ
1453 1848 1531 1885 quo
1549 1836 1714 1873 maxime
1732 1833 1880 1872 facilius

290 1888 535 1928 aedificiorum
555 1891 594 1925 in
613 1891 704 1926 ateis
723 1889 967 1940 expediuntur
986 1891 1266 1941 descriptiones,
1282 1903 1576 1941 normarumque
1589 1890 1880 1927 &librationum

290 1947 328 1998 ᾃ
339 1946 516 1982 linearum
527 1944 758 1982 direttiones.
781 1946 879 1983 Item
890 1957 954 1995 per
966 1947 1144 1996 Opficen,
1153 1949 1189 1984 in
1201 1947 1374 1985 aedificiis,
1393 1947 1413 1983 a
1425 1948 1532 1984 certis
1550 1946 1762 1995 regionibus
1783 1946 1880 1983 coeli

287 2000 427 2038 lumina
437 2000 535 2038 recte
548 2000 1099 2040 ducuntur.PerArithmeticen
1109 2013 1197 2039 vero
1210 2001 1347 2040 sumtus
1359 2002 1602 2040 :edificiorum
1614 2000 1881 2039 consumman-

292 2066 364 2094 tur,
380 2055 632 2094 mensuratum
644 2059 804 2100 rationes
825 2058 1069 2107 explicantur,
1084 2056 1322 2107 difficilesque
1338 2058 1643 2106 Symmetriarum
1656 2056 1879 2106 quaestiones

297 2110 549 2149 Geometricis
568 2113 774 2149 rationibus
795 2111 830 2148 ἃ
843 2111 1030 2150 methodis
1047 2114 1292 2151 inveniuntur.
1326 2114 1505 2150 Historias
1524 2123 1646 2150 autem
1667 2114 1787 2162 plures
1808 2123 1881 2149 no-

299 2165 386 2203 viss‘e
397 2177 560 2218 oportet,
574 2167 678 2216 quod
688 2169 807 2206 multa
817 2178 1038 2206 ornamenta
1048 2167 1136 2219 saepe
1146 2170 1182 2205 in
1194 2169 1370 2220 operibus
1381 2168 1589 2205 Architecti
1601 2167 1791 2217 defignant
1802 2195 1812 2212 ‚
1831 2167 1880 2205 de

298 2221 434 2271 quibus
444 2224 667 2272 argumentis
680 2224 876 2264 rationem,
892 2235 956 2260 cur
966 2223 1130 2263 fecerint,
1148 2225 1393 2273 quaerentibus
1404 2224 1554 2261 reddere
1566 2223 1714 2261 debent.
1730 2224 1878 2273 Qem-

298 2277 506 2314 admodum
526 2278 551 2315 fi
570 2281 650 2327 quis
667 2279 798 2317 statuas
811 2291 1054 2324 marmoreas,
1067 2281 1238 2317 mulieres
1251 2280 1416 2319 stolatas,
1437 2282 1475 2317 δε
1495 2292 1578 2328 qua:
1591 2279 1805 2326 Caryatides
1825 2277 1878 2314 di-

294 2343 438 2377 cuntur,
449 2344 519 2383 pto
536 2333 725 2371 columnis
737 2336 775 2370 in
788 2346 900 2384 opere
910 2334 1081 2375 statuerit,
1100 2334 1296 2387 &insuper
1307 2336 1475 2371 mutulos
1488 2337 1526 2372 δε
1537 2345 1696 2372 coronas
1709 2334 1878 2370 colloca-

293 2389 705 2438 verit,petcontantibus
718 2391 767 2426 ita
778 2390 906 2426 reddet
917 2392 1115 2428 rationem.
1129 2391 1249 2438 Carya
1261 2388 1385 2427 civitas
1398 2388 1751 2439 Peloponncfi‚cum
1762 2388 1878 2425 Perfis

295 2443 462 2481 hostibus
474 2454 604 2481 contra
616 2444 799 2481 Graeciam
810 2443 1011 2485 consenfit,
1032 2446 1283 2495 posteaGr-aeci
1301 2457 1363 2495 pet
1380 2446 1574 2482 vistotiam
1594 2445 1754 2493 gloriose
1772 2443 1876 2481 bello

294 2500 450 2543 liberati,
465 2502 659 2536 communi
677 2498 835 2536 confilio
846 2500 1063 2548 Caryatibus
1073 2502 1213 2538 bellum
1224 2501 1439 2538 indixerunt.
1454 2501 1579 2548 Itaque
1590 2499 1734 2550 oppido
1746 2510 1872 2550 capto,

296 2557 381 2592 viris
400 2555 600 2592 interfeC'tis
613 2584 623 2599 ‚
643 2557 792 2593 civitate
811 2554 950 2595 deleta,
973 2567 1164 2593 matronas
1187 2568 1322 2593 ,eorum
1338 2556 1376 2591 in
1392 2555 1602 2592 servitutem
1621 2555 1851 2592 abduxerunt
1864 2578 1874 2592 .-

295 2611 379 2646 Nec
393 2609 571 2661 sunt-pass]
585 2610 690 2647 stolas
704 2622 792 2659 neq3
811 2621 960 2648 ornatus
977 2613 1202 2649 matronales
1215 2612 1401 2661 deponere
1414 2624 1420 2646 :
1436 2613 1489 2647 uti
1501 2623 1577 2648 non
1589 2623 1666 2648 uno
1677 2608 1874 2660 triumpho

296 2663 517 2702 ducerentur
530 2681 537 2702 :
559 2665 617 2701 sed
629 2666 952 2703 :eternoietvitutis
963 2668 1135 2718 exemplo
1146 2669 1246 2716 gravi
1258 2667 1484 2703 contumelia
1495 2666 1626 2717 pressat,
1639 2677 1773 2716 poenas
1785 2665 1873 2702 dare

294 2720 504 2770 viderentur
513 2733 582 2770 pro
593 2723 752 2758 civitate.
784 2721 872 2758 Ideo
885 2723 947 2770 qui
958 2732 1047 2758 tunc
1057 2722 1260 2759 Architecti
1274 2721 1421 2758 fuerunt
1435 2751 1444 2765 ‚
1462 2721 1623 2759 aedificiis
1641 2721 1798 2772 publicis
1810 2720 1873 2757 de-

297 2773 525 2823 signaverunt
542 2789 671 2814 earum
691 2777 869 2825 imagines
888 2779 995 2814 oneri
1011 2776 1173 2815 ferundo
1192 2778 1398 2814 collocatas
1410 2805 1420 2821 ‚
1440 2787 1479 2815 ut
1490 2778 1599 2814 etiam
1609 2776 1760 2826 posteris
1778 2786 1874 2814 nota

1747 2844 1869 2880 poena

295 2906 324 2938 a]
345 2905 412 2931 [od.
426 2906 526 2933 Arund.
538 2907 655 2935 Solertiae
665 2918 692 2934 ac
703 2908 812 2935 rationis
823 2908 997 2945 proportione
1009 2907 1186 2938 demonstrare
1196 2929 1203 2938 ,
1216 2911 1267 2937 &c-
1294 2910 1332 2937 lta
1343 2917 1447 2947 quoque
1464 2913 1622 2934 annot-uum
1634 2906 1666 2935 ab
1679 2905 1766 2935 muco
1776 2904 1870 2935 Voffio

341 2943 412 2972 G.fil·
424 2946 454 2973 ad
465 2948 615 2985 marginem
627 2949 724 2975 inveni.

290 2981 326 3016 b]
350 2985 419 3014 Cod.
431 2986 530 3015 Arund.
543 2986 686 3017 consecuti.
706 2987 777 3027 quod
788 2986 882 3016 melius
893 2986 1007 3017 videtur.
1774 2999 1870 3035 fimi,
