2023 3162
128 475 253 515 Cempvfi-

126 521 160 545 ιω
170 519 240 556 quid.

128 709 214 746 Operis

123 758 208 787 partes

125 800 184 828 qua.

130 1651 253 1691 c0mp0ss-

128 1702 161 1721 110
171 1705 237 1722 mem
244 1710 251 1716 ⁴

129 1735 239 1764 brorum.

133 2716 245 2747 symme-

133 2759 193 2779 trm.

270 87 315 115 ιε.
601 72 797 110 Leonis
846 70 1121 109 Bipwism
1177 82 1238 107 niz
1288 69 1550 109 A·1'.'BERTIS

263 138 649 191 libuerit‚percisi0nes
661 134 798 176 not-aro
809 146 891 174 turn
902 138 1160 186 ingeni0,eum
1172 136 1301 173 circuli
1312 135 1497 174 ambitum
1509 137 1700 188 pingendo
1711 139 1755 176 ad
1766 138 1863 190 ipsos

263 198 424 248 signatos
437 197 620 235 terminos
633 196 746 232 duco.
778 191 948 230 Fortassis
961 193 1106 230 brevior
1118 191 1202 229 esset
1214 193 1270 230 via
1284 221 1293 236 ,
1315 191 1411 229 hanc
1430 191 1620 231 fimbriam
1631 195 1676 231 ad
1690 197 1862 234 umbram

264 252 447 305 lampadis
461 250 782 290 circumscribere:
805 249 926 286 modo
940 260 1075 299 corpus
1090 277 1099 293 ‚
1122 248 1227 298 quod
1241 248 1414 285 umbram
1426 246 1563 286 efficiat
1576 274 1583 288 ‚
1609 260 1707 288 certa
1718 254 1861 289 ratione

264 311 395 347 lumen
406 310 592 359 exciperet
605 336 614 351 ,
635 305 748 344 &suo
767 307 858 343 loco
874 306 1186 355 interponeretur.
1216 305 1350 353 Itaque
1371 303 1529 341 diximus
1547 315 1587 342 ut
1598 306 1862 354 parallelorum

266 366 500 411 adjumentis,
517 364 675 408 majores
684 361 890 412 superficies
903 361 1096 410 angulares
1111 387 1119 401 ,
1133 363 1170 398 ὅς
1184 361 1394 400 circulares,
1408 360 1765 399 circumscribantur.
1785 363 1865 400 Ab..

267 422 385 459 soluta
398 424 504 470 igitur
523 420 629 455 omni
642 416 986 467 circumscriptione
999 446 1009 461 ,
1026 417 1185 465 sequitur
1199 426 1240 453 ut
1251 415 1296 452 de
1309 414 1583 466 compositione
1595 416 1798 455 dicendum
1809 418 1863 456 sit.

269 475 539 528 Repetendum
549 473 693 511 idcirco
706 473 755 511 est
766 472 855 523 quid
866 471 907 509 sit
920 472 1166 522 compositio.
1185 471 1244 508 Est
1256 482 1380 509 autem
1395 471 1622 521 compositio
1634 484 1675 508 ea
1686 474 1866 522 pingendi

267 535 362 571 ratio
376 559 383 571 ‚
408 544 480 581 qua
492 541 609 581 partes
626 533 663 567 in
676 541 770 580 opus
782 529 929 579 pieturae
948 538 1248 578 componuntur.
1279 526 1450 578 Amplissi
1457 540 1561 565 mum
1581 528 1732 578 pistoris
1752 540 1864 580 opus,

269 601 347 626 non
369 583 543 625 Colossus
558 616 567 630 ‚
590 585 649 622 sed
673 586 834 622 Historia
852 584 912 622 est.
936 585 1062 631 Maior
1084 586 1185 621 enim
1205 584 1255 621 est
1273 585 1411 632 ingenii
1431 584 1506 621 laus
1517 586 1554 620 in
1566 583 1713 621 historia
1723 616 1733 632 ,
1748 597 1866 633 quam

268 646 306 681 in
327 643 499 682 Colosso.
532 641 701 680 Historiae
722 650 841 692 partes
861 652 1023 691 corpora
1034 669 1044 685 ,
1065 640 1236 691 corporis
1258 651 1340 691 pars
1362 639 1578 677 membrum
1599 640 1663 677 est.
1698 640 1867 677 Membri

267 712 348 752 pars
359 699 410 737 est
420 698 645 750 superficies.
670 698 801 734 Prima:
812 698 923 746 igitur
933 697 1057 746 operis
1066 706 1199 747 partes,
1213 694 1419 747 superficies
1432 710 1439 733 :
1450 707 1530 745 quae
1541 708 1583 732 ex
1595 694 1661 735 his,
1680 697 1866 734 membra:

267 768 309 793 ex
322 755 498 793 membris
510 765 671 806 corpora
683 783 692 798 ,
713 765 756 790 ex
767 754 837 790 illis
860 752 1008 789 historia
1021 781 1030 797 ,
1049 765 1093 789 ex
1106 763 1178 801 qua
1191 751 1469 789 ultimumillud
1489 751 1641 801 quidem
1664 753 1701 790 ὃ(
1719 751 1867 789 absolu-

266 822 347 850 tum
360 812 509 862 pidioris
523 822 619 862 opus
631 808 828 860 perficitur.
861 810 915 846 Ex
926 806 1199 859 superficierum
1211 806 1490 857 compositione
1500 808 1560 844 illa
1572 808 1719 857 elegans
1733 809 1770 844 in
1783 819 1868 844 cor-

265 868 421 917 poribus
432 867 665 905 concinnitas
679 895 689 911 ,
709 867 746 903 ὅ(
759 865 871 914 gratia
884 863 997 901 exstat
1008 893 1019 909 ,
1038 876 1155 913 quam
1170 863 1491 913 pulchritudinem
1511 863 1650 901 dicunt.
1683 863 1790 900 Nam
1805 862 1867 900 hic

265 924 404 967 vultus,
416 925 479 972 qui
491 921 699 973 superficies
714 922 800 957 alias
812 919 983 969 grandes,
995 920 1081 956 alias
1094 921 1266 956 minimas
1277 919 1366 955 illuc
1377 919 1651 968 prominentes,
1663 918 1754 956 istuc
1767 920 1867 957 intus

265 981 428 1017 nimium
440 977 589 1016 retrusas
601 1007 609 1021 ,
622 977 658 1013 δε
670 975 879 1013 reconditas
891 974 1058 1011 habuerit
1068 1000 1077 1016 ‚
1100 974 1226 1023 quales
1240 976 1279 1010 in
1289 976 1499 1012 vetularum
1508 976 1671 1012 vultibus
1683 974 1866 1013 videmus:

266 1037 332 1072 erit
342 1035 496 1084 quidem
506 1036 534 1070 is
552 1033 593 1070 as
587 1032 696 1082 ρεξὶιι
720 1031 846 1081 turpis.
878 1031 918 1067 ln
929 1041 1002 1079 qua
1013 1041 1106 1067 vero
1118 1029 1214 1066 facie
1224 1031 1274 1066 ita
1287 1029 1418 1066 vinstae
1429 1029 1584 1071 aderunt
1592 1029 1814 1081 superficies,
1825 1040 1868 1069 ut

269 1103 407 1128 amaena
420 1090 561 1126 lumina
579 1089 616 1124 in
630 1087 778 1124 umbras
798 1086 922 1123 suaves
942 1085 1126 1124 defluant,
1149 1086 1331 1133 nullaeque
1343 1086 1568 1134 angulorum
1587 1086 1795 1137 asperitates
1805 1098 1869 1123 εχ-

267 1156 362 1190 tent,
376 1145 473 1182 hanc
486 1145 620 1181 merito
630 1140 838 1180 formosam
860 1141 897 1178 ὃς
915 1141 1106 1179 venustam
1119 1140 1254 1178 faciem
1267 1141 1448 1179 dicemus.
1479 1143 1578 1190 Ergo
1590 1143 1628 1178 iu
1641 1142 1709 1180 hac
1722 1141 1869 1193 superfi-

269 1204 412 1239 cierum
424 1199 720 1250 compositione,
732 1199 900 1236 maxime
911 1199 1025 1247 gratia
1036 1199 1074 1235 ὅ(
1087 1196 1326 1248 pulchritudo
1336 1198 1579 1246 perquirenda
1590 1196 1649 1234 est.
1725 1209 1867 1235 nonam

269 1269 359 1295 vero
372 1256 483 1307 pasto
493 1257 530 1293 id
543 1255 786 1304 assequamur,
798 1254 904 1291 nulla
917 1252 1127 1291 admodum
1139 1252 1233 1290 mihi
1245 1251 1315 1290 visa
1326 1251 1376 1289 est
1387 1255 1444 1290 via
1457 1254 1594 1290 certior
1604 1282 1615 1298 ,
1628 1265 1742 1302 quam
1758 1264 1797 1291 ut
1807 1265 1868 1291 na-

266 1323 387 1350 turam
397 1312 511 1363 ipsam
524 1309 890 1359 intueamur,diuque
901 1321 944 1347 ac
957 1307 1232 1359 diligentissime
1245 1307 1796 1360 spectemus,quemadmodum
1805 1321 1870 1347 na-

267 1379 349 1406 tura
370 1370 464 1405 mira
475 1379 599 1405 rerum
612 1366 742 1404 artifex
754 1391 762 1405 ‚
785 1367 822 1403 in
834 1364 1093 1416 pulcherrimis
1111 1363 1290 1402 membris
1309 1362 1517 1415 superficies
1529 1363 1794 1416 composuerit.
1825 1366 1870 1402 In

268 1436 342 1474 qua
354 1424 546 1469 imitanda,
558 1424 669 1461 omni
680 1422 912 1471 cogitatione
924 1423 962 1459 ὅ(
976 1433 1062 1459 cura
1072 1419 1216 1465 versari,
1227 1421 1403 1470 veloque,
1414 1430 1455 1457 ut
1467 1421 1627 1457 diximus
1639 1446 1647 1460 ‚
1669 1419 1871 1459 vehemen-

270 1491 325 1518 ter
335 1479 508 1517 detestari
520 1488 688 1531 oportet.
718 1478 901 1527 Dumque
912 1476 1094 1528 superatas
1108 1476 1128 1513 a
1140 1475 1398 1527 pulcherrimis
1411 1477 1633 1529 corporibus
1645 1474 1870 1528 superficies,

271 1538 310 1573 in
322 1547 418 1586 opus
430 1536 577 1572 relaturi
589 1534 723 1573 sumus,
737 1532 879 1584 semper
890 1534 1074 1571 terminos
1087 1534 1185 1583 prius
1198 1531 1518 1582 destinemus,quo
1529 1533 1645 1569 lineas
1659 1542 1765 1570 certo
1775 1533 1869 1570 loco

271 1591 485 1642 dirigamus
520 1590 710 1628 Hastenus
729 1590 774 1627 de
794 1588 1067 1639 superficierum
1080 1587 1371 1640 compositione.
1404 1590 1577 1639 Sequitur
1595 1597 1634 1626 ut
1645 1588 1691 1625 de
1703 1600 1868 1639 compo-

271 1647 404 1685 sitione
415 1647 674 1684 membrorum
687 1645 902 1682 referamus.
933 1646 974 1683 In
987 1645 1249 1684 membrorum
1261 1643 1545 1696 compositione
1564 1644 1682 1682 danda
1693 1646 1729 1681 in
1742 1645 1869 1696 primis

272 1715 384 1754 opera
397 1703 464 1742 est,
487 1714 528 1741 ut
540 1703 802 1752 quaequeintei·
821 1700 855 1738 se
865 1701 1036 1739 membra
1054 1703 1292 1740 conveniant.
1321 1701 1374 1739 Ea
1386 1701 1539 1750 quidem
1559 1711 1652 1738 tunc
1665 1701 1868 1738 convenire

269 1759 423 1810 pulchre
435 1759 612 1797 dicuntur
623 1785 631 1798 ,
657 1770 747 1795 curn
760 1760 798 1796 ὃς
811 1758 1065 1807 magnitudine
1078 1760 1115 1795 ὅ(
1128 1756 1258 1795 officio
1270 1759 1308 1795 ὃς
1322 1756 1440 1808 specie
1451 1759 1489 1795 ὃς
1502 1756 1695 1794 coloribus
1708 1756 1744 1793 &
1757 1765 1866 1793 caete-

269 1817 317 1852 ris
330 1845 339 1860 ‚
357 1815 382 1852 si
392 1828 472 1865 quae
484 1815 564 1852 sunt
576 1814 789 1858 huiusmodi
801 1839 809 1852 ‚
833 1814 941 1851 rebus
951 1840 959 1853 ‚
981 1813 1027 1851 ad
1037 1813 1262 1852 venustatem
1272 1816 1309 1851 ὃ(
1321 1813 1640 1864 pulchritudinem
1652 1810 1866 1862 correspon-

271 1870 392 1908 deaut.
425 1872 544 1925 Qod
555 1870 629 1909 siin
640 1869 864 1908 simulachro
875 1871 1002 1919 aliquo
1015 1880 1129 1921 caput
1139 1867 1410 1920 amplissimum
1422 1896 1430 1909 ,
1454 1869 1578 1920 peetus
1588 1867 1772 1919 pusillum,
1788 1877 1867 1903 ma-

271 1938 341 1963 nus
353 1926 552 1977 perampla¹
566 1938 630 1975 pes
640 1937 799 1965 tumens,
814 1937 950 1976 corpus
962 1927 1156 1975 turgidum
1170 1925 1259 1964 adsit
1270 1955 1281 1970 ,
1304 1936 1347 1962 ea
1356 1925 1438 1962 sane
1450 1921 1681 1973 compositio
1693 1923 1759 1959 erit
1770 1921 1868 1972 aspe-

273 1982 336 2019 &u
349 1980 539 2018 deformis.
572 1981 673 2029 Ergo
685 1981 856 2028 quaedam
867 1982 965 2017 circa
977 1981 1274 2030 magnitudinem
1285 1982 1379 2017 ratio
1391 1979 1549 2017 tenenda
1561 1977 1621 2015 est.
1652 1979 1695 2015 In
1706 1989 1779 2027 qua
1789 1979 1868 2027 qui-

271 2036 360 2074 dem
372 2035 742 2073 commensuratione
761 2037 860 2081 juvat
880 2036 917 2071 in
938 2036 1188 2073 animantibus
1208 2035 1404 2085 pingendis
1417 2060 1425 2074 ‚
1446 2035 1610 2084 primum
1620 2033 1694 2071 oss'a
1712 2035 1867 2083 ingenio

271 2091 535 2130 siibtercolare.
569 2092 668 2128 Nam
678 2090 757 2128 haec
769 2090 875 2140 quod.
887 2091 1039 2128 minime
1050 2090 1304 2128 inflestantur‚
1327 2088 1468 2139 semper
1480 2101 1619 2126 certam
1639 2090 1804 2139 aliquam
1815 2088 1869 2126 se-

272 2148 360 2186 dem
372 2156 570 2197 occupant.
583 2147 690 2184 Tum
700 2156 852 2196 oportet
862 2157 996 2183 nervos
1010 2149 1046 2184 εἳ
1059 2144 1251 2183 musculos
1261 2144 1331 2182 suis
1342 2147 1438 2182 locis
1449 2145 1635 2182 inhaerere.
1650 2146 1789 2194 Deniq3
1808 2157 1868 2182 ex-

274 2214 444 2242 tremum
456 2214 563 2240 carne
577 2204 613 2240 ὃ(
624 2213 707 2240 cute
719 2200 794 2239 ossa
805 2203 843 2239 ὅ(
856 2200 1044 2239 musculos
1055 2201 1206 2240 vestitos
1220 2199 1382 2238 reddere.
1406 2200 1477 2237 Sed
1490 2200 1568 2238 hoc
1590 2202 1627 2238 in
1639 2202 1732 2238 loco
1743 2199 1867 2238 fortas-

272 2259 317 2297 sis
330 2260 482 2298 aderunt
493 2259 646 2307 quidam
656 2257 890 2305 objicientes,
903 2257 1007 2308 qugd
1017 2257 1120 2308 supra
1130 2256 1287 2293 dixerim
1297 2282 1305 2296 ‚
1318 2256 1410 2293 nihil
1422 2257 1467 2294 ad
1478 2256 1661 2306 pistorem
1670 2269 1796 2294 earum
1814 2268 1869 2292 re-

272 2328 360 2354 rum
372 2314 628 2366 spestare,quoe
641 2326 721 2352 non
733 2313 1069 2352 videanturRefite
1081 2314 1133 2350 illi
1145 2311 1379 2361 qiiideni‚sed
1392 2313 1508 2350 veluti
1518 2314 1556 2349 in
1568 2312 1759 2350 vestiendo
1769 2313 1868 2363 prius

271 2371 417 2410 nudum
430 2369 629 2419 subsignare
642 2380 795 2421 oportet
807 2396 815 2409 ,
834 2382 951 2419 quem
961 2369 1087 2420 postea
1098 2367 1257 2407 vestibus
1270 2367 1527 2406 obambiendo
1537 2369 1772 2406 involvamus
1784 2397 1795 2413 ,
1815 2367 1866 2405 sic

271 2429 310 2465 in
331 2426 434 2464 nudo
454 2425 645 2476 pingendo
656 2455 666 2471 ,
687 2427 785 2478 prius
804 2425 879 2462 offa
892 2425 928 2462 δε
941 2425 1095 2463 musculi
1106 2423 1326 2475 disponendi
1338 2423 1417 2462 sunt
1426 2436 1523 2474 quos
1535 2424 1735 2462 moderatis
1750 2424 1868 2461 carni-

273 2484 341 2520 bus
352 2485 388 2520 &
399 2492 484 2520 cute
493 2483 543 2518 ita
553 2483 757 2532 operias,ut
766 2494 843 2531 quo
854 2481 921 2518 sint
930 2482 1021 2518 loco
1033 2480 1188 2518 musculi
1198 2492 1276 2517 non
1287 2479 1438 2517 difficile
1449 2481 1683 2528 intelligatur.
1698 2480 1753 2517 At
1764 2481 1866 2518 enim

275 2551 363 2577 cum
376 2538 440 2575 has
464 2548 599 2574 omnes
619 2536 800 2575 mensuras
812 2548 940 2575 natura
950 2536 1021 2588 ipsa
1032 2538 1229 2588 explicatas
1240 2562 1246 2575 .
1269 2537 1307 2573 in
1327 2537 1496 2573 medium
1516 2535 1706 2576 exhibeat,
1723 2546 1804 2573 tum
1824 2535 1865 2570 in

272 2594 423 2639 eisdem,
433 2595 477 2631 ab
489 2593 560 2643 ipsa
569 2603 707 2637 natura,
718 2595 872 2643 proprio
890 2594 1020 2631 labore
1039 2591 1574 2641 recognoscendis,utilitatem
1586 2604 1663 2630 non
1674 2591 1864 2629 modicam

272 2651 436 2688 inveniet
449 2649 624 2686 studiosus
635 2649 764 2699 pistor.
796 2648 940 2686 Idcirco
954 2649 1122 2686 laborem
1134 2649 1235 2686 hunc
1248 2647 1396 2686 studiosi
1407 2646 1614 2698 suscipiant,
1629 2658 1669 2685 ut
1681 2655 1863 2696 quantum

274 2707 311 2742 iu
323 2706 530 2754 symmetria
542 2705 802 2743 membrorum
813 2702 1116 2754 recognoscenda
1128 2704 1280 2742 studii&
1291 2715 1412 2753 operae
1423 2703 1614 2753 posuerint
1625 2733 1634 2748 ,
1645 2712 1785 2754 tangilm
1797 2699 1862 2738 sibi

275 2761 320 2798 ad
330 2773 387 2798 eas
408 2773 462 2798 res
474 2772 564 2810 quas
575 2761 771 2798 didicerint·
789 2762 973 2799 memoria
984 2759 1182 2798 firmandas
1194 2785 1202 2799 ‚
1226 2759 1398 2811 profuiss'e
1418 2761 1636 2809 intelligant.
1667 2754 1797 2795 Vn'um
1809 2766 1862 2793 ta-

273 2828 359 2854 men
371 2816 575 2856 admoneo,
590 2827 631 2854 ut
642 2818 679 2853 in
692 2816 1031 2854 commensurando
1041 2818 1228 2854 animante
1247 2815 1398 2865 aliquod
1419 2816 1515 2852 illius
1533 2814 1642 2864 ipsius
1663 2813 1862 2849 animantis

273 2871 485 2909 membrum
502 2872 708 2912 sumamus,
734 2885 812 2922 quo
831 2882 959 2911 caetera
976 2874 1187 2910 metiamur.
1220 2872 1412 2909 Vitruvius
1433 2869 1652 2907 architectus
1665 2895 1675 2912 ,
1694 2866 1863 2905 hominis

272 2927 550 2978 longitudinem
560 2929 715 2979 pedibus
729 2929 950 2969 dinumerat.
984 2929 1057 2980 Ipse
1068 2939 1158 2967 vcro
1167 2928 1315 2978 dignius
1324 2927 1481 2964 arbitror
1491 2953 1502 2969 ,
1514 2923 1539 2960 si
1551 2933 1679 2961 caetera
1691 2923 1735 2959 ad
1747 2935 1863 2972 quan-

1717 2988 1861 3019 titatem
