2023 3162
484 74 1083 124 nnARcuira'chnA
1140 83 1259 126 LIB.
1290 85 1362 127 IX.
1680 102 1752 139 185

150 149 270 190 cursus
290 147 488 200 perficiunt
509 149 554 188 ad
567 152 645 189 caeli
663 150 948 189 rotunditatem.
972 153 1028 199 [i]
1051 154 1194 192 Omnia
1214 164 1340 193 autem
1362 155 1497 195 visitata
1518 158 1555 197 &
1576 158 1756 202 invisitata

148 218 369 258 temporum
388 205 654 244 necessitudine
673 207 753 244 sunt
771 207 989 246 constituta,
1022 220 1066 246 ex
1087 210 1224 259 quibus
1240 211 1299 249 sex
1320 211 1421 262 signa
1442 225 1625 253 numero,
1647 218 1752 266 supra

147 275 285 301 terram
297 275 387 300 cum
399 263 490 300 caelo
502 272 766 312 pervagantur:
789 273 918 300 caetera
936 261 999 301 sub
1008 274 1142 302 terram
1152 266 1361 308 subeuntia,
1387 268 1433 305 ab
1444 271 1521 315 ejus
1541 270 1672 309 umbra
1682 273 1752 308 ob-

147 318 345 357 scurantur.
376 318 447 356 Sex
458 328 583 356 autem
604 331 648 355 ex
660 317 715 355 his
735 318 877 369 semper
894 318 997 368 supra
1016 329 1152 359 terram
1169 324 1346 360 nituntur.
1379 326 1528 378 Qnta
1547 337 1628 377 pars
1646 329 1750 367 enim

146 374 337 413 novissimi
348 373 438 425 signi
448 372 680 424 depressione
692 375 822 412 coacta
831 373 1055 413 versationes
1065 376 1210 415 subiens
1223 378 1285 416 sub
1296 389 1431 418 tertam
1442 384 1759 427 occultatuntanz

145 432 318 469 tumdem
337 431 416 476 ejus
438 431 631 468 contratiae
650 429 861 468 versationis
880 430 1095 470 necessitate
1106 433 1285 485 suppressa
1298 465 1308 480 ,
1322 438 1512 475 rotatione
1524 439 1749 478 circumacta

145 496 248 524 trans
262 486 281 524 ὲ
294 487 388 524 locis
400 497 477 523 non
488 485 696 535 patentibus
715 488 752 523 ὃ(
772 486 937 523 obscuris
948 489 1136 536 egreditur
1148 490 1192 526 ad
1203 491 1340 530 lucem.
1371 494 1549 544 Namque
1561 496 1612 531 vis
1624 508 1698 534 una
1710 498 1748 534 ὃς

146 541 342 581 necessitas
360 553 559 590 utrumque
578 541 688 579 simui
704 544 905 582 ,Orientem
925 544 962 580 &
980 544 1235 583 Occidentem
1247 547 1401 598 pei-ficit.
1432 552 1486 587 Ea
1502 561 1628 589 autem
1648 551 1748 600 signa

146 611 236 636 cum
247 597 314 636 sint
325 609 485 635 numero
498 608 543 633 X1
558 609 586 633 1.
601 598 790 648 partesque
802 597 1050 636 duodecimas
1063 600 1202 650 singula
1213 602 1424 654 possideant
1435 606 1564 644 mundi
1577 636 1586 652 ,
1605 607 1748 646 versen·

145 666 281 705 turque
291 655 336 692 ab
350 655 505 691 Oriente
516 652 561 690 ad
573 653 827 691 Occidentem
839 655 1090 695 continenter,
1099 666 1188 694 tunc
1199 670 1263 708 per
1273 671 1314 697 ea
1326 660 1425 710 signa
1438 665 1628 700 contrario
1640 663 1748 705 cursu,

147 710 229 757 [k]
246 711 374 755 Luna,
394 707 492 746 stella
513 709 712 754 Mercurii,
727 711 903 753 Veneris,
928 709 1003 760 ipse
1021 713 1110 755 Sol,
1137 714 1303 763 itemque
1320 717 1473 762 Martis,
1497 720 1535 756 ὅ(
1557 720 1655 758 Iovis
1668 750 1678 765 ,
1708 720 1749 758 &

145 767 317 805 Saturni:
349 774 389 803 ut
416 777 481 815 per
507 764 692 814 graduum
711 765 964 804 ascensionem
992 778 1249 818 percurrentes
1269 797 1277 810 ‚
1308 772 1400 809 alius
1428 775 1496 810 alia
1518 776 1747 813 circuitionis

150 822 404 874 magnitudine
421 821 465 859 ab
486 819 557 866 [l]
588 820 799 860 Occidente
832 821 880 858 ad
899 821 1096 863 Orientem
1121 826 1160 862 in
1190 825 1336 864 mundo
1354 839 1610 879 pervagantur.
1642 832 1750 871 Luna

1109 880 1147 918 A
1161 893 1182 919 a
1590 888 1666 934 [m]
1686 887 1747 927 dic

143 996 165 1031 i]
205 995 288 1023 Idem.
311 993 341 1022 Id
351 993 395 1025 est,
408 1002 465 1030 quae
477 993 601 1021 videntur
614 997 637 1022 8<
650 1004 704 1021 non
716 994 847 1023 videntur.
869 993 993 1033 Apuleius
1006 993 1050 1022 lib.
1060 1004 1097 1022 iv.
1107 993 1139 1021 de
1151 992 1222 1021 Asin.
1235 992 1300 1022 dicit
1311 995 1421 1023 nodiem
1433 995 1563 1024 vilitatam
1573 1006 1622 1034 pro
1634 996 1746 1037 conspe-

187 1037 238 1065 cta.
262 1036 360 1063 Cicero
370 1036 492 1062 auteinin
511 1043 578 1062 orat.
587 1035 619 1063 de
630 1034 713 1073 arusp.
722 1034 787 1074 resp.
806 1035 886 1063 invisa
897 1045 945 1073 pro
957 1044 1011 1062 non
1023 1034 1074 1062 visa
1090 1034 1234 1073 usurpavit.
1252 1038 1276 1063 δι
1287 1034 1353 1063 Caes.
1363 1036 1395 1063 de
1407 1036 1468 1064 bell.
1477 1037 1548 1065 civil.
1559 1037 1605 1065 lib.
1618 1048 1642 1066 ι.
1666 1042 1747 1065 Com-

187 1079 268 1105 muni,
277 1076 312 1103 ait
323 1096 328 1108 ,
342 1075 377 1112 fit
389 1077 451 1102 vitio
460 1083 566 1106 natura,
577 1083 607 1103 ut
621 1076 710 1112 invisis
719 1076 895 1110 latitantibm‚
909 1083 955 1102 ant
964 1077 1094 1114 incognitis
1101 1075 1175 1104 rebus
1185 1077 1268 1113 magis
1280 1076 1444 1114 confidamus,
1457 1078 1683 1118 vehementiusqtce
1694 1089 1740 1108 ex-

189 1125 340 1145 terreamur.

126 1174 129 1177 >
144 1162 173 1196 k]
204 1159 287 1187 ldern.
310 1156 352 1185 Ab
363 1155 401 1184 his
411 1156 508 1196 septem
519 1158 596 1187 stellis
605 1180 611 1191 ,
625 1169 688 1198 quas
698 1157 833 1190 πῂαωίπις
844 1158 949 1192 Graeci,
964 1158 1082 1188 multiex
1093 1159 1186 1188 nostris
1197 1159 1322 1189 erraticas
1332 1180 1340 1191 ‚
1361 1159 1486 1201 Nigidius
1496 1160 1564 1199 apud
1574 1160 1691 1190 Gellium
1701 1171 1746 1190 er-

186 1209 263 1228 rones
275 1207 354 1227 vocat
368 1219 373 1229 .
392 1197 450 1226 sunt
460 1198 582 1238 appellati
592 1200 624 1227 ab
637 1201 771 1240 AEgyptiis
782 1201 901 1239 primum
910 1199 1081 1228 hebdomadis
1091 1201 1144 1228 dies
1154 1222 1160 1233 ,
1171 1202 1286 1232 Saturni,
1296 1202 1373 1233 Solis,
1384 1205 1475 1234 Lunx,
1488 1202 1593 1235 Martis,
1604 1203 1744 1238 Mercurii,

187 1241 267 1273 Iovis,
279 1243 303 1268 ὃς
315 1239 424 1266 Veneris
436 1248 518 1277 :quos
530 1240 610 1269 hodie
622 1243 718 1279 partim
738 1241 892 1273 Sabbatum,
906 1242 984 1269 Diem
994 1241 1180 1273 Dominicum,
1192 1244 1283 1274 Lunae,
1298 1243 1403 1275 Martis,
1413 1244 1542 1271 Mercurii
1551 1265 1557 1275 ,
1569 1243 1640 1271 Iovis
1652 1248 1677 1271 &c
1689 1246 1744 1272 Ve-

185 1282 272 1309 neris:
294 1281 391 1319 partim
400 1279 544 1309 Sabbatum
555 1302 561 1313 ‚
582 1284 664 1310 Diem
677 1283 854 1311 Dominicum
865 1303 871 1312 ,
893 1278 984 1310 feriam
993 1281 1134 1310 secundam
1145 1303 1151 1315 ,
1168 1283 1287 1315 tertiam,
1298 1291 1432 1322 quartam,
1447 1284 1568 1323 quintam
1581 1304 1587 1316 ‚
1608 1287 1633 1312 &
1645 1283 1746 1313 sextam

185 1323 309 1352 dicimus,
322 1321 400 1359 idque
410 1322 516 1349 auctore
529 1324 630 1360 imper.
649 1324 847 1356 Constantino,
867 1323 885 1351 si
897 1333 955 1350 vera
966 1323 1045 1350 tradit
1057 1322 1226 1362 Nicephorus
1238 1324 1264 1351 in
1276 1324 1330 1359 ejus
1341 1326 1467 1352 encomio
1481 1346 1487 1357 ,
1511 1325 1659 1363 (Sylvestro
1669 1326 1744 1353 enim

186 1361 314 1391 Pontifici
326 1363 453 1390 Romano
461 1362 556 1403 tribuit
567 1364 647 1392 Bedas
659 1365 744 1403 capite
755 1364 920 1392 oetavolibri
930 1364 962 1391 de
972 1373 1064 1392 natura
1074 1367 1178 1398 rerum)
1190 1364 1296 1392 Sabbati
1306 1365 1513 1404 appellationem
1525 1366 1745 1404 retinentes,qui2

186 1406 259 1433 Deus
272 1403 361 1430 omnia
371 1411 432 1430 cum
444 1401 553 1432 creasset
563 1425 569 1437 ,
590 1414 622 1432 eo
633 1405 674 1433 die
687 1426 693 1437 ‚
705 1406 730 1433 id
739 1406 775 1433 est
786 1404 900 1443 septimo
910 1405 1011 1443 quievit
1022 1426 1028 1437 ,
1047 1408 1071 1433 &
1080 1404 1095 1433 a
1108 1405 1257 1433 Dominico
1267 1405 1433 1434 hebdomada
1442 1406 1598 1434 inchoantes
1610 1427 1617 1439 ,
1637 1407 1698 1444 quia
1711 1406 1743 1434 fit

187 1455 220 1473 eo
231 1445 273 1473 die
293 1445 316 1471 C
328 1452 348 1470 Η
361 1452 380 1472 R
393 1453 402 1470 ι
413 1454 424 1470 s
436 1454 453 1471 τ
463 1453 479 1471 ν
490 1454 501 1471 s
521 1446 645 1473 Servator
655 1449 679 1474 ἆ·
691 1446 859 1484 Redemptor
871 1446 955 1473 noster
965 1445 979 1473 ἃ
992 1447 1106 1474 mortuis
1116 1445 1130 1474 :i
1142 1455 1214 1485 patre
1224 1445 1370 1475 suscitatus.
1391 1447 1540 1476 philastrius
1550 1448 1659 1485 quidem
1670 1455 1744 1475 certe

186 1485 331 1524 Episcopus
343 1484 481 1512 Brixienlis
492 1485 518 1512 in
530 1485 598 1513 libro
617 1487 649 1514 de
661 1486 802 1514 haerefibus
813 1487 892 1515 tradit
914 1489 1002 1515 Deum
1013 1487 1124 1514 nomina
1143 1487 1248 1515 dierum
1257 1487 1290 1515 ab
1301 1489 1406 1528 origine
1426 1488 1518 1517 mundi
1537 1483 1675 1527 appellasse
1687 1487 1744 1525 pri-

184 1537 271 1558 muni,
282 1525 436 1555 secundum,
447 1527 566 1557 tertium.
578 1536 711 1565 quartum,
723 1530 862 1566 quintum,
880 1526 983 1555 senum
994 1549 1001 1560 ,
1025 1527 1176 1566 septimum.
1200 1528 1310 1556 Ordinis
1318 1529 1488 1557 autemillius
1499 1528 1585 1558 causas
1596 1528 1663 1566 apud
1672 1529 1744 1556 Dio-

184 1577 245 1596 nem
265 1567 334 1595 libro
353 1566 488 1594 triceiimo
507 1566 622 1606 septimo
631 1590 637 1600 ,
657 1569 701 1607 qui
713 1571 814 1607 primus
832 1570 867 1596 est
884 1578 978 1597 eorum
990 1589 996 1601 ,
1014 1570 1059 1607 qui
1077 1568 1109 1596 ad
1126 1567 1193 1595 hanc
1210 1568 1281 1597 diem
1302 1569 1457 1607 prodierunt
1468 1590 1475 1602 ,
1494 1571 1660 1597 &Ioannem
1671 1569 1743 1597 Oxi-

189 1608 322 1648 philinum
334 1607 360 1633 in
371 1607 427 1643 ejus
437 1609 565 1646 epitome,
579 1609 693 1649 legimus
711 1610 791 1642 duas,
803 1620 875 1648 quas,
889 1619 918 1637 ut
937 1611 1101 1648 poterimus,
1126 1609 1254 1647 quoniam
1271 1618 1366 1637 neuter
1384 1619 1480 1638 eorum
1500 1609 1584 1637 adhuc
1603 1610 1630 1637 in
1647 1618 1742 1637 manus

186 1651 310 1678 oninium
320 1649 403 1681 venit,
415 1659 461 1677 nec
473 1649 550 1681 alius,
565 1660 645 1688 quem
654 1650 766 1689 legerim
778 1671 783 1679 ,
794 1651 951 1688 prodiderit,
967 1660 1021 1678 non
1033 1659 1088 1677 tam
1101 1658 1245 1681 vertemuS,
1256 1659 1335 1688 quam
1346 1650 1548 1688 explicabimus,
1560 1659 1645 1688 eoque
1654 1649 1745 1678 liben-

184 1691 237 1719 tius
249 1712 255 1721 .
273 1690 345 1729 quod
358 1691 468 1718 memini
479 1700 508 1717 ea
519 1690 550 1718 de
560 1701 586 1718 re
597 1692 737 1729 quaelituni
746 1687 798 1718 effe
807 1691 839 1718 ab
850 1692 971 1718 Antonio
984 1690 1093 1730 Angelo
1105 1690 1240 1717 Ambiano
1249 1710 1256 1720 ,
1276 1691 1366 1718 amico
1376 1695 1399 1718 St
1412 1690 1479 1719 bene
1489 1690 1571 1719 dosto
1583 1700 1642 1719 viro
1653 1710 1660 1721 ‚
1676 1699 1741 1719 cum

182 1731 235 1770 ipse
248 1730 492 1769 Constantinopoli,
506 1741 558 1770 ego
570 1733 695 1760 Romaiu
706 1732 818 1759 Galliam
831 1732 934 1764 reverti,
948 1734 1061 1759 Lutetia:
1073 1730 1142 1769 apud
1153 1733 1281 1758 Ioannem
1295 1731 1425 1759 Perellum
1436 1732 1522 1759 civem
1535 1740 1639 1764 meum,
1660 1739 1743 1759 meae-

185 1782 237 1810 que
247 1771 313 1799 olim
322 1773 440 1811 pueritia:
449 1772 632 1800 institutorem
649 1782 727 1810 atque
739 1772 937 1799 moderatorem
947 1793 953 1803 ,
965 1782 1034 1799 nunc
1047 1782 1110 1799 vero
1126 1772 1218 1810 primae
1230 1770 1392 1800 celebritatis
1405 1772 1550 1803 medicum,
1561 1780 1743 1800 coenaremus.

184 1812 366 1840 Occasionem
376 1821 466 1841 autem
476 1813 602 1840 attulerat
612 1813 678 1840 liber
690 1813 829 1841 Theodori
843 1816 923 1841 Gaza:
934 1811 988 1842 mse?
998 1811 1082 1848 pclwcii'i
1095 1833 1101 1845 ,
1112 1811 1127 1840 a
1141 1812 1243 1840 Perelio
1253 1820 1313 1839 ante
1321 1822 1404 1840 annos
1417 1813 1512 1852 viginti
1524 1811 1624 1840 summa
1637 1810 1688 1839 fide
1697 1833 1704 1843 ,
1715 1815 1743 1840 &-

183 1854 239 1893 pari
255 1852 389 1892 elegantia
400 1852 496 1880 versus.
522 1854 608 1881 Prima
618 1854 702 1893 igitur
716 1855 785 1881 ratio
799 1853 855 1881 haec
867 1855 919 1881 est:
940 1862 1003 1881 cum
1016 1854 1195 1881 existimarent
1207 1853 1328 1892 AEgyptii
1339 1872 1345 1885 ‚
1357 1853 1521 1891 planetarum
1535 1861 1595 1880 eum
1607 1849 1657 1880 esse
1669 1852 1744 1881 ordi-

185 1904 257 1926 nem,
270 1903 297 1922 ut
308 1893 381 1921 orbis
391 1893 509 1921 suminus
519 1895 622 1921 Saturni
632 1896 765 1922 diceretur
774 1915 780 1925 ,
796 1894 933 1932 proximus
946 1894 1017 1921 Iovis
1026 1915 1032 1926 ,
1046 1894 1139 1922 tertius
1152 1894 1247 1921 Martis
1258 1914 1266 1925 ,
1279 1902 1387 1932 quartus
1399 1893 1466 1921 Solis
1479 1914 1485 1925 ,
1494 1893 1602 1932 quintus
1612 1893 1723 1922 Veneris
1733 1914 1740 1925 ‚

181 1934 267 1963 sextus
279 1935 408 1963 Mercurii
420 1955 425 1966 ,
437 1933 562 1972 septimus
573 1936 670 1965 Lunae;
689 1932 847 1962 diatessaron
859 1934 1004 1962 harmonia:
1023 1935 1155 1962 rationem
1175 1933 1300 1961 habentes
1309 1954 1316 1966 ,
1336 1934 1409 1972 quod
1419 1935 1444 1962 in
1457 1944 1486 1962 ea
1498 1934 1535 1962 vis
1546 1934 1634 1961 omnis
1645 1933 1744 1962 musica

185 1976 379 2008 contineretur,
392 1974 498 2003 orbium
510 1974 680 2003 tetrachorda
692 1976 792 2013 septem
803 1976 953 2002 commenti
963 1974 1021 2002 sunt
1032 1995 1038 2007 ,
1061 1983 1177 2012 quorum
1187 1974 1299 2013 lingulas
1310 1975 1405 2013 primas
1417 1974 1500 2003 stellas
1513 1974 1620 2014 fingulis
1640 1974 1745 2004 hebdo-

185 2017 269 2043 madis
281 2016 373 2044 diebus
383 2013 552 2056 assignarent.
565 2016 684 2044 Primum
695 2015 897 2044 tetrachordum
907 2014 922 2043 a
933 2017 1046 2043 Saturno
1055 2015 1086 2042 ad
1094 2015 1183 2042 Solem
1195 2015 1542 2052 concipiebant,secundum
1552 2026 1567 2043 a
1578 2016 1638 2044 Sole
1646 2015 1678 2043 ad
1690 2017 1745 2043 Lu-

185 2066 256 2088 nam,
268 2058 379 2084 tertium
390 2055 404 2084 a
417 2059 491 2085 Luna
502 2057 533 2084 ad
546 2058 674 2089 Martem,
683 2065 808 2095 quartum
820 2055 834 2084 ὰ
848 2057 936 2084 Marte
946 2055 978 2084 ad
989 2056 1165 2087 Mercurium,
1177 2056 1302 2094 quintum
1313 2056 1470 2084 iMercun'o
1480 2056 1511 2084 ad
1522 2058 1625 2089 Iovem,
1636 2055 1740 2084 sextum

188 2094 204 2124 ὲ
216 2099 280 2124 love
289 2097 320 2124 ad
334 2099 474 2125 Venerem.
494 2097 558 2126 Inde
569 2095 686 2128 fastum,
707 2106 734 2125 ut
747 2098 846 2136 primus
857 2098 912 2125 dies
923 2096 952 2124 sit
969 2096 1114 2135 appellatus
1131 2097 1254 2130 Saturni,
1265 2097 1325 2134 quia
1341 2098 1421 2135 primi
1437 2096 1600 2125 tetrachordi
1618 2096 1741 2134 princeps

185 2145 243 2165 erat
263 2139 388 2165 Saturnus
410 2158 417 2170 ,
448 2141 473 2165 δι
491 2139 546 2176 pari
565 2140 669 2166 rarione
685 2137 813 2166 secundus
831 2138 898 2165 Solis
915 2158 921 2168 ,
946 2140 1041 2165 tertius
1062 2139 1145 2166 Luna:
1163 2158 1169 2169 ,
1194 2146 1303 2175 quartus
1324 2139 1421 2166 Matris
1433 2158 1440 2170 ,
1466 2138 1576 2175 quintus
1591 2136 1738 2168 Mercurii,

190 2177 278 2206 sextus
299 2178 369 2205 Iovis
382 2198 388 2209 .
409 2181 434 2205 δι
451 2177 575 2216 septimus
586 2179 704 2206 Veneris.
729 2179 819 2206 Altera
831 2179 931 2205 ordinis
949 2178 1019 2204 ratio
1038 2178 1084 2205 est.
1104 2180 1176 2206 Cum
1186 2177 1311 2205 naturalis
1330 2178 1384 2205 dies
1400 2186 1513 2216 quatuor
1525 2181 1548 2204 St
1562 2177 1659 2215 viginti
1670 2176 1743 2205 horis

188 2219 322 2246 constaret
335 2239 341 2249 ,
353 2218 463 2255 primam
473 2217 571 2246 dabant
582 2215 697 2246 Saturno
708 2240 714 2251 ‚
726 2218 864 2246 secundani
878 2218 945 2250 Iovi,
956 2219 1064 2245 tertiam
1073 2218 1166 2248 Marti,
1177 2227 1298 2255 quartam
1309 2218 1372 2249 Soli,
1388 2218 1509 2255 quintam
1522 2218 1628 2247 Veneri,
1639 2215 1741 2245 sextam

188 2259 340 2290 Mercurio,
351 2258 490 2297 septimam
502 2260 600 2286 Lunae:
618 2259 702 2287 rursus
713 2260 836 2287 ostavssm
845 2261 969 2289 Saturno,
982 2268 1080 2285 nonam
1093 2259 1160 2289 iovi,
1172 2267 1201 2284 ac
1210 2257 1333 2295 deinceps
1342 2257 1374 2285 ad
1385 2257 1671 2296 vicefimamquartam,
1680 2267 1741 2296 quae

189 2301 286 2328 Martis
298 2309 360 2327 cuin
372 2296 436 2327 effet
446 2320 452 2329 .
463 2299 642 2339 contingebat
652 2319 658 2330 ,
679 2307 708 2326 ut
719 2299 848 2337 proximae
858 2299 910 2326 diei
922 2300 1007 2336 prima
1016 2296 1080 2326 effet
1091 2297 1160 2325 Solis
1171 2318 1178 2329 ,
1199 2299 1285 2325 tertiae
1297 2300 1388 2330 Lunae,
1399 2307 1499 2336 quartae
1509 2299 1603 2326 Martis
1615 2318 1622 2330 ,
1640 2299 1742 2336 quintae

187 2341 336 2372 Mercurii,
359 2339 437 2368 sextae
448 2340 520 2367 Iovis
530 2360 537 2371 ,
553 2343 578 2366 ὃς
593 2338 709 2377 septimae
722 2340 838 2366 Veneris.
863 2340 901 2366 Ex
910 2348 942 2366 eo
951 2338 1041 2366 diebus
1054 2337 1226 2366 hebdomadis
1237 2338 1403 2376 planetarum
1413 2339 1527 2367 inditum
1539 2339 1574 2367 est
1582 2339 1741 2376 praeiidiuni,

187 2392 255 2421 quos
266 2389 416 2409 memorato
427 2380 570 2408 ratiocinio
582 2380 671 2417 primis
684 2379 755 2407 horis
765 2376 870 2418 praeeffe
881 2379 1043 2418 contigerat.
1069 2381 1161 2417 Qem
1172 2388 1275 2406 morem
1287 2388 1443 2417 receperunt
1456 2380 1542 2419 longo
1551 2380 1608 2418 post
1619 2388 1743 2417 tempore

188 2426 213 2451 δε
226 2422 324 2450 nonita
335 2422 436 2460 pridem
446 2442 452 2450 .
469 2421 487 2448 ii
499 2421 661 2459 Oxipbiliiio
670 2421 801 2448 credimus
811 2442 817 2452 ,
832 2421 918 2448 Graeci
930 2440 936 2452 ,
957 2424 981 2447 Sc
994 2421 1123 2448 Romani.
1146 2420 1179 2447 Et
1191 2429 1281 2448 revera
1290 2441 1296 2452 ,
1318 2429 1346 2448 ut
1357 2421 1428 2458 legas
1438 2422 1529 2448 omnia
1540 2420 1662 2448 omnium
1671 2420 1744 2447 anti-

209 2472 305 2491 uorum
317 2463 485 2490 monimenta
495 2483 501 2494 ,
518 2471 653 2500 nunquam
663 2462 775 2499 reperias
785 2471 844 2488 eam
853 2461 956 2488 dierum
966 2460 1181 2498 appellationem.
1203 2461 1274 2489 Nam
1285 2469 1313 2488 ut
1323 2461 1355 2489 de
1367 2461 1467 2489 Graecis
1479 2461 1628 2499 loquamur,
1640 2470 1671 2487 ex
1683 2460 1744 2487 He-

186 2503 290 2543 sychio,
302 2503 420 2534 Polluce,
433 2503 606 2534 Suida,Gaz.2‚
616 2503 718 2529 cacteris
729 2500 896 2530 manifestum
904 2502 939 2529 est
948 2511 992 2529 eos
1001 2500 1118 2529 mensem
1126 2501 1152 2528 in
1163 2510 1216 2529 tres
1225 2501 1335 2531 decadas
1346 2503 1458 2539 partitos
1470 2500 1530 2534 effe,
1539 2499 1641 2536 impdv‘g
1648 2497 1742 2536 μῦμός,

189 2545 365 2582 peristi-&551
378 2541 522 2579 φθίνανἾΘκ
535 2546 559 2571 &
571 2544 683 2581 primam
695 2541 797 2578 ι’,τιμὲζόε
805 2543 885 2572 diem,
895 2540 1017 2576 mabuinus
1028 2538 1140 2572 vocaffe.
1150 2540 1290 2570 secundam
1301 2540 1418 2579 Sae‘n'gqu
1429 2540 1542 2578 ἱςωμῖμῖε,
1554 2550 1693 2569 numerum
1704 2540 1744 2568 se-

189 2594 301 2625 quentes
311 2585 342 2612 ad
353 2584 465 2618 &merim
475 2583 584 2619 imussfl'x.
610 2584 674 2611 Inde
687 2585 798 2621 primam
808 2586 945 2617 μευ-ἐντῶ
954 2580 1047 2610 dixisse
1064 2583 1176 2619 ωξρῗτίω
1193 2580 1234 2610 ἐπὶ
1244 2581 1303 2617 δὲἰςρο
1315 2603 1322 2614 ,
1339 2583 1479 2611 secundam
1492 2580 1606 2617 &affligam
1618 2578 1661 2608 ἐπὶ
1670 2579 1740 2615 staff,

187 2625 382 2664 consequentes
392 2624 423 2652 ad
433 2622 679 2659 dvjssffiPostrenio
690 2621 822 2661 φέἶψωἾᾱῖν
831 2626 941 2662 primam
952 2619 1214 2661 appellaffe,hq9i†liu
1225 2621 1423 2659 φθίυοῆῶιΛίνε
1432 2622 1544 2658 ωξρῐτῖω
1555 2619 1597 2648 ἐπὶ
1609 2619 1693 2655 ei’iw'di,
1704 2620 1744 2649 se-

187 2667 306 2695 cundam
317 2665 426 2694 εἰννοέτίω
436 2664 578 2702 φθίνονἾΘς
594 2664 645 2692 five
658 2661 774 2701 b‘o‘an'yai
785 2662 826 2691 im*
839 2664 929 2699 aiffa,
950 2664 983 2691 fic
993 2663 1115 2702 deinceps
1128 2663 1329 2703 progredientes
1339 2664 1371 2691 :id
1382 2661 1434 2690 {aba
1445 2664 1462 2690 ἒ
1475 2662 1535 2689 νέων.
1547 2664 1686 2690 Romanos
1696 2672 1743 2690 au-

190 2717 246 2735 tem
256 2706 373 2735 mensem
383 2702 497 2734 divisisse
507 2707 535 2734 in
548 2705 678 2734 Calendas
689 2726 696 2738 ,
718 2707 819 2735 Nonas.
832 2709 856 2733 8:
868 2705 940 2738 idus,
952 2713 1006 2732 tam
1016 2705 1111 2733 tritum
1120 2705 1167 2737 est,
1177 2713 1205 2732 ut
1216 2705 1257 2733 vel
1267 2705 1353 2744 pueris
1365 2714 1396 2731 ex
1407 2702 1499 2731 libello
1509 2702 1674 2731 horariarum
1685 2713 1746 2742 pre-

192 2758 256 2776 cum
267 2757 365 2776 notum
375 2747 415 2775 sit.

147 2788 172 2824 l]
206 2789 289 2816 Idem.
315 2789 450 2816 Omnium
461 2788 606 2816 errantium
618 2787 730 2815 fiderum
740 2807 746 2817 ,
764 2786 790 2814 id
799 2787 834 2814 est
847 2786 1010 2825 planetarum
1029 2794 1140 2816 meatus.
1152 2784 1318 2813 contrarium
1329 2784 1431 2812 mundo
1447 2782 1551 2812 cursum
1561 2794 1639 2824 agere
1649 2805 1656 2815 ‚
1674 2784 1700 2812 id
1711 2785 1747 2813 est

193 2829 290 2857 laeviirn
302 2828 402 2867 semper
413 2850 420 2861 ,
438 2828 485 2856 illo
495 2830 522 2857 in
531 2829 653 2856 dextram
665 2827 814 2866 praecipiti,
831 2827 910 2855 tradit
922 2828 987 2856 Plin.
998 2828 1044 2854 lib.
1058 2837 1093 2854 ii.
1113 2836 1171 2864 cap.
1182 2835 1251 2854 viti.
1274 2827 1341 2861 Qo
1352 2826 1379 2852 in
1389 2825 1452 2852 loco
1463 2825 1656 2853 advertendum
1670 2846 1676 2855 .
1698 2825 1747 2853 lae-

193 2879 257 2896 vum
272 2870 397 2908 appellari
415 2869 586 2897 Orientalem
599 2869 690 2896 mundi
701 2877 803 2906 partem
816 2889 822 2900 ‚
840 2868 964 2895 dextrum
976 2878 1039 2896 vero
1057 2867 1239 2896 Occidentem
1250 2886 1257 2898 ,
1277 2875 1372 2893 contra
1381 2865 1499 2903 quamsit
1519 2865 1746 2904 Geographorurn

193 2909 296 2948 placitis
304 2911 443 2942 traditum,
453 2911 511 2949 ipfis
520 2909 620 2938 scilicet
630 2910 761 2937 contraria
771 2909 875 2936 ratione
886 2908 1033 2940 utentibus,
1045 2909 1123 2945 idque
1133 2909 1240 2935 auctore
1248 2906 1329 2934 etiam
1340 2906 1492 2934 Aristotele.
1501 2909 1586 2934 Varro
1595 2906 1664 2934 libro
1672 2905 1749 2934 sexto

193 2950 226 2977 de
239 2950 331 2978 Latina
342 2951 430 2989 lingua
439 2951 555 2986 ejusdem
564 2949 614 2979 fuit
623 2949 759 2977 sciitentiae
771 2959 833 2977 cuni
854 2950 989 2978 Vitruvio.
1013 2949 1075 2984 Ejus
1086 2948 1181 2986 templi
1198 2947 1244 2983 (de
1253 2947 1319 2974 caclo
1328 2947 1463 2985 loquitur)
1483 2955 1568 2986 partes
1581 2956 1696 2985 quatuor
1707 2947 1751 2974 di-

195 2991 410 3025 cuntur,1inistia
420 2991 453 3020 ab
465 2993 580 3022 Oriente
593 3013 600 3025 ,
610 2992 703 3021 dextra
713 2990 744 3018 :ib
757 2990 863 3019 Occasu
875 3012 882 3025 ,
900 2990 988 3019 antica
997 2990 1027 3020 ad
1039 2989 1199 3024 Meridiem,
1219 2988 1319 3027 postica
1329 2988 1359 3017 ad
1370 2990 1599 3027 Septentrionem.
1622 2986 1750 3054 Hetrqsci

1653 3037 1697 3055 asu
1710 3036 1751 3068 Pl·-
