2023 3162
508 66 1112 104 neAizcniTnchnA
1171 62 1353 103 L1B.X.
1654 85 1732 116 229

143 133 181 169 &
195 132 307 183 partis
329 132 383 168 lx.
420 128 607 176 Adjicitur
623 140 748 167 autem
770 128 815 165 ad
834 129 997 167 mediam
1012 129 1268 176 latitudinem,
1286 140 1466 180 quantum
1483 132 1531 170 est
1542 146 1661 186 prope
1674 138 1731 174 fo·-

140 200 270 226 ramcn
288 187 425 226 fastum
446 188 484 223 in
505 185 773 236 descriptione,
796 184 990 223 latitudine
1004 183 1285 224 &crassitudine
1302 186 1498 225 foraminis
1517 201 1552 227 v.
1570 192 1727 230 altitudo

141 254 242 293 parte
259 245 321 289 iiij.
342 244 494 292 rcgulae,
519 254 599 291 quae
621 241 670 278 est
688 242 725 278 in
747 238 822 285 [d]
843 241 964 277 mensa
975 241 1174 289 longitudo
1192 242 1423 280 foraminum
1443 245 1516 292 viij.
1547 244 1728 285 Latitudo

140 301 177 336 &
198 298 397 336 crassitudo
418 298 616 335 dimidium
635 296 823 333 foraminis
844 296 1014 339 cardinis,
1033 297 1072 333 11
1088 308 1109 331 z
1132 301 1171 340 {33
1194 296 1395 336 crassitudo
1412 298 1617 338 foraminis
1639 304 1689 348 19
1705 320 1727 349 9

138 356 188 404 532:
213 366 408 392 curvatura
428 354 570 402 regulae.
595 353 629 389 F.
648 365 661 396 5
687 351 738 387 K.
760 353 952 389 exterioris
972 353 1102 401 regulae
1120 353 1281 392 latitudo
1300 356 1339 392 <Sc
1358 353 1558 393 crassitudo
1578 366 1729 395 tantun-

139 413 246 454 dem,
266 409 466 460 longitudo
478 421 589 457 quam
602 407 741 444 dederit
759 407 831 457 ipsa
842 406 984 445 versura
1002 407 1286 447 deformationis
1296 412 1334 448 &
1345 411 1528 460 parastatae-
1546 413 1707 452 latitudo
1718 444 1729 459 ,

139 469 177 504 ὃ(
195 466 298 503 suam
318 475 551 503 curvaturam
562 464 611 500 K.
634 464 848 514 Superiores
867 474 993 500 autem
1013 464 1148 512 regulae
1168 466 1326 514 aequales
1345 477 1455 504 erunt
1473 467 1724 507 inferioribus.

140 522 190 559 K.
205 520 338 559 mensa:
349 518 588 558 transversarii
610 519 817 556 foraminis.
840 520 864 554 i‘i
877 521 900 554 [1
917 518 967 555 K.
985 521 1040 565 [e]
1062 520 1279 558 climacidos
1296 521 1393 572 scapi
1410 523 1610 572 longitudo
1629 525 1729 564 fora-

139 579 292 616 minum
307 578 402 623 xiij.
422 580 462 618 {33
485 574 698 612 crassitudo.
718 575 772 620 iij
795 573 845 610 K.
877 576 1113 612 Intervallum
1131 575 1325 622 medium,
1354 579 1513 616 latitudo
1534 578 1728 619 foraminis

139 645 184 670 ex
204 642 307 685 parte
326 642 452 681 quarta
471 632 521 680 532:
542 629 738 667 crassitudo
750 641 829 679 pars
852 631 980 667 octava
993 658 1003 674 ‚
1025 630 1063 666 K
1082 630 1304 669 climacidos
1320 633 1513 683 superioris
1524 647 1605 685 pars
1618 666 1628 681 ‚
1646 650 1729 688 quae

139 688 189 725 cst
200 689 370 739 proxima
381 686 558 730 brachiis,
578 697 660 735 qua:
685 686 885 733 conjunfita
902 685 952 722 cst
969 684 1122 730 mensae,
1142 696 1224 724 rota
1244 688 1483 737 longitudine
1500 691 1672 730 dividitur
1688 696 1728 731 in

137 756 256 795 partes
274 744 447 793 quinque.
479 742 533 778 Ex
553 741 608 778 liis
627 741 758 777 dentur
776 740 980 789 duaeparres
994 742 1027 777 ci
1046 742 1223 779 membro
1236 768 1244 782 ‚
1267 743 1374 791 quod
1389 745 1510 783 Graeci
1530 745 1637 792 χηλὸν
1656 761 1729 788 vo-

139 811 227 838 cant
245 801 296 850 :th
317 797 485 842 latitudo,
502 795 536 834 f.
550 795 764 834 crassitudo.
788 811 810 841 9
830 798 880 845 ³2⁵5
900 794 1101 845 longitudo
1118 794 1352 835 foraminum
1372 800 1418 845 iij.
1432 801 1588 840 &semis
1599 803 1651 840 K.
1665 817 1729 842 ex-

140 857 256 893 tantia
276 854 397 892 cheles
414 853 609 890 foraminis
632 852 666 888 S.
680 850 974 903 plinthigonatos
993 850 1187 889 foraminis
1206 858 1222 897 ξ
1234 881 1241 889 .
1262 854 1301 890 &
1323 852 1492 893 sicilicus.
1525 858 1642 908 Qod
1661 873 1730 898 au.

84 918 86 920 “
140 922 215 948 tem
233 911 282 948 est
298 910 344 947 ad
362 920 482 946 axona
493 938 502 953 ‚
521 907 625 958 quod
635 908 839 958 appellatur
853 903 927 957 [f]
950 907 1055 944 frons
1067 906 1336 946 transversarius
1349 938 1360 953 ,
1372 908 1604 950 foraminum
1615 917 1729 954 trium

138 969 189 1017 532:
209 968 426 1004 interiorum
438 966 646 1013 regularum
667 963 825 1000 latitudo
843 963 1038 1000 foraminis
1049 961 1083 999 F.
1096 962 1325 1007 crassitudo}
1337 964 1388 1002 K.
1401 965 1556 1005 cheloni
1566 972 1728 1020 replum,

137 1023 241 1072 quod
253 1021 300 1059 est
311 1019 810 1072 operimentum‚securiculae
821 1019 1025 1056 includitur
1036 1019 1086 1055 K.
1098 1018 1228 1071 scapos
1241 1020 1465 1059 climacidos
1480 1023 1643 1063 latitudo
1655 1037 1675 1061 z
1695 1039 1726 1069 5.

139 1076 337 1116 crassitudo
354 1076 585 1114 foraminum
602 1076 677 1120 xij.
693 1074 742 1112 K.
757 1072 959 1111 crassitudo
978 1075 1168 1124 quadrati,
1188 1076 1294 1125 quod
1313 1075 1363 1113 est
1386 1077 1433 1114 ad
1454 1079 1650 1118 climacida
1670 1080 1728 1119 fo-

136 1135 298 1173 raminis,
319 1133 346 1169 F
365 1144 394 1177 5.
410 1133 447 1168 in
459 1132 635 1170 extremis
647 1130 698 1167 K.
709 1129 860 1167 rotundi
879 1141 1003 1168 aurem
1014 1132 1090 1168 axis
1102 1131 1306 1169 diametros
1316 1133 1502 1182 aequalirer
1512 1136 1579 1172 erit
1589 1135 1728 1175 cheles.

138 1189 200 1228 Ad
218 1189 418 1227 claviculas
439 1197 565 1225 aurern
584 1188 759 1224 S.minus
770 1195 873 1236 parte
884 1185 1130 1224 sextadecima
1148 1186 1198 1224 K.
1223 1189 1303 1239 [g]
1325 1187 1729 1242 Anteridionlongitu-

137 1245 189 1282 do
208 1244 434 1282 foraminum
453 1243 478 1281 F
498 1243 549 1288 iij
565 1257 599 1287 9.
620 1242 780 1280 latitudo
797 1243 834 1278 in
852 1243 935 1279 imo
956 1242 1150 1280 foraminis
1170 1241 1204 1278 F.
1224 1244 1276 1294 :js-1
1295 1244 1333 1280 in
1352 1243 1505 1282 summo
1526 1246 1729 1286 crassitudo

138 1301 222 1337 zK.
245 1299 339 1338 Basis
351 1312 432 1349 quae
451 1300 652 1350 appellatur
672 1294 739 1344 [h]
761 1294 891 1349 {9522oe
903 1298 1105 1348 longitudo
1126 1297 1356 1337 foraminum
1370 1304 1409 1344 {33
1429 1301 1608 1341 antebasis
1626 1303 1730 1343 fora-

136 1358 281 1394 minum
299 1358 310 1393 i
320 1357 331 1392 i
342 1356 352 1391 i
364 1357 386 1402 j.
405 1357 456 1405 :th
472 1353 655 1404 utriusque
666 1353 864 1393 crassitudo
874 1356 911 1392 &
921 1354 1095 1400 latitudo,
1107 1354 1297 1392 foraminis
1311 1360 1351 1401 {33
1365 1386 1372 1393 .
1385 1357 1728 1407 Compingiturau-

135 1422 212 1450 tem
230 1410 381 1449 dimidia
401 1410 601 1448 altitudinis
621 1410 672 1448 K.
695 1411 894 1451 columna,
919 1410 1126 1449 latitudo&
1138 1409 1335 1450 crassitudo
1353 1424 1366 1450 1
1384 1412 1418 1450 S.
1431 1413 1591 1452 altitudo
1601 1424 1728 1453 autem

134 1480 214 1505 non
227 1467 339 1504 habet
351 1466 540 1504 foraminis
558 1468 851 1518 proportionem
866 1496 876 1511 ‚
894 1465 953 1503 sed
965 1468 1034 1504 erit
1043 1466 1151 1516 quod
1162 1479 1256 1519 opus
1268 1469 1336 1505 erit
1349 1469 1396 1506 ad
1405 1467 1512 1506 usum
1522 1468 1726 1509 brachii

133 1522 333 1572 longitudo
343 1522 573 1561 foraminum
593 1523 654 1560 VI
676 1520 719 1567 ιζ’-ζ
733 1535 741 1558 :
767 1521 966 1560 crassitudo
977 1523 1016 1559 in
1028 1522 1149 1560 radice
1158 1522 1355 1561 foraminis
1366 1526 1404 1562 in
1422 1526 1596 1563 extremis
1607 1523 1645 1563 F.
1662 1527 1726 1565 De

133 1579 266 1617 balistis
280 1578 318 1615 ὃς
330 1579 522 1628 catapultis
534 1577 870 1627 symmetrias‚quas
883 1579 1049 1616 maxime
1060 1578 1249 1629 expeditas
1260 1580 1570 1630 putavi,exposui.
1581 1584 1725 1635 Qem-

133 1634 339 1672 admodum
350 1645 474 1671 autem
485 1634 789 1672 contentionibus
802 1646 854 1672 eae
867 1644 1142 1684 temperentur,
1158 1630 1178 1670 ὲ
1189 1645 1308 1672 nervo
1325 1635 1383 1680 [i]
1395 1635 1606 1686 capilloque
1616 1639 1727 1678 tortis

134 1689 365 1737 rudentibus,
374 1700 555 1741 quantum
568 1690 890 1742 comprehendere
898 1689 1037 1742 scriptis
1049 1699 1225 1742 potuero,
1237 1700 1316 1727 non
1326 1691 1618 1741 praetermittam.

746 1807 781 1844 C
812 1815 840 1843 A
868 1817 899 1844 1‘.
957 1805 1132 1845 XVIII.

215 1895 300 1947 De
326 1892 715 1967 Cntnpnltnrnna
739 1893 1141 1967 Balgstarnmqne
1155 1891 1542 1949 contentionibus
1561 1891 1628 1954 Εἴ

786 1984 1067 2037 temperaturis.

134 2082 391 2166 SUrnuntur
408 2087 510 2135 tigna
526 2085 743 2138 amplissima
754 2085 1008 2137 longitudine,
1022 2084 1126 2137 supra
1142 2084 1310 2137 figuntur
1322 2087 1575 2135 cheloniae‚in
1586 2088 1722 2140 quibus

192 2140 432 2178 includuntur
451 2141 599 2178 suculae.
629 2143 696 2179 Per
713 2143 836 2180 media
855 2152 980 2180 autern
996 2141 1106 2192 spatia
1127 2144 1322 2192 tignorum
1332 2145 1541 2183 insecantur
1560 2146 1598 2182 δε
1615 2147 1720 2183 exci-

132 2196 271 2233 duntur
289 2194 420 2233 formae
431 2224 443 2241 ,
461 2197 498 2233 in
509 2198 642 2246 quibus
662 2196 910 2236 excisionibus
927 2198 1167 2287 includiilp}ur
1178 2200 1339 2248 capitula
1350 2201 1719 2292 catapultarumszcu-

1155 2261 1171 2291 3
1563 2256 1625 2294 nei
1641 2267 1718 2306 que

130 2343 162 2378 d]
183 2344 278 2372 Baldus
288 2343 400 2372 ibidem.
423 2344 549 2374 Καιλεῖποι
559 2342 573 2381 ’5
584 2341 610 2370 τι)
619 2343 703 2379 πῆᾗὶωι
711 2341 737 2370 72}
747 2340 903 2379 συγκείμῖυον
913 2341 941 2369 ’ἐκ
959 2354 984 2369 π
995 2341 1018 2369 ἵ
1030 2341 1124 2376 ηφνόνων
1133 2342 1151 2370 Ε
1161 2341 1183 2370 ῗ
1200 2341 1385 2381 Άζᾳπηίῇὔὶπιν
1405 2342 1425 2371 ἒ
1434 2343 1456 2370 ‘1⁵'
1472 2342 1576 2373 mi'S&
1589 2343 1715 2383 τρρῖπεζοι,

164 2386 316 2422 Appellatur
326 2392 416 2416 autem
420 2391 514 2422 pegma
522 2383 567 2411 hot:
578 2390 671 2414 totum.
682 2383 750 2421 quod
758 2382 850 2421 regula
859 2403 867 2414 ,
879 2382 1080 2421 diapegmatibm
1092 2379 1125 2414 ἐξ
1137 2381 1237 2416 tabula,
1248 2383 1342 2418 constat
1352 2387 1474 2422 Trapeza
1482 2405 1490 2418 ,
1507 2384 1532 2413 id
1543 2385 1579 2413 est
1589 2406 1597 2418 ‚
1614 2385 1717 2414 Mensa.

164 2429 206 2455 Dc
219 2425 267 2454 hac
280 2425 427 2453 Vitruvius.
449 2423 541 2453 Mensa
549 2423 605 2452 haec
616 2424 643 2452 in
653 2424 775 2452 Petratii's
786 2444 794 2457 ,
811 2422 864 2451 hoc
872 2423 909 2451 est
919 2444 926 2456 ,
947 2423 1105 2455 Palintonis‚
1117 2423 1260 2462 requiritur
1270 2420 1415 2452 necessario
1424 2445 1431 2455 ,
1441 2436 1496 2454 non
1507 2434 1598 2454 autem
1615 2426 1643 2453 in
1662 2426 1718 2454 Eu-

164 2467 209 2506 thy
216 2467 287 2494 tonis
297 2487 304 2497 ,
316 2469 341 2493 8<
352 2465 412 2493 ideo
422 2465 454 2493 de
465 2476 494 2494 ea
504 2465 539 2493 nil
550 2466 655 2493 Vitruv.
665 2474 725 2504 cap.
734 2474 778 2493 xv.
789 2464 834 2503 ubi
845 2463 877 2492 de
889 2463 1080 2502 scorpionibus
1091 2467 1117 2493 8<
1129 2464 1432 2503 Catapultis.Caeterum
1443 2476 1490 2496 cur
1500 2465 1593 2496 Mensa
1602 2465 1717 2499 dicatur,

165 2517 205 2535 res
215 2506 268 2545 ipsa
279 2504 355 2534 facile
366 2506 456 2534 docet.
475 2506 542 2535 Vide
552 2505 620 2534 illius
632 2507 744 2534 iconem
753 2505 821 2543 apud
829 2505 940 2533 Baldum
947 2515 1009 2544 pag.
1020 2510 1066 2532 26.

130 2549 157 2582 e]
187 2547 462 2587 Oinninolegendum
472 2547 508 2575 est
517 2546 700 2585 Clymacidos.
723 2546 818 2575 Baldus
834 2546 867 2574 ad
883 2546 1042 2575 Heronem:
1060 2545 1197 2582 Κλιμφκίς
1207 2545 1317 2575 scalula.
1329 2547 1466 2578 Vitruvius
1485 2550 1612 2576 Graecum
1623 2546 1720 2576 maluit

166 2588 341 2616 vocabulum.
362 2597 461 2616 nomen
472 2587 580 2615 sortitur
590 2585 605 2615 Ji
614 2585 711 2615 forma.

124 2627 162 2666 f]
186 2629 334 2657 Philander.
357 2629 484 2656 Frontem
503 2629 530 2656 in
539 2627 685 2656 masculino
704 2637 802 2668 genere
819 2626 887 2657 dixit
898 2649 905 2663 ‚
923 2627 963 2658 uti
975 2627 1043 2669 apud
1053 2627 1177 2658 Nonium
1196 2628 1334 2658 Titinnius
1343 2650 1350 2661 ,
1366 2630 1440 2658 Cato
1451 2632 1476 2659 δι
1485 2627 1621 2659 Caecilius.
1642 2629 1717 2669 Lege

173 2680 231 2708 cap.
242 2680 280 2697 ix.
291 2669 338 2697 lib.
349 2679 394 2697 xv.
404 2670 535 2698 Noctium
547 2669 711 2697 Atticarum.

128 2712 160 2747 g]
179 2710 274 2738 Baldus
285 2710 315 2738 ad
326 2710 433 2738 Heron.
451 2708 605 2745 Α’νπρεὶὣον.
614 2711 721 2738 Vitruv.
733 2709 914 2739 Anteridium.
925 2710 1036 2740 Dictum
1047 2718 1137 2739 autem
1147 2707 1199 2739 ess'e
1210 2710 1351 2747 οώπρείῶον
1368 2708 1414 2738 λ’πὲ
1423 2708 1447 2742 §⁶
1457 2708 1598 2748 αέπρεῖἓω
1607 2730 1614 2742 ,
1630 2708 1657 2738 id
1668 2708 1717 2744 ess,v

163 2751 308 2778 contraniti
320 2771 326 2781 ,
344 2751 467 2782 resistere,
479 2750 543 2778 nulli
553 2750 785 2779 dubfflmmomen
795 2751 879 2790 igitur
888 2750 967 2780 habet
979 2751 1012 2779 ab
1022 2749 1132 2783 officim
1151 2750 1245 2778 abhoc
1257 2752 1328 2779 enim
1335 2749 1445 2779 fulcitur
1455 2750 1648 2790 Anapaustcria.

130 2791 162 2826 h]
179 2791 326 2819 Philauder.
345 2793 385 2819 Ita
394 2791 547 2830 appellatur,
559 2791 632 2830 quod
640 2792 761 2821 imitetur
769 2792 925 2821 craticulam
935 2802 992 2832 qua:
1002 2790 1102 2830 ἐχειθίς
1113 2794 1137 2820 &
1147 2790 1235 2829 ἐχσίρθι
1246 2794 1339 2820 Graece
1350 2792 1448 2821 dicitur
1457 2813 1464 2824 ,
1474 2801 1504 2821 ut
1512 2803 1544 2821 ex
1554 2792 1641 2831 capite
1650 2790 1717 2831 pro-J

174 2832 249 2859 ximo
257 2841 373 2870 apparet.
393 2833 453 2860 Vide
463 2835 578 2860 L'exicon.
1540 2848 1557 2856 c

131 2872 153 2905 i]
189 2871 335 2901 Philander.
358 2873 464 2911 Capillo
474 2873 589 2901 maxime
600 2873 723 2902 muliebri
733 2895 740 2907 ‚
761 2873 827 2902 utin
836 2874 922 2913 capite
938 2874 1063 2914 proximo
1072 2871 1202 2901 ostendet.
1222 2873 1287 2901 Non
1302 2872 1374 2913 quod
1382 2883 1415 2901 ex
1427 2873 1477 2902 alia
1493 2874 1603 2903 materia
1613 2872 1713 2902 confici

173 2922 226 2939 non
238 2911 344 2950 possint.
367 2915 493 2953 Legimus
502 2915 574 2942 enim
584 2915 653 2953 apud
669 2915 816 2954 Vegetium
833 2915 878 2942 lib.
890 2925 928 2943 tv.
946 2925 1002 2955 cap.
1012 2927 1040 2945 9.
1057 2914 1155 2943 lulium
1174 2913 1360 2952 Capitolinum
1378 2914 1406 2942 in
1417 2915 1471 2943 vita
1490 2915 1713 2945 Maximinorum,

174 2952 342 2982 Plutarchum
352 2953 398 2984 lib.
408 2955 440 2983 de
448 2952 564 2990 foenore,
577 2965 641 2985 cum
652 2965 796 2986 nervorum
809 2959 833 2985 &
844 2953 948 2987 funium
958 2956 1036 2997 copia
1044 2953 1169 2985 deficeret
1182 2976 1188 2988 ,
1204 2955 1261 2985 usos
1269 2953 1345 2985 fixisse
1356 2955 1452 2995 capillo
1460 2955 1594 2986 muliebri.
1634 2997 1647 3029 ]
1664 2996 1673 3021 1

1606 3004 1623 3023 a
1677 3002 1720 3022 am
