2023 3162
514 58 942 96 COMMENTARIVS
987 69 1046 96 DE
1083 59 1335 98 PichRA.
1692 77 1738 113 57

141 134 218 173 quo
229 121 382 160 distaret.
419 122 491 160 Sed
503 123 635 161 adduci
648 135 725 161 non
745 122 887 173 poffilm
902 134 941 162 ut
960 124 1108 162 credam
1119 135 1290 162 autorem
1301 123 1525 177 itadscripfisse
1537 157 1546 173 ‚
1567 130 1738 178 quinimo

140 179 302 229 quedam
313 178 372 215 hic
383 178 597 229 transposita
608 179 676 217 effe
686 189 864 231 put0,aut
875 181 908 217 ei
917 177 1005 218 falso
1019 180 1207 231 adscripta.
1217 182 1317 219 Nam
1330 193 1511 230 quantum
1525 186 1613 233 quid
1626 185 1644 221 a
1656 199 1736 236 quo

140 235 288 272 distaret
301 260 307 272 ,
323 235 367 271 ad
380 245 521 284 partem
534 236 634 273 illam
646 233 858 284 grapbioes,
875 247 987 285 quam
1004 236 1153 276 Plinius,
1168 238 1323 287 proprio
1334 240 1491 276 nomine
1510 239 1733 290 distinguens

139 288 159 326 ἐι
173 292 312 328 caeteris
327 319 336 334 ‚
359 290 633 341 dispositionem
644 290 823 341 appellat,
846 292 1080 329 referendum
1092 303 1168 329 non
1180 292 1239 330 est.
1272 294 1440 343 Exempli
1453 296 1585 344 gratia,
1607 299 1645 333 in
1658 297 1731 334 Ar-

139 346 342 383 cliiteStuta
354 346 540 397 dispositio
552 347 697 384 linearis
709 345 963 396 ostendit,quo
973 347 1136 397 quidque
1148 348 1242 385 loco
1252 350 1470 397 ponendum
1483 350 1539 395 fit,
1551 363 1732 399 quantum

138 403 227 438 item
240 402 328 451 quid
340 402 358 437 a
370 414 448 451 quo
458 403 586 440 distare
596 401 735 439 debeat.
751 412 890 451 ut,qu0
901 404 1095 440 intervallo
1108 404 1297 444 columnae
1311 404 1379 441 sint
1391 407 1634 458 collocanda,
1649 420 1731 456 quo

137 459 231 494 item
243 458 393 506 reliqua.
415 458 564 494 Deinde
576 458 621 495 ad
634 457 898 505 Symmetriam
912 460 1042 496 omnia
1052 458 1133 495 sunt
1145 459 1338 509 exigenda.
1350 459 1427 498 haec
1442 474 1512 511 pro
1525 464 1730 510 quantitate

138 512 281 550 :edificii
293 512 451 550 ostendit
462 514 621 563 partium
633 512 856 562 lingularum
869 514 1141 552 commensum.
1164 516 1332 553 Demum
1344 518 1457 553 torius
1469 517 1615 554 :edificii
1624 531 1730 555 men-
1776 555 1778 558 ,

136 567 223 606 sutae
236 569 280 606 ad
291 570 443 618 opticen
454 568 675 606 revocandae
685 569 776 607 sunt.
794 580 866 606 nec
876 571 949 615 jam
963 581 1035 607 una
1049 570 1213 608 mensura
1224 570 1274 607 est
1287 597 1294 610 ‚
1318 570 1378 609 sed
1388 571 1537 610 infinitae
1557 574 1594 609 in
1607 586 1730 612 unuin

137 625 318 676 punctum
331 625 532 669 coeunte5‚
545 623 565 660 a
578 636 655 673 quo
666 625 783 661 totius
793 626 940 674 optices
951 628 1045 663 ratio
1058 626 1204 676 pendet.
1237 627 1330 664 Haec
1341 629 1392 664 ita
1402 628 1535 665 habere
1546 641 1590 666 ex
1604 630 1728 667 Plinio

138 680 296 718 ostendo
310 706 317 719 ‚
342 690 432 717 cum
444 682 553 716 trium
572 680 701 717 harum
712 681 870 730 partium
881 680 1070 730 graphices
1081 681 1226 719 diversis
1235 683 1332 719 locis
1343 686 1571 721 meminerit,
1607 686 1730 736 Qod

138 736 162 774 fi
176 734 386 773 mensuram
406 734 426 771 a
445 734 683 787 dispositione
695 734 930 784 seiungamus
941 764 951 780 ‚
972 748 1043 773 nec
1055 747 1158 774 curet
1169 739 1327 788 amplius
1339 739 1527 789 dispofitio
1545 752 1730 790 quantum

137 791 227 842 quid
247 791 267 827 a
286 803 364 840 quo
376 790 504 827 distare
522 791 674 833 debeat,
693 789 836 827 siscitari
857 792 967 827 velim
987 803 1069 840 quae
1081 791 1149 829 sint
1169 792 1414 842 dispositionis
1426 798 1568 846 partes?
1590 798 1689 834 Nam
1704 797 1730 836 fi

139 846 334 885 aedificium
351 847 503 895 aliquod
523 845 783 885 delineandum
793 845 856 890 sit,
875 849 1044 884 occurrit
1062 848 1228 898 primum
1247 849 1359 888 illud,
1385 862 1567 900 quantum
1579 852 1729 903 singula:

136 904 425 953 partesinviceni
443 901 568 939 distare
579 901 747 938 debeant.
778 903 907 951 Siquis
924 900 1082 951 figuram
1102 902 1268 940 hominis
1281 904 1463 946 instituat,
1486 907 1618 945 eadem
1637 921 1728 946 cura

136 959 297 996 solicitat
309 958 597 1008 agoredicntem.
629 957 855 994 Tribuamus
867 957 944 994 hoc
954 959 1149 1006 mensuris3
1168 958 1257 1008 quid
1268 961 1424 998 tandem
1436 961 1663 1011 dispositioni
1674 965 1727 1001 su-

135 1016 291 1065 pererit?
310 1015 479 1051 Mensura
501 1025 642 1050 nomen
655 1014 797 1062 generis
816 1012 887 1058 est,
907 1012 944 1049 ἃ
965 1013 1218 1066 dispositioni,
1233 1017 1270 1052 Sc
1284 1014 1517 1064 symmetriae,
1530 1021 1728 1068 pariterin-

135 1070 304 1108 serviens.
335 1070 408 1107 Sed
419 1080 603 1118 quatenus
614 1069 772 1119 speciem
783 1068 988 1106 distinstam
999 1069 1188 1107 constituit
1200 1095 1208 1108 ,
1221 1082 1265 1107 ex
1277 1074 1435 1123 propriis
1446 1073 1621 1112 mensuris
1633 1087 1726 1112 con-

135 1125 203 1163 stat
216 1155 225 1170 ,
246 1127 475 1163 coeuntibus
486 1126 592 1162 lineis
603 1126 640 1161 in
655 1124 845 1175 punstum.
861 1127 906 1163 Er
919 1124 1013 1170 sane,
1034 1125 1061 1162 si
1072 1125 1257 1164 mensuras
1267 1128 1306 1164 in
1319 1140 1449 1176 genere
1459 1130 1725 1179 intelligamus,

136 1193 194 1219 eas
207 1182 428 1219 Geometria
440 1180 504 1218 sibi
516 1180 735 1219 vindicabit:
758 1192 828 1217 nec
839 1181 887 1219 est
898 1193 963 1219 cur
972 1182 1217 1219 architectura
1227 1194 1286 1219 eas
1298 1183 1362 1220 sibi
1372 1195 1530 1233 arroget.
1554 1186 1626 1223 Sed
1636 1187 1728 1235 quid

136 1238 272 1274 diutius
284 1237 345 1274 hic
358 1237 805 1287 moror?disp0nere,quid
817 1236 914 1274 aliud
924 1237 973 1275 est
983 1250 1096 1287 quam
1108 1238 1178 1275 suis
1190 1239 1283 1275 locis
1297 1238 1434 1289 singula
1446 1240 1727 1291 statuereisym-
1785 1285 1790 1291 ,

136 1295 279 1331 metriae
291 1295 484 1343 proprium
495 1292 558 1336 est,
570 1294 729 1342 partium
741 1293 929 1330 mensuras
939 1294 1116 1345 persequi.
1138 1294 1212 1331 Sed
1223 1307 1311 1332 cum
1322 1297 1450 1346 optice
1463 1296 1643 1334 Latinum
1653 1309 1726 1335 no-

137 1362 225 1386 men
237 1361 316 1386 non
333 1348 501 1392 liaberet,
521 1349 708 1386 mensuras
726 1348 866 1386 Plinius
876 1361 946 1400 pro
965 1361 1006 1387 ea
1019 1350 1208 1399 usurpavit.
1241 1351 1462 1400 Cumigitur
1473 1354 1581 1391 locus
1600 1352 1726 1390 ficha-

137 1406 260 1442 beret:
278 1416 357 1442 non
370 1404 525 1442 cedebat
542 1404 754 1455 Amphioni
763 1405 808 1442 de
819 1404 1059 1455 dispositione
1072 1434 1082 1449 ‚
1099 1405 1176 1442 hoc
1187 1405 1235 1442 est
1245 1417 1430 1455 quantum
1443 1408 1534 1457 quid
1545 1408 1566 1445 a
1577 1421 1656 1458 quo
1669 1408 1725 1446 di-

137 1461 244 1498 staret
256 1475 264 1499 3
280 1460 553 1510 Asclepiodoto
565 1460 609 1497 de
619 1459 810 1498 mensuris:
835 1462 1001 1515 Qidam
1010 1463 1074 1511 qui
1085 1461 1162 1499 haec
1174 1473 1253 1499 non
1265 1475 1434 1507 noverat,
1448 1464 1542 1502 hanc
1553 1467 1727 1515 interpre-

136 1519 319 1554 tationem
339 1517 383 1553 ad
403 1516 588 1554 mensuras
608 1516 839 1555 referendam
859 1518 926 1555 effe
945 1517 1051 1562 duxit
1063 1546 1073 1562 ‚
1083 1517 1302 1558 existimans,
1321 1519 1520 1569 appofitius
1536 1519 1726 1566 mensuris,

136 1585 248 1622 quam
260 1571 486 1622 dispositioni
505 1576 716 1611 convenire.
749 1574 940 1625 Qiocirca
952 1583 993 1611 ut
1010 1574 1224 1612 membrum
1235 1576 1398 1612 luxatum
1417 1577 1453 1612 in
1466 1575 1549 1614 suos
1560 1587 1657 1614 artus
1668 1588 1726 1613 rc·

136 1630 234 1673 deat,
249 1630 378 1666 locum
389 1630 437 1665 ita
446 1630 632 1678 legemus:
656 1631 747 1667 Non
760 1629 913 1667 cedebat
922 1629 1136 1680 Amphioni
1147 1630 1191 1667 de
1202 1629 1449 1681 dispositione,
1465 1632 1540 1669 hoc
1553 1631 1602 1669 cst
1611 1644 1728 1681 quan-

135 1695 215 1722 tum
230 1686 318 1734 quid
330 1684 348 1720 a
359 1696 437 1733 quo
449 1685 594 1723 distaret
608 1706 618 1733 3
630 1685 688 1723 As
683 1685 904 1736 clepiodoro
915 1686 959 1723 de
971 1685 1158 1726 mensuris,
1175 1687 1250 1723 &c.
1271 1686 1505 1735 Symmetria‚
1519 1689 1629 1725 altera
1644 1700 1727 1738 gra-

135 1740 261 1790 pliices
274 1752 354 1790 pars
366 1739 434 1784 est,
460 1753 539 1789 quae
552 1740 734 1779 summam
753 1741 980 1779 venustatem
1000 1742 1308 1792 opericonciliat.
1340 1742 1484 1781 Deliae
1497 1756 1575 1781 non
1586 1743 1728 1794 semper

137 1798 318 1834 convenit
337 1797 431 1832 inter
441 1796 608 1834 artifices.
647 1798 901 1849 Qppecum
919 1808 1049 1835 natura
1062 1799 1098 1835 in
1117 1797 1324 1846 symmetria
1338 1811 1545 1851 corporum
1568 1811 1647 1838 non
1661 1798 1728 1837 fibi

135 1850 277 1902 semper
291 1851 434 1889 constet
447 1881 455 1895 ‚
477 1853 715 1901 quaerendum
726 1852 794 1890 fuit
804 1883 814 1897 ,
827 1865 997 1902 quaenam
1009 1866 1053 1890 ex
1065 1854 1241 1891 omnibus
1252 1856 1414 1892 maxime
1425 1855 1616 1905 probanda
1627 1853 1725 1892 esset.

136 1910 235 1956 Neq3
251 1909 350 1944 enim
364 1908 539 1957 cujusque
551 1909 690 1952 iudicio
701 1908 869 1947 standum
881 1910 960 1946 fuir.
975 1909 1118 1958 Vulgus
1133 1911 1234 1947 enim
1247 1911 1351 1959 quod
1363 1912 1504 1948 redium
1517 1911 1567 1947 est
1577 1910 1725 1960 probat,

137 1963 285 2000 sednon
307 1962 483 2000 desiderat
494 1964 712 2013 exquisitam
730 1965 832 2001 illam
843 1964 1176 2015 pulchritudinem,
1203 1968 1309 2011 cujus
1328 1968 1436 2003 unius
1449 1978 1577 2004 amore
1596 1965 1725 2014 flagrat

136 2021 270 2068 peritus
284 2019 424 2055 artifex.
456 2020 584 2069 Itaque
596 2020 654 2056 vel
665 2019 690 2056 fi
701 2019 877 2069 nusquam
888 2023 1088 2070 reperiatur
1102 2049 1112 2064 ‚
1134 2031 1215 2056 eam
1228 2019 1291 2057 fibi
1302 2020 1548 2059 nihilominus
1569 2020 1620 2058 ob
1632 2033 1726 2058 ocu-

137 2075 195 2110 los
207 2075 395 2123 proponit.
409 2076 445 2110 δε
456 2077 532 2120 ejus
543 2075 699 2124 speciem
710 2085 818 2112 amat.
839 2085 919 2112 tum
931 2077 1008 2122 ejus
1020 2075 1304 2125 pulchritudinis
1314 2086 1433 2125 partes
1444 2078 1606 2114 invicem
1619 2087 1725 2113 com-

138 2131 248 2179 ponit
260 2157 269 2171 ,
289 2138 327 2164 ut
345 2127 463 2165 solent
481 2131 638 2178 virgines
658 2130 744 2167 hinc
761 2130 846 2166 inde
858 2131 959 2167 lectis
978 2130 1132 2166 floribus
1154 2141 1337 2169 coronam
1357 2132 1514 2169 neerere.
1546 2133 1608 2169 Sic
1629 2132 1726 2169 olim

140 2185 291 2227 Zeuxis,
309 2184 557 2232 Agrigentinis
577 2184 733 2222 facturus
745 2185 928 2223 tabulam,
943 2185 1103 2233 virgines
1122 2195 1249 2222 earum
1263 2185 1379 2223 nudas
1389 2186 1542 2237 inspexit
1553 2216 1562 2231 ‚
1575 2188 1612 2224 &
1626 2188 1726 2223 exiis

137 2242 302 2290 quinque
315 2241 423 2287 elegit
435 2268 443 2283 ‚
457 2250 497 2276 ut
507 2240 610 2288 quod
621 2241 658 2276 in
670 2239 817 2288 singulis
832 2239 1119 2278 laudatissimum
1131 2239 1215 2278 ess'et
1225 2270 1234 2285 ‚
1247 2241 1385 2291 pistura
1404 2242 1583 2280 redderet.
1616 2243 1726 2280 Hanc

137 2295 454 2347 pulchritudinem
467 2294 612 2347 Lysippi
623 2295 760 2339 judicio
771 2307 885 2333 nemo
899 2307 1068 2345 unquam
1077 2295 1156 2332 satis
1167 2306 1342 2333 accurate
1354 2296 1726 2348 express‘it.Aliquan-

139 2352 191 2388 do
212 2352 312 2387 enim
327 2352 571 2399 interrogatus
586 2362 699 2399 quem
710 2350 924 2399 sequeretur
942 2351 1244 2392 antecedentium
1257 2381 1266 2397 ‚
1279 2352 1401 2390 dixiss'e
1413 2353 1546 2392 fertur,
1561 2354 1724 2391 demon-

139 2407 240 2444 strata
258 2406 456 2442 hominum
476 2406 728 2446 multitudine,
750 2405 867 2455 ipsam
884 2408 1052 2444 naturam
1069 2408 1286 2445 imitandam
1306 2407 1374 2446 ess'e
1393 2437 1404 2453 ‚
1433 2421 1510 2447 non
1529 2409 1722 2447 artificem.

141 2464 228 2500 Nec
240 2473 366 2499 tamen
377 2472 544 2499 naturam
555 2463 591 2498 in
604 2474 682 2498 uno
693 2462 853 2499 laudavit
865 2488 873 2501 ,
897 2462 956 2499 sed
968 2461 1125 2512 speciem
1137 2463 1328 2511 quandam
1340 2464 1634 2516 pulclititudini5‚
1643 2478 1725 2514 quae

141 2530 184 2555 cx
196 2517 358 2555 universa
371 2518 605 2555 multitudine
617 2518 745 2566 colligi
755 2516 880 2567 poss‘et.
894 2519 1090 2569 roitca
1100 2517 1222 2556 dicere
1237 2517 1389 2560 solebat,
1404 2521 1448 2558 ab
1461 2522 1538 2557 aliis
1550 2520 1725 2558 homines

101 2588 103 2590 ·
140 2574 256 2612 saeros
269 2575 392 2622 quales
405 2572 515 2610 effent
527 2602 536 2617 ‚
556 2572 618 2610 ase
630 2573 756 2621 quales
774 2573 995 2611 viderentur.
1027 2573 1180 2624 Apelles
1191 2573 1432 2613 fibidiffidens
1451 2576 1649 2614 admoneri
1659 2588 1724 2613 vo-

141 2631 250 2668 lebat.
271 2629 505 2679 proponebat
517 2630 617 2666 enim
629 2630 663 2665 in
675 2630 826 2678 pergula
835 2640 948 2679 opera
959 2627 1123 2667 absoluta
1135 2659 1144 2673 ‚
1156 2628 1227 2680 ipse
1239 2631 1354 2667 latens
1366 2631 1603 2675 auscultabat,
1615 2631 1641 2668 si
1653 2644 1724 2680 qua

142 2685 241 2723 forte
251 2686 380 2733 vulgus
391 2686 628 2734 improbaret.
660 2686 918 2732 Symmettiam
928 2686 1067 2735 primus
1078 2686 1114 2722 iti
1134 2686 1274 2723 PiE'rura
1286 2686 1432 2724 servass'c
1444 2686 1555 2725 fertur
1575 2688 1724 2725 Parrha-

143 2740 222 2778 slus.
254 2742 377 2778 Tertia
389 2739 580 2790 graphices
591 2752 683 2790 pars,
696 2742 832 2790 optice.
850 2741 985 2778 Plinius
995 2742 1120 2789 inopia
1130 2741 1253 2778 Latini
1263 2741 1437 2779 sermonis
1448 2745 1480 2780 ei
1491 2755 1634 2780 nomen
1644 2755 1723 2780 non

141 2797 280 2839 tribuit,
290 2796 346 2832 sed
358 2808 439 2844 qua:
453 2795 520 2831 sint
532 2807 608 2836 eius
620 2806 737 2845 partes
747 2796 826 2833 satis
835 2797 1003 2846 explicat,
1019 2797 1082 2832 ubi
1092 2796 1137 2833 de
1149 2797 1346 2837 Parrhasio,
1363 2810 1442 2849 cap.
1463 2811 1475 2835 1
1484 2810 1519 2834 0.
1540 2800 1601 2836 lib.
1615 2811 1721 2836 xxxv.

145 2850 404 2894 Confess‘ione,
414 2853 546 2900 inquit,
557 2850 740 2888 artificum
752 2853 788 2888 in
800 2853 903 2889 lineis
913 2852 1086 2890 extremis
1096 2854 1257 2902 palmam
1269 2853 1424 2905 adeptus
1436 2854 1496 2892 est.
1519 2854 1612 2892 Haec
1625 2855 1723 2891 estin

143 2908 283 2946 Pidtura
293 2906 435 2946 summa
452 2907 648 2952 subtilitas3
671 2919 831 2959 corpora
841 2909 940 2945 enim
959 2909 1128 2959 pingere,
1154 2911 1191 2947 ὅ(
1203 2908 1327 2947 media
1346 2922 1469 2950 retum
1482 2940 1492 2957 ,
1511 2910 1560 2949 est
1571 2910 1725 2960 quidem

1599 2976 1726 3015 magni
