2023 3162
354 102 844 145 VocAthonvia
892 102 1460 144 V1TRUV1ANORVM.
1644 119 1714 154 123

129 175 236 213 Loca
246 173 325 212 haec
342 174 455 222 longe
466 172 609 212 differre
628 174 648 211 xa
661 176 698 214 V
699 176 883 212 itruviano
895 177 932 212 ὃ(
944 174 1181 212 Varroniano
1204 173 1358 217 tablino,
1382 185 1451 223 pro
1464 184 1568 212 certo
1580 175 1718 224 habco,

128 242 200 268 nec
209 231 342 268 dubito
354 258 364 274 ‚
386 231 423 266 in
434 230 584 279 privatis
595 230 770 268 domibus
781 231 818 266 in
830 231 976 266 tablinis
989 229 1086 278 signa
1098 229 1323 278 &imagines
1335 259 1344 273 ‚
1365 229 1402 266 δε
1414 240 1544 267 caetera
1555 230 1718 276 hujusce-

128 286 371 323 modiscrvari
384 285 499 322 solita.
511 286 618 335 quod
627 287 685 324 vel
696 287 804 323 locus
818 287 972 336 Apuleii
983 286 1043 321 lib.
1057 287 1122 322 ult.
1141 285 1363 322 floridorum
1376 287 1526 323 evincit.
1540 289 1588 324 ait
1600 290 1716 337 enim;

129 339 265 377 Medici
274 354 350 377 cum
359 343 581 377 intraverint
590 340 636 377 ad
644 355 771 393 aegrum
785 343 840 376 uti
849 338 924 392 wsz
929 351 978 380 nt,
993 354 1089 377 nemo
1098 353 1225 378 eorum,
1233 340 1323 392 quod
1323 338 1532 393 perpulchra
1543 340 1671 379 tablina
1681 345 1720 379 in

126 394 247 433 aedibus
257 394 378 448 vifint
389 425 398 441 ‚
425 394 653 439 &lacunaria
664 409 746 432 auro
757 392 859 432 oblita
873 426 883 442 ,
902 392 974 434 &a
1008 396 1070 433 Ad
1083 397 1172 446 quid
1184 397 1285 432 enim
1296 396 1571 445 ingrederentur
1584 427 1594 443 ‚
1615 410 1653 436 ut
1664 401 1718 436 in-

127 451 329 490 strumenta
346 452 560 489 viderent&
580 462 827 490 monumenta
847 464 967 489 rerum
978 453 1180 501 gestarum?
1213 452 1474 490 Pinaeothecas
1493 465 1618 491 autem
1637 454 1718 492 zita-

129 508 237 545 blinis
248 507 409 547 differre,
433 507 518 544 inde
531 509 721 554 conjicio,
746 508 850 556 quod
864 507 908 544 dc
919 510 986 545 illis
998 508 1121 545 noster
1130 507 1256 544 auetor-
1270 533 1277 546 ,
1299 518 1339 545 nt
1351 509 1396 546 de
1409 521 1446 545 rc
1457 508 1594 547 diversa
1605 512 1718 548 verba

126 563 278 607 feeerit3
300 566 337 601 ὃ(
348 562 422 599 fere
436 561 500 599 has
511 563 606 600 locis
618 565 658 600 iis
670 562 768 600 fuiss'e
780 562 914 600 similes
925 575 1022 612 quos
1033 564 1128 600 Salas
1146 562 1258 600 nostri
1269 564 1408 601 dicunt,
1423 566 1509 602 inde
1522 577 1717 614 argumen-

128 622 192 658 tari
205 618 336 670 potest,
349 617 452 666 quod
463 617 508 654 de
518 620 560 655 iis
572 631 660 656 cum
672 618 812 655 exedris
823 648 831 662 ,
848 620 941 656 oecis
953 622 990 656 δε
1002 620 1169 655 tricliniis
1179 620 1414 657 mentionem
1424 619 1546 659 faciat.

184 677 219 712 T
233 685 266 713 με
281 688 305 711 N
316 686 327 709 1
338 687 373 709 A.
405 673 491 710 Lib.
508 686 563 711 lv,
578 686 657 724 cap.
675 689 706 718 3.
737 672 889 724 Epstylti
905 672 1051 710 altitudo
1071 676 1170 710 mum
1181 672 1314 710 moduli
1332 688 1407 711 cum
1417 678 1515 712 taenia
1528 676 1570 720 ὠ
1588 680 1714 729 guttis.

127 730 280 768 Baldus:
312 730 395 766 Pars
407 728 456 765 est
476 729 629 778 epistylii
641 731 787 766 Dorici.
808 730 972 765 imitatur
990 740 1115 766 autem
1136 729 1316 778 regulam,
1334 733 1483 779 cymatii
1504 733 1617 771 loco,
1640 735 1717 782 epi-

126 787 232 834 stylio
244 785 306 822 sub
319 783 505 834 triglyphis
516 785 719 835 adpaE'tam5
729 786 765 821 δε
777 784 967 836 triglyphis
976 783 1058 833 ipsis
1068 795 1285 834 perpetuam
1297 787 1590 834 quodammodo
1602 786 1717 825 efficit

129 841 262 878 basim.
284 840 375 878 hanc
393 841 590 876 vernacule
604 840 783 877 Barbarus
799 837 914 875 lii‘tam
924 840 1094 889 appellat.
1127 840 1296 876 Andreas
1307 853 1396 878 vero
1409 842 1590 880 Palladius
1602 846 1718 880 veteri

127 897 268 934 sei-vato
286 896 442 933 nomine
460 896 603 931 taeniam.
638 896 682 932 Id
701 895 909 933 notandum
927 898 1067 942 obiter3
1090 894 1325 932 Philandrum
1345 896 1537 946 duplicem
1551 898 1717 948 praeferre

128 954 277 990 taeniam
293 981 303 996 ,
321 951 415 988 hanc
426 951 471 987 de
481 963 554 1000 qua
565 951 723 988 diximus
735 980 744 996 ‚
766 963 881 1000 quam
890 950 963 1003 ipse
973 951 1185 988 inferiorem
1196 953 1355 1001 appellat
1366 981 1375 996 ‚
1395 953 1544 989 alteram
1555 952 1717 1002 superio-

126 1021 217 1046 rem.
231 1009 278 1045 ait
289 1009 403 1044 enim:
439 1017 525 1059 upra
534 1005 717 1059 triglyphos
729 1005 774 1055 est⁷
783 1009 884 1043 taenia
898 1035 904 1042 .
926 1020 996 1059 que
1007 1019 1109 1059 quam
1115 1011 1167 1043 vis
1175 1012 1215 1044 tis
1234 1006 1278 1043 ad
1288 1006 1574 1060 perpendiculum
1586 1006 1718 1060 respon-

125 1063 215 1108 deat,
228 1062 440 1114 aliquantum
458 1064 628 1101 exeritur,
646 1056 690 1100 ὠ·
700 1062 778 1114 ipsis
788 1060 1010 1114 capitulorum
1023 1064 1135 1098 vicem
1142 1061 1288 1115 prastat.
1321 1064 1413 1100 Haec
1422 1064 1493 1100 ille.
1527 1064 1718 1102 Vitruvius

124 1119 350 1170 superiorem
363 1117 454 1154 hanc
465 1120 613 1156 taeniam
623 1118 893 1168 triglyphorum
905 1120 1109 1169 capitulum
1119 1119 1466 1157 vocavit.Albertus
1480 1119 1541 1155 lib.
1550 1133 1581 1163 7.
1593 1127 1716 1170 ‘capo

128 1176 274 1213 Taenias
287 1173 392 1211 hasce
403 1173 543 1222 regulas
554 1176 712 1224 appellat
726 1175 762 1210 ἃ
775 1173 952 1212 fasciolas.
985 1181 1164 1211 correntes
1176 1176 1212 1211 in
1230 1173 1287 1212 sua
1303 1174 1470 1213 versione
1482 1175 1627 1212 casdem
1646 1188 1720 1213 no-

125 1234 244 1269 minat
256 1228 417 1266 Cosmus
431 1229 637 1268 Bartholus.
655 1229 803 1279 Utique
813 1232 932 1274 taenia,
944 1232 980 1267 in
992 1230 1066 1268 hoc
1076 1233 1289 1269 ornamenti
1301 1242 1449 1280 genere,
1459 1232 1603 1280 regulas
1614 1230 1721 1281 quas-

127 1288 215 1324 dam
228 1283 417 1323 crassiores
429 1286 592 1323 imitatur
604 1315 613 1330 ‚
636 1299 718 1335 quae
732 1288 886 1335 cymatii
897 1288 980 1325 vice
990 1286 1156 1337 epistylio
1168 1285 1283 1324 uffixae
1297 1316 1305 1331 ‚
1317 1285 1521 1337 triglyphos
1531 1286 1714 1325 sustinent.

126 1343 248 1379 Porro
259 1342 362 1378 taenia
374 1341 578 1378 architectis
592 1342 892 1392 metaphoricum
902 1354 1043 1380 nomen
1056 1372 1067 1388 ‚
1082 1343 1221 1379 Graecis
1233 1343 1384 1392 quidem
1396 1340 1531 1380 Ταινίαι,
1547 1342 1568 1378 ἐι
1580 1343 1718 1379 Latinis

126 1409 254 1435 tamen
276 1394 405 1446 paffim
423 1396 630 1448 usurpatum
643 1427 652 1442 ‚
671 1396 772 1435 sensu
790 1410 870 1435 non
883 1409 1044 1436 mutato.
1080 1399 1251 1436 Denotat
1270 1409 1393 1436 autem
1415 1398 1563 1449 proprie
1575 1400 1717 1438 vittam,

127 1454 288 1491 fasciam,
302 1463 453 1491 zonam,
469 1465 653 1491 coronam
665 1483 675 1498 ‚
685 1453 903 1491 lemniscum
915 1484 925 1500 ‚
942 1455 980 1491 id
989 1453 1126 1492 scilicet
1137 1453 1240 1504 quod
1252 1454 1362 1492 nostri
1372 1450 1510 1490 hindam
1521 1453 1582 1491 scu
1591 1451 1721 1490 bindel-

126 1508 194 1546 lam
205 1509 335 1546 dicunt
345 1533 353 1547 ‚
367 1511 524 1546 nornine
535 1510 555 1546 a
565 1510 762 1547 Germanis
774 1520 967 1550 mutuato,
983 1510 1082 1561 apud
1096 1521 1193 1560 quos
1205 1515 1331 1549 biubenl
1351 1511 1491 1548 vincire
1504 1508 1566 1553 est,
1584 1512 1620 1547 &
1633 1514 1720 1549 bino!

126 1567 220 1605 vitta
231 1594 241 1609 ‚
261 1563 425 1601 fasciave.
457 1566 517 1602 De
528 1568 637 1603 taenia
655 1565 750 1616 apud
771 1566 937 1604 auctores
958 1565 1143 1614 utriusque
1162 1567 1294 1615 linguae
1314 1565 1458 1615 oppido
1481 1565 1594 1601 multa
1607 1594 1617 1609 ,
1637 1577 1721 1614 quae

127 1622 257 1659 omnia
267 1620 400 1657 referre
421 1619 572 1659 stultum
591 1619 675 1659 ess'et
685 1631 799 1671 atque
819 1620 981 1658 difficile.
1012 1621 1136 1659 Festus
1146 1623 1213 1658 erit
1233 1621 1341 1658 uobis
1351 1632 1421 1671 pro
1433 1621 1631 1658 omnibus:
1650 1626 1684 1657 T
1680 1634 1722 1656 ιε-

126 1678 235 1720 niam,
246 1677 310 1721 ait,
321 1681 350 1712 G
352 1688 472 1712 raecam
482 1690 598 1714 vocem
599 1676 636 1726 si
636 1692 651 1715 c
660 1676 914 1729 interpretatur
925 1682 958 1716 V
953 1679 1077 1723 errius,
1091 1687 1129 1713 ut
1138 1674 1241 1720 dicat,
1259 1685 1499 1712 ornamentum
1509 1672 1572 1726 effe
1582 1674 1720 1713 laneum

126 1736 243 1784 capitis
255 1730 422 1777 honorati,
434 1741 474 1767 ut
472 1732 521 1780 sit
531 1730 623 1784 apud
633 1731 803 1770 Caecilium
814 1734 852 1768 in
864 1732 1082 1785 Androgyno,
1087 1729 1312 1786 ftptilchrum
1315 1730 1457 1783 plenum
1465 1731 1659 1776 mutarum,
1668 1739 1722 1768 tta

126 1785 268 1837 assolet,
284 1781 328 1825 ὠ
338 1785 436 1832 altas,
448 1786 531 1824 dum
542 1790 678 1825 taem‘am
690 1790 750 1840 qut
761 1786 893 1824 vulnus
903 1790 1067 1828 vinciret,
1074 1790 1177 1842 petit.
1209 1788 1346 1825 Ennius
1355 1789 1394 1825 in
1407 1787 1643 1825 Alexandro:

407 1843 528 1881 Volans
538 1842 577 1880 de
588 1843 660 1881 caelo
670 1857 746 1881 cum
755 1856 874 1880 corona
885 1836 929 1882 &
939 1845 1056 1882 taenit's.

127 1897 198 1937 Sed
211 1900 248 1936 ὅ(
263 1899 391 1948 Virgil.
404 1896 553 1938 AEneid.
568 1913 601 1943 7.

776 1958 830 1994 Fit
850 1957 967 1995 tortile
984 1955 1060 1994 collo

406 2014 575 2050 &Aurum
590 2040 599 2056 ,
618 2025 740 2064 ingens
759 2010 890 2048 coluber
902 2038 909 2051 ,
923 2012 971 2063 fit
992 2010 1092 2065 longa
1109 2013 1206 2049 taenia
1225 2012 1338 2048 vittae.

183 2066 220 2100 T
235 2079 257 2102 A
273 2079 292 2101 L
306 2076 374 2104 ΕΑ.
407 2067 489 2103 Lib.
507 2080 536 2104 1.
559 2079 590 2104 c.
608 2081 638 2111 5.
660 2068 705 2104 de
725 2080 920 2105 murorum
940 2067 1225 2106 construetione.
1256 2072 1289 2104 T
1285 2080 1343 2104 um
1360 2069 1398 2105 in
1418 2064 1634 2119 craſsitudine
1650 2066 1721 2113 ejus

131 2118 241 2164 (muri
250 2121 434 2170 videlicet)
441 2131 607 2172 perpetuae
617 2123 709 2158 talen
720 2123 892 2175 oleagineae
904 2122 1054 2172 ustulatae
1066 2137 1169 2175 quam
1189 2137 1222 2159 cr
1228 2119 1393 2159 eberrime
1399 2122 1628 2172 instruantur.
1640 2119 1721 2157 Bal-

129 2176 216 2212 dus:
240 2175 341 2225 Qd
352 2174 732 2224 fintagriculatoribus
743 2179 844 2214 taleae
855 2207 864 2222 ‚
875 2179 997 2215 dicere
1008 2190 1086 2215 non
1097 2187 1260 2228 oportet.
1282 2176 1507 2214 Architectis
1519 2175 1721 2213 trabecula:

128 2231 199 2268 illae
210 2230 231 2266 s
227 2241 294 2267 unt
303 2232 526 2279 graciliores,
537 2232 671 2279 quibus
682 2245 877 2269 murorum
889 2244 1093 2281 compages
1106 2233 1358 2281 conne&irtir3
1374 2232 1598 2269 caementarii
1608 2230 1721 2267 nostri

128 2285 244 2322 claves
255 2287 448 2335 appellant.
483 2286 544 2323 Ad
562 2287 690 2323 locum
708 2288 808 2324 hunc
821 2287 1014 2324 Philander
1032 2288 1087 2324 his
1106 2287 1246 2326 verbis:
1267 2292 1331 2323 Per
1352 2289 1446 2325 muri
1466 2284 1720 2335 crassitudinem

124 2340 321 2395 graciliores
333 2338 444 2377 trabes
456 2350 628 2392 quantum
636 2338 725 2392 fitis
734 2344 813 2385 erit,
823 2340 1000 2394 exugendo
1010 2339 1150 2380 humori
1158 2340 1325 2385 astulam,
1344 2344 1410 2387 (ita
1421 2343 1509 2379 enim
1517 2337 1650 2393 sicceffie
1656 2339 1720 2377 ndo

123 2405 331 2450 permanent
348 2394 393 2432 ad
408 2394 692 2437 diuturnitatem)
721 2397 811 2433 inter
825 2394 865 2449 ft
873 2397 911 2448 Ji
925 2398 1168 2435 revinciantur
1184 2397 1387 2448 pec'tinatim
1398 2427 1408 2444 ,
1426 2395 1643 2450 serratimve
1660 2405 1719 2433 aut

128 2450 336 2489 cancellztim
350 2481 360 2496 ,
387 2464 460 2488 eam
478 2451 720 2504 colligationem
738 2453 1048 2505 connexionemque
1058 2449 1240 2505 fibulatam
1256 2450 1398 2504 quidam
1412 2461 1587 2507 putarunt
1607 2447 1719 2500 effe).

128 2514 210 2557 Qos
221 2520 305 2543 vero
314 2508 584 2560 interpretamur
596 2520 679 2559 quas
689 2509 728 2544 in
739 2504 982 2545 Architectura
992 2518 1117 2545 vocant
1127 2507 1240 2546 claves
1251 2503 1437 2560 &finan
1450 2508 1598 2555 trajecta
1607 2504 1723 2543 veluti

130 2574 209 2601 tran
215 2563 299 2600 stilla
304 2573 368 2616 per
376 2559 528 2599 trabium
537 2566 642 2615 capita
651 2592 658 2600 .
681 2565 791 2600 noftrz·
802 2610 806 2613 .
808 2561 929 2611 ferreis
931 2560 1156 2616 fiibscudibus
1167 2563 1336 2601 armillata
1347 2562 1496 2602 trabium
1506 2563 1613 2615 capita
1623 2562 1722 2610 traji-

128 2621 241 2663 ciunt,
254 2628 356 2671 atque
369 2619 417 2655 ita
427 2620 592 2655 retinent.
614 2619 714 2656 Facit
723 2622 759 2657 &
771 2620 973 2668 aliqualiter
985 2620 1031 2657 ad
1041 2633 1118 2657 rem
1128 2621 1279 2658 Nonius
1292 2649 1302 2664 ,
1314 2622 1500 2669 inquiens:
1521 2615 1724 2670 Taleasscisl

119 2674 234 2726 stanes
244 2674 426 2727 lignorum,
443 2671 736 2726 velpraestgmina.
768 2675 892 2712 Varro
907 2675 997 2713 dicit
1006 2676 1051 2715 de
1061 2689 1099 2714 re
1112 2676 1264 2714 Rustica
1274 2676 1336 2713 lib.
1354 2688 1365 2711 1
1379 2704 1386 2712 .
1399 2680 1502 2723 Ram
1512 2686 1603 2711 nunc
1615 2674 1722 2711 etiam

130 2732 259 2767 rufum
270 2743 351 2766 voce
361 2727 577 2766 intertaliare
587 2730 717 2767 dicitur
725 2728 885 2768 dividere
895 2730 960 2767 vel
964 2730 1118 2768 excidere
1129 2744 1268 2768 ramum
1279 2757 1287 2771 ‚
1301 2744 1346 2767 ex
1355 2739 1502 2782 utraque
1505 2737 1606 2783 parte
1615 2741 1723 2780 aqua-

130 2782 529 2838 biliterpr.ecifiim‚quas
537 2783 599 2822 alii
609 2783 773 2830 clavolas‚
786 2784 844 2822 alii
854 2784 959 2823 taleas
970 2786 1144 2839 appellant.
1180 2786 1271 2824 Haec
1283 2787 1456 2824 libentius
1467 2786 1587 2830 retuli,
1600 2795 1639 2822 ut
1649 2797 1721 2822 no-

133 2840 192 2877 stri
200 2840 343 2880 scirent,
357 2842 531 2879 Italicum
541 2840 695 2879 verbum
705 2842 842 2887 tanai-e,
855 2852 894 2879 ut
904 2842 1075 2894 pleraque
1087 2843 1155 2880 alia
1168 2870 1179 2888 ‚
1198 2853 1356 2881 matrem
1370 2842 1542 2881 Latinam
1553 2843 1722 2892 linguam

134 2897 345 2946 agnoscere.

192 2952 226 2988 T
242 2966 265 2990 A
280 2964 358 2990 x15.
392 2953 489 2993 Vide
510 2954 582 2992 On
595 2963 683 2992 DIN
697 2964 819 2992 ATlo.

1088 3026 1108 3050 2
1610 3005 1725 3043 Tre-

1009 3012 1075 3062 9„
