2023 3162
266 95 289 127 6
640 77 1501 120 M.V1·rriuv11Poi.L10N1s

264 163 348 190 rum
358 149 631 200 descriptiones.
642 143 913 195 orthographia
924 153 1049 179 autem
1060 141 1110 179 est
1121 142 1238 178 erecta
1250 141 1382 179 frontis
1392 144 1532 191 imago,
1543 142 1729 193 modiceq3
1742 141 1836 194 pisia

267 206 467 244 rationibus
489 206 610 255 operis
629 203 739 239 futuri
748 200 872 249 figura.
891 200 986 234 Item
1001 194 1060 242 [b]
1072 197 1332 246 scenographia
1342 196 1404 242 est,
1415 197 1548 234 frontis
1560 200 1595 236 <Sc
1606 199 1764 236 laterum
1776 199 1839 236 αὶ)-

267 261 496 299 sccdentium
519 258 776 297 adumbratio,
798 255 842 291 ad
855 254 1055 300 circinique
1066 262 1235 288 centrum
1246 254 1419 289 omnium
1439 254 1617 290 linearum
1638 254 1841 306 responsus.

269 318 336 354 Hae
348 316 544 354 nascuntur
553 326 595 350 cx
607 311 840 360 cogitatione
851 333 860 346 ‚
881 310 918 345 ὅ(
937 309 1166 344 inventione.
1198 307 1393 356 Cogitatio
1404 306 1454 344 est
1466 319 1551 345 cura
1561 308 1667 345 studii
1677 311 1785 360 plena
1802 311 1841 345 &

267 371 448 410 industria:
459 369 693 419 vigilantioeq',
707 362 1049 413 effectuspropositi
1060 374 1147 399 cuni
1159 364 1359 412 Voluptate.
1367 364 1542 400 Iuventio
1552 374 1679 401 autem
1689 365 1737 401 est
1748 377 1844 413 quae-

268 428 432 465 stionuin
443 426 681 463 obscurarum
692 420 890 469 explicatio
901 448 911 464 ,
932 420 1102 466 ratioque
1120 429 1231 455 nova:
1241 419 1428 467 reivigore
1445 418 1578 455 mobili
1591 429 1747 470 reperta.
1776 420 1844 457 Ha:

268 482 348 520 sunt
360 481 640 519 terminationes
659 474 955 525 dispositionum.
986 472 1198 520 Eurythmia
1216 472 1266 510 est
1277 473 1426 511 venusta
1445 474 1583 524 species
1600 474 1846 511 commodus-

270 540 389 588 quein
400 532 738 583 compofitionibus
747 530 1011 568 membrorum
1022 528 1289 580 ειΓρεᾶιιεΗςε
1301 527 1564 574 efficitur‚cum
1576 531 1745 567 membra
1755 540 1848 580 ope-

271 595 320 631 ris
331 585 701 631 convenientiasunt‚
720 585 920 623 altitudinis
937 584 983 621 ad
1001 583 1234 621 latitudinem
1247 610 1255 623 ‚
1275 585 1475 622 latitudinis
1495 585 1540 622 ad
1560 585 1850 635 longitudinem,

273 651 311 685 &
323 648 368 684 ad
376 647 557 683 summam
569 644 698 680 omnia
711 640 950 692 respondeant
963 641 983 677 s
978 653 1029 677 ua:
1040 639 1268 687 symmetriae.
1306 641 1402 677 Item
1413 638 1618 688 symmetria
1628 641 1678 678 est
1690 639 1851 689 exipsius

273 699 585 753 operismembris
596 700 823 736 conveniens
843 695 1036 734 consensus
1051 724 1060 741 ‚
1083 705 1126 731 cx
1146 695 1378 745 partibusque
1395 694 1564 745 separatis
1578 726 1587 740 ‚
1615 696 1660 733 ad
1679 694 1853 733 universae

272 758 401 808 figura:
413 755 571 807 speciem
582 780 592 797 ‚
616 763 698 790 ratae
719 754 826 803 partis
844 752 1049 803 responsus:
1072 752 1160 786 utin
1182 749 1345 788 hominis
1365 763 1525 803 corpore
1540 748 1560 788 ὲ
1573 752 1724 791 cubito,
1745 751 1855 802 pede,

273 816 417 865 palmo,
429 811 567 861 digito,
589 808 797 858 exterisque
808 810 967 858 partibus
980 809 1039 853 [c]
1053 804 1273 854 symmetros
1291 806 1339 843 est
1350 835 1361 852 ‚
1380 806 1429 844 fic
1441 807 1492 844 est
1509 809 1548 844 in
1568 820 1727 860 operum
1738 805 1856 857 perfe-

274 869 473 906 trionibus.
509 867 774 915 Etprimumin
785 864 922 902 aedibus
939 862 1063 901 sacris,
1088 858 1161 898 ute
1174 863 1436 901 columnatum
1456 862 1769 902 crassitudinibus,
1792 871 1857 899 aut

276 923 298 962 ὲ
309 923 496 973 triglypho
508 947 517 961 ,
539 932 602 959 aut
614 923 723 959 etiam
735 919 801 967 [d]
826 921 976 957 embate
990 917 1122 956 balista:
1143 917 1327 956 foramine
1341 945 1349 958 ‚
1361 919 1468 968 quod
1478 919 1599 956 Graeci
1611 914 1781 967 ωὲέφξιῗίον
1792 929 1859 954 νο-
1884 944 1886 946 v

276 982 391 1017 citant
404 1007 413 1022 ‚
423 979 582 1016 navibus
592 976 836 1014 interscalmio
848 1006 858 1021 ‚
869 975 973 1025 quod
986 968 1172 1019 ὃιπηχιᾱκῆ
1190 974 1337 1019 dicitur,
1347 977 1438 1012 item
1449 985 1669 1014 caeterorum
1680 985 1855 1025 operum,

276 1033 300 1072 ὲ
315 1034 492 1072 membris
504 1035 692 1072 invenitur
703 1033 997 1081 symmetriarum
1017 1031 1412 1068 ratiocinatio.Decor
1433 1041 1556 1068 autem
1575 1031 1624 1068 est
1645 1028 1861 1068 emendatus

273 1092 398 1141 operis
408 1089 750 1139 aspectus‚probatis
761 1088 871 1126 rebus
882 1085 1087 1136 compositi
1100 1097 1186 1122 cum
1197 1086 1423 1123 auCtoritate.
1443 1087 1474 1124 Is
1491 1086 1679 1136 perficitur
1691 1086 1862 1129 statione,

272 1148 338 1195 qui
349 1146 475 1182 Graece
483 1140 686 1192 θεμαῖισ-μές
705 1144 836 1180 dicitur
849 1173 859 1188 ‚
879 1141 938 1180 seu
949 1140 1212 1179 consuetudine
1224 1170 1234 1185 ‚
1248 1151 1310 1178 aut
1319 1151 1457 1179 natura.
1488 1143 1657 1179 Statione
1669 1168 1677 1181 ‚
1701 1153 1789 1179 cum
1801 1142 1864 1186 [e]

274 1199 374 1255 Jovi,
389 1202 559 1249 Fulguri,
583 1202 620 1237 ὅ(
633 1200 753 1237 Coelo
765 1202 802 1237 ὅ(
813 1200 892 1237 Soli
905 1199 941 1235 ἃ
952 1198 1067 1234 Lunae
1080 1226 1089 1241 ‚
1108 1196 1263 1234 aedificia
1282 1195 1346 1233 sub
1355 1197 1446 1234 divo
1458 1223 1466 1236 ,
1490 1196 1753 1248 hypaethraque
1773 1208 1866 1233 con-

277 1256 488 1294 stituuntur.
511 1255 663 1292 Horum
673 1256 774 1291 enim
787 1256 959 1291 Deorum
972 1253 1008 1290 &
1018 1255 1039 1289 s
1031 1253 1153 1303 pecies
1162 1254 1200 1290 ὃ(
1209 1250 1360 1289 elicitus
1373 1279 1381 1292 ‚
1401 1254 1438 1289 in
1448 1263 1578 1302 aperto
1595 1253 1741 1290 mundo
1754 1261 1866 1300 atque

278 1313 438 1355 lucenti,
457 1311 646 1361 praesentes
665 1310 849 1347 videmus.
880 1311 1059 1365 Minervae
1077 1309 1114 1344 &
1134 1308 1245 1345 Marti
1263 1310 1301 1346 &
1322 1308 1498 1352 Herculi,
1518 1305 1597 1358 [f]
1608 1309 1702 1345 aedes
1715 1310 1867 1346 Doricae

277 1367 368 1404 fient
385 1381 392 1403 :
409 1367 462 1404 his
473 1369 572 1403 enim
586 1367 667 1402 Diis
680 1376 832 1417 propter
844 1366 1033 1405 virtutem,
1047 1363 1120 1401 fine
1133 1363 1273 1401 deliciis
1292 1364 1446 1402 aedificia
1465 1364 1636 1402 constitui
1646 1364 1763 1401 decet.
1793 1363 1868 1401 Ve-

279 1424 379 1462 neri,
405 1423 521 1459 Flora:
535 1451 545 1467 ‚
566 1421 787 1471 Proserpinae
801 1446 809 1460 ,
828 1421 996 1458 'fontium
1017 1418 1204 1470 Nymphis
1226 1449 1236 1464 ‚
1266 1419 1471 1457 Corinthio
1491 1413 1625 1469 genere
1645 1419 1865 1457 constitutae,

281 1488 387 1528 aptas
397 1478 623 1516 videbuntur
633 1477 767 1514 habere
790 1478 1045 1528 proprietates,
1068 1475 1175 1524 quod
1194 1474 1248 1512 his
1259 1475 1342 1512 Diis
1354 1486 1508 1526 propter
1517 1477 1747 1513 teneritatem
1761 1503 1770 1518 ‚
1791 1484 1869 1522 gra-

283 1535 415 1571 ciliora
426 1535 464 1571 δε
475 1532 604 1570 florida
616 1562 626 1577 ‚
643 1532 814 1581 foliisque
825 1535 862 1570 ὃ(
873 1532 1010 1570 volutis
1021 1540 1151 1568 ornata
1163 1542 1278 1581 opera
1289 1530 1385 1568 fasta
1395 1560 1406 1576 ‚
1431 1543 1562 1580 augere
1582 1530 1804 1568 videbuntur
1817 1529 1872 1574 ju-

282 1587 379 1626 stum
391 1589 578 1626 decorem.
608 1586 755 1640 Junoni‚
771 1590 913 1626 Dianae,
933 1587 1074 1633 Libero
1085 1587 1177 1637 patri
1202 1585 1411 1636 caeterisque
1421 1587 1503 1623 Diis
1515 1587 1578 1636 qui
1597 1586 1726 1624 eadem
1736 1583 1818 1621 sunt
1828 1582 1871 1620 si-

1729 1640 1870 1678 militu-

285 1728 322 1764 b]
343 1729 494 1757 Philander:
507 1731 592 1768 Qod
600 1731 630 1759 de
644 1730 847 1770 orthographia
857 1730 959 1759 dierum
967 1730 1012 1763 est,
1024 1732 1049 1759 id
1061 1732 1142 1759 etiam
1153 1730 1232 1759 velim
1243 1732 1275 1759 de
1286 1729 1571 1770 Sciagraphiadid'tum,
1584 1730 1635 1757 sive
1645 1727 1872 1767 Scenographiam

331 1770 493 1807 appellemus
508 1782 514 1801 ;
527 1779 555 1797 ut
568 1771 729 1800 Hermolaus
740 1771 908 1799 scribendum
917 1779 992 1809 putat
1004 1792 1010 1803 ,
1021 1772 1095 1810 quod,
1106 1780 1135 1800 ut
1147 1771 1286 1810 iiiquit.fit
1293 1769 1410 1807 universi
1418 1772 1484 1801 tatii,
1497 1770 1565 1809 quod
1575 1770 1759 1804 Graciscenam
1768 1775 1874 1797 vocann

323 1810 484 1846 diffirmando,
495 1809 648 1846 nonftont'u,
659 1818 689 1837 ut
701 1811 900 1847 orthographia,
911 1821 959 1838 non
969 1821 1040 1845 area,
1051 1819 1082 1839 ut
1090 1812 1285 1849 Ichnographiu.
1300 1813 1373 1849 Saepe
1387 1820 1451 1838 vero
1459 1810 1611 1837 dubitatum
1621 1809 1656 1836 est
1667 1817 1732 1834 rium
1741 1811 1764 1835 &⁷
1777 1807 1872 1835 Archi-

325 1851 413 1878 tectus
424 1850 502 1888 ligno
511 1847 627 1877 formam
634 1847 716 1877 futuri
733 1851 822 1888 operis
833 1850 993 1885 (modellum
1004 1851 1114 1885 vocant)
1124 1852 1241 1878 strueret.
1256 1853 1289 1878 Et
1299 1861 1347 1878 nos
1357 1846 1447 1878 fecisse
1457 1850 1644 1881 existimamus,
1655 1849 1692 1875 ita
1701 1858 1772 1875 enim
1783 1846 1872 1876 futura

325 1889 560 1928 deprehenduntur
567 1898 660 1920 errata,
671 1893 696 1917 &
706 1891 819 1917 minimo
836 1890 980 1928 impendio.
993 1890 1121 1927 nulloque
1132 1890 1318 1921 incommodo,
1331 1888 1479 1928 priusquam
1489 1888 1564 1921 fiant,
1576 1890 1745 1929 castigantur.
1757 1889 1825 1916 Vide
1837 1889 1871 1916 de

326 1929 368 1958 his
379 1931 451 1969 plura
468 1930 494 1957 in
506 1930 667 1968 singularum
678 1940 776 1958 vocum
794 1929 1042 1969 significationibus.
1067 1930 1254 1958 Cl-Salmasius
1266 1931 1292 1957 in
1302 1930 1384 1958 Solin.
1394 1939 1454 1969 pag.
1472 1933 1528 1957 821.
1550 1928 1722 1968 0'3907392451‘22
1733 1938 1786 1957 etat
1800 1930 1872 1957 πεξὶει

325 1969 424 1999 frontis
435 1971 536 2010 imago,
544 1980 603 2009 quae
612 1971 698 2008 operis
709 1968 792 1998 futuri
803 1971 901 1999 restam
912 1967 1007 1997 faciem
1017 1968 1125 1998 modic&
1134 1970 1268 2008 depiffiim
1277 1969 1438 1998 ostendebat.
1451 1972 1486 1997 At
1498 1967 1704 2007 Ezbooyeoecpi'w
1715 1969 1802 1998 dixere
1812 1979 1872 2008 quae

327 2021 382 2039 non
394 2009 613 2041 tautumsrontis,
622 2010 664 2038 sed
676 2011 758 2039 totius
769 2012 887 2048 corporis
895 2009 999 2038 aedificii
1011 2008 1025 2037 ἑ·
1036 2009 1091 2038 solo
1100 2011 1209 2038 excitati
1220 2011 1363 2051 imaginem
1375 2019 1438 2038 cum
1447 2010 1558 2038 laterum
1568 2009 1766 2038 abscedentium
1777 2010 1872 2038 :idum-

328 2051 452 2079 bratione
462 2049 606 2079 formatam
615 2049 779 2090 praeferebat.
799 2050 871 2078 Male
884 2052 1023 2090 corrigunt
1034 2050 1231 2090 Sciagrapliiam
1240 2061 1289 2090 pro
1299 2050 1496 2090 Scenographia
1506 2050 1573 2089 apud
1584 2051 1690 2079 Vitruv.
1711 2048 1825 2081 ΣκίυὶΘι
1836 2052 1874 2080 est

327 2090 356 2119 w*
367 2094 454 2125 στῖμριε
468 2089 720 2130 corpus’humanum
730 2093 767 2120 ita
777 2092 857 2119 etiam
869 2093 957 2119 Graeci
968 2099 1107 2122 vocarunt,
1118 2101 1214 2130 corpus
1225 2090 1329 2119 aedificii
1340 2091 1373 2118 fic
1385 2092 1465 2119 etiarn
1475 2091 1644 2129 appellatum.
1663 2092 1727 2119 Inde
1744 2094 1767 2119 S<
1782 2089 1872 2124 oubun',

326 2132 395 2159 οὶκίκ
405 2152 411 2162 ,
420 2130 525 2168 οἵιημφ.
547 2131 917 2169 Auson.Mosella.Scenafi1ue
927 2131 1070 2159 domorum.
1090 2132 1127 2159 ita
1136 2131 1280 2170 appellavit
1291 2131 1437 2159 domorum
1448 2140 1569 2169 corpora.
1579 2132 1646 2159 Haec
1658 2132 1709 2159 ille.
1719 2131 1786 2160 Vide
1798 2131 1872 2168 plura

329 2173 357 2199 in
370 2173 470 2200 chico
487 2172 518 2200 ad
530 2182 626 2200 vocem
644 2171 821 2213 Sciagraphia.
844 2172 907 2199 Hoc
921 2181 1010 2200 rameii
1020 2171 1066 2200 hic
1084 2182 1138 2199 non
1148 2173 1183 2199 cst
1193 2172 1392 2200 omittendum:
1413 2173 1440 2199 in
1460 2173 1544 2199 veteri
1564 2172 1666 2200 Codice
1678 2174 1689 2208 (
1701 2181 1729 2200 ut
1741 2171 1773 2199 ab
1785 2170 1873 2200 Isiaco

331 2210 437 2245 Voffio‚
455 2213 566 2240 Gerardi
577 2212 642 2243 filio.
653 2221 811 2241 annotatum
821 2211 943 2245 invenio)
954 2212 1007 2251 legi
1018 2225 1024 2243 ;
1044 2212 1235 2250 orthographia
1247 2220 1335 2240 autem
1346 2214 1382 2240 ef?
1390 2214 1471 2239 erecta
1477 2211 1568 2247 frontis
1577 2212 1730 2246 &laterum
1738 2212 1872 2249 absceden-

334 2255 403 2280 zium
413 2252 593 2283 adumbratio.
613 2251 667 2284 Ε’Ῐε.
689 2253 853 2281 intermediis
863 2252 956 2280 deletis
969 2273 975 2285 ,
986 2256 1070 2290 imago
1081 2274 1087 2283 ,
1105 2253 1247 2292 modiceque
1260 2255 1327 2290 pilia
1338 2252 1479 2280 rationibus
1495 2255 1570 2290 opem
1583 2252 1672 2289 futuri
1682 2253 1780 2290 figura.
1802 2257 1870 2281 Item

336 2293 521 2330 scenographia
535 2295 570 2321 eil
578 2292 669 2328 frontis
680 2306 685 2318 ε
706 2293 747 2322 sed
758 2294 855 2321 refflus
867 2301 932 2330 puto
944 2301 971 2320 ut
983 2293 1079 2320 editur.

290 2335 325 2369 c]
346 2333 463 2360 Pliiland.
486 2335 586 2371 Repete
597 2332 741 2371 responsus,
750 2343 794 2361 aut
803 2333 969 2361 scribendum
981 2333 1143 2372 symmetria.
1153 2332 1246 2362 Codex
1259 2333 1385 2361 Atundel.
1397 2333 1531 2372 particulis
1541 2332 1700 2371 symmetros
1713 2334 1748 2362 est
1759 2333 1872 2373 euryth-

335 2374 394 2401 miae
406 2373 527 2412 qualitas,
538 2373 571 2401 iic
583 2374 627 2405 est,
639 2377 690 2401 ἅτ.

292 2416 330 2450 d]
352 2413 472 2441 Philand.
486 2413 609 2442 Scribunt
621 2414 730 2451 quidam
740 2414 877 2442 embatere
888 2435 895 2446 ,
916 2413 986 2452 quasi
999 2412 1173 2454 ingressorem
1183 2414 1255 2442 dicas
1264 2435 1271 2445 ,
1280 2414 1352 2453 quod
1363 2414 1485 2443 embaten
1497 2413 1566 2441 libro
1574 2422 1669 2451 quarto
1681 2424 1765 2443 vertat
1775 2415 1873 2443 modu-

334 2455 399 2482 lum.
411 2454 461 2482 Sed
471 2464 519 2481 nec
531 2455 602 2492 prior
613 2454 656 2482 illa
667 2455 840 2482 nostraleffio
849 2454 969 2493 displicet
980 2454 997 2482 si
1010 2455 1117 2484 inducta
1129 2455 1231 2485 vocula,
1242 2464 1296 2487 aut,
1306 2456 1342 2482 ita
1351 2456 1550 2495 distinguamus.
1568 2455 1600 2480 Er
1611 2456 1726 2491 primum
1735 2457 1761 2483 in
1772 2455 1872 2483 aedibus
1921 2483 1927 2487 ,

338 2495 425 2527 sacris,
436 2504 464 2522 ut
476 2493 489 2522 ὲ
501 2495 685 2523 columnarum
696 2492 917 2525 craffitudi'nibus,
933 2503 978 2522 aut
995 2493 1008 2522 ὲ
1020 2495 1160 2534 triglypho
1175 2495 1281 2523 embate
1293 2515 1299 2522 .
1317 2505 1346 2523 ut
1358 2496 1546 2533 interpretetur
1557 2494 1725 2533 triglyplium
1736 2496 1870 2527 embaten,

337 2535 364 2562 id
375 2535 420 2567 est,
433 2534 584 2566 modulum,
593 2545 623 2562 cx
633 2545 687 2574 quo
698 2535 796 2562 scilicet
807 2537 833 2562 in
843 2545 941 2574 genere
952 2535 1055 2562 Dorico
1066 2545 1151 2572 partes
1163 2546 1254 2563 omnes
1264 2536 1443 2563 metiendaent
1456 2536 1480 2562 iri
1491 2534 1546 2561 :iliis
1558 2534 1699 2573 generibus
1709 2534 1723 2563 ὲ
1733 2537 1872 2564 columna-

335 2585 395 2603 rum
407 2572 617 2603 crassitudinibus
627 2597 633 2603 .
658 2575 752 2603 deinde
764 2575 899 2613 sequatur,
916 2576 943 2602 in
955 2574 1043 2602 balista
1053 2573 1184 2603 foramine
1194 2597 1200 2608 ‚
1216 2577 1287 2615 quod
1297 2576 1383 2603 erci
1397 2575 1527 2609 ισὶὲιέῆηῖςν
1546 2576 1676 2603 vocitant.
1699 2578 1741 2604 De
1757 2586 1790 2604 eo
1798 2573 1871 2603 fora-

340 2616 412 2643 mine
422 2615 510 2644 scribit
521 2614 670 2654 lib.x.c.1p.
681 2625 721 2648 17.
745 2617 815 2643 Cod.
826 2615 955 2643 Arundel.
976 2626 988 2642 c
1003 2615 1090 2643 batere
1099 2616 1149 2643 hal.
1161 2615 1215 2649 &a

297 2657 330 2690 e]
352 2656 394 2683 cl.
404 2656 539 2684 Salmasius
549 2657 574 2683 in
583 2655 663 2683 Solin.
673 2666 751 2688 1140.
769 2656 867 2684 Sacella
875 2655 930 2683 liztc
940 2655 1104 2683 vocabantur
1114 2657 1229 2694 Templa
1241 2677 1247 2686 ‚
1266 2657 1391 2684 nimirum
1401 2655 1453 2683 sinc
1461 2656 1544 2683 testo.
1568 2654 1618 2683 Sed
1627 2658 1650 2682 δε
1660 2656 1732 2692 quod
1740 2655 1785 2684 sub
1795 2657 1869 2684 testo

339 2696 375 2723 cst
386 2700 409 2723 δε
418 2695 548 2723 foramine
557 2705 649 2734 aperto
659 2705 730 2734 patet
743 2716 750 2728 ‚
769 2697 899 2735 templum
909 2697 989 2723 etiarn
1001 2696 1108 2724 dicitur.
1129 2697 1273 2734 Sophocles
1281 2694 1348 2730 omoe'u
1360 2696 1586 2731 α’«ᾳλυφῆνοεαῑ.
1611 2695 1683 2722 Hinc
1694 2706 1760 2736 ergo
1770 2717 1777 2728 ‚
1788 2706 1817 2724 ut
1828 2699 1870 2723 vi-

338 2736 626 2775 detur,&Fulguribus
644 2737 759 2764 conditis
770 2737 834 2775 lapis
845 2736 1031 2774 imponebatur
1042 2738 1068 2764 in
1079 2737 1168 2764 medio
1177 2735 1298 2765 foramen
1309 2736 1417 2764 habens.
1438 2737 1503 2764 Hoc
1522 2735 1605 2764 veluti
1621 2735 1752 2772 templum
1768 2734 1871 2776 fulguri

337 2773 396 2804 fuit.
416 2777 484 2804 Haec
494 2785 574 2804 etiam
582 2787 633 2804 ara.

293 2815 331 2852 f]
353 2815 507 2843 Philandcr:
531 2819 614 2844 ὅπα-τ
624 2816 826 2845 aedeslioeloco
843 2816 941 2855 triplici
959 2825 1065 2844 tantum
1082 2814 1232 2844 differentia
1247 2816 1445 2845 considerantur
1457 2837 1463 2846 ,
1482 2814 1824 2853 Doricogenere,16nico,
1843 2820 1869 2844 &

339 2856 495 2888 Corinthio.
515 2858 585 2883 Nam
597 2857 628 2884 de
639 2857 791 2885 Tuscanicis
810 2857 855 2884 lib.
869 2868 877 2884 1
889 2857 1127 2894 v.cap.7.tr.1det.
1147 2859 1307 2884 Doricarum
1326 2857 1363 2885 est
1381 2857 1529 2897 neglefhoi·
1545 2859 1569 2882 δε
1586 2854 1712 2881 incultior
1731 2856 1868 2888 struetum.

338 2896 408 2923 unde
418 2899 441 2924 ἃ·
452 2895 572 2923 severior.
591 2897 738 2924 Corintliiae
748 2898 818 2933 quod
830 2898 900 2935 plum
911 2896 1008 2927 liabent
1019 2906 1185 2929 ornamenta,
1193 2897 1361 2926 delicatiores
1371 2895 1438 2926 sunt.
1460 2895 1556 2926 Mediae
1567 2893 1625 2922 sunt
1634 2896 1733 2924 lonicae
1742 2897 1811 2923 inter
1823 2897 1871 2924 ha-

339 2945 399 2965 runi
409 2937 588 2969 teneritatem,
600 2941 624 2966 &-
633 2937 739 2979 illarum
747 2938 923 2967 severitatem,

1761 2979 1798 3015 g]
1810 2977 1869 3006 Phi„
