2023 3162
491 85 1368 133 nrARerrrrccrvnALrnssVII.
1654 110 1726 148 143

145 171 238 200 num
250 159 422 197 colorem
433 187 443 203 ,
464 158 538 196 fine
550 160 643 198 vitio
660 158 694 197 se
709 159 776 197 effe
786 158 969 211 probabit.
1000 160 1064 198 Sin
1075 170 1200 199 autem
1210 159 1447 211 permanserit
1462 161 1571 213 nigro
1585 168 1730 213 colore,

145 215 363 267 significabit
381 214 415 251 se
438 215 507 252 effe
525 216 706 253 vitiatum.
737 216 837 265 Qa:
856 215 1060 255 succurrere
1083 226 1288 268 potuerunt
1307 216 1399 255 mihi
1418 217 1464 255 de
1482 221 1622 265 mini0,
1642 223 1737 261 dixi.·

150 274 208 321 [ι’]
231 269 474 319 Chrysocolla
491 281 704 322 apportatur
717 270 972 309 &Macedonia
985 301 995 317 ,
1019 272 1158 311 foditur
1168 283 1293 311 autem
1306 285 1351 311 ex
1362 272 1520 312 hislocis
1533 303 1543 319 ,
1564 277 1630 324 qui
1647 276 1729 316 sunt

146 329 309 381 proximi
329 327 456 364 aeratiis
466 328 632 364 metallis.
658 328 822 365 Minium
835 326 1054 367 &Indicum
1067 329 1132 377 [k]
1145 329 1360 369 nominibus
1369 329 1452 381 ipsis
1462 331 1637 373 indicant,
1651 335 1731 384 qui-

147 386 216 423 bus
234 385 273 421 in
282 384 375 421 locis
383 392 635 433 procreantur.

823 449 858 486 C
885 462 909 486 A
938 461 970 488 P.
1028 451 1074 488 X.

575 539 658 591 De
673 534 903 591 coloribus
922 541 1006 613 qui
1021 554 1127 592 arte
1143 538 1297 612 finnt.

148 664 370 746 INgtediar
381 678 479 703 nunc
491 665 536 702 ad
554 677 595 704 ea
606 696 616 711 ‚
633 678 713 715 quae
725 678 769 703 ex
780 666 858 703 aliis
868 666 1062 715 generibus
1073 666 1339 704 trastationum
1349 671 1604 719 temperaturis
1624 682 1731 710 com-

190 732 328 760 mutata
338 751 347 767 ‚
366 723 547 772 recipiunt
558 723 731 759 colorum
741 723 996 771 proprietates.
1021 722 1068 759 Et
1078 723 1241 772 primum
1254 734 1441 772 exponam
1452 725 1497 762 de
1507 737 1726 765 atramento.

150 778 267 823 Cuius
279 777 358 814 usus
370 780 405 815 in
416 778 590 829 operibus
602 788 752 826 magnas
763 776 871 813 habet
883 775 1125 817 necessitates,
1143 788 1184 815 ut
1202 777 1268 814 sint
1279 790 1391 824 norae,
1406 782 1732 828 quemadmodum

147 845 390 884 praeparentur
400 835 506 871 certis
517 833 721 871 rationibus
733 832 974 870 artificiorum
987 834 1033 871 ad
1048 833 1085 870 id
1099 843 1369 885 temperaturae.
1391 836 1568 885 Namque
1582 840 1642 883 [a]
1654 839 1736 876 aedi-

146 889 276 927 ficatut
286 890 390 927 locus
401 915 409 929 ,
424 891 475 926 uti
492 890 725 933 laconicum,
740 891 777 926 &
789 889 974 938 expolitur
985 902 1172 927 marmore
1183 888 1370 930 subtiliter,
1384 890 1421 927 δε
1433 891 1636 940 laevigatur:
1649 903 1735 931 ante

149 945 185 983 id
196 945 235 983 fit
246 945 433 983 fornacula
446 945 585 983 habens
604 947 640 981 in
660 946 875 982 laconicum
896 941 967 994 [b]
990 939 1117 988 nares&
1131 948 1168 984 &
1179 949 1252 993 ejus
1268 942 1331 998 [c]
1351 946 1588 997 praefurnium
1601 960 1735 998 magna.

149 1002 334 1051 diligentia
345 1002 608 1051 comprimitur
618 1030 628 1046 ,
651 1013 698 1038 ne
711 1000 861 1038 flamma
872 1010 971 1038 extra
982 1001 1191 1052 dissipetur:
1213 1002 1253 1038 in
1271 1001 1424 1041 fornace
1444 1002 1557 1040 resina
1569 1004 1736 1042 colloca-

148 1068 215 1095 tur.
248 1057 354 1094 Hanc
375 1068 498 1093 autem
517 1058 611 1106 ignis
627 1056 786 1107 potestas
808 1055 951 1093 urendo
971 1058 1074 1107 cogit
1092 1060 1261 1095 emittere
1279 1070 1343 1108 per
1360 1070 1464 1096 nares
1484 1060 1577 1096 intra
1596 1059 1737 1097 laconi-

147 1125 235 1150 cum
253 1111 318 1159 [d]
331 1112 522 1162 fuliginem
535 1126 542 1148 :
555 1125 637 1161 quae
651 1114 748 1149 circa
758 1113 935 1162 parietem
948 1116 985 1151 δε
996 1125 1147 1151 camerae
1159 1124 1398 1152 curvaturam
1409 1114 1616 1152 adhaerescit
1627 1130 1634 1151 :
1647 1114 1735 1152 inde

148 1169 300 1206 collesta
313 1171 441 1219 partim
456 1170 702 1219 componitur
713 1180 756 1205 ex
776 1169 922 1217 gummi
940 1168 1089 1207 subacto
1108 1169 1154 1206 ad
1174 1169 1279 1206 usum
1301 1169 1349 1218 [e]
1365 1172 1560 1208 atramenti
1581 1169 1732 1209 librarii:

147 1222 222 1275 [f]
238 1225 373 1273 reliqua
384 1225 541 1262 tectores
552 1249 560 1263 ‚
583 1225 768 1273 glutinum
780 1222 1020 1262 admiscentes
1031 1252 1039 1266 ,
1056 1227 1093 1262 in
1104 1225 1301 1276 parietibus
1313 1234 1475 1263 utuntur.
1495 1226 1533 1262 Si
1544 1235 1669 1263 autem
1682 1225 1735 1264 hae

149 1281 266 1330 copiae
280 1291 356 1316 non
374 1280 508 1318 fuerint
519 1290 672 1330 paratae,
696 1281 744 1317 ita
763 1277 1037 1318 necessitatibus
1056 1283 1124 1319 erit
1141 1279 1485 1321 administrandum,
1510 1292 1557 1319 ne
1570 1280 1735 1332 expecta-

149 1336 252 1373 tione
273 1347 385 1373 mora:
411 1348 466 1373 res
487 1338 722 1374 retineantur.
763 1338 840 1389 [g]
865 1335 1056 1374 Sarmenta
1073 1348 1136 1376 aut
1155 1335 1257 1375 taedae
1275 1335 1419 1374 schidiae
1440 1336 1709 1375 comburantur
1722 1365 1734 1381 ,

1644 1403 1735 1428 cum

146 1480 169 1513 i]
199 1477 281 1505 Idem.
304 1476 470 1504 Dioscorides
481 1476 524 1504 lib.
535 1488 560 1504 v.
571 1488 626 1516 cap.
638 1488 694 1505 riv.
709 1476 1019 1516 scribit,Chrysoc0llam
1030 1473 1232 1504 laudatiffimam
1244 1477 1438 1504 Armeniacam.
1449 1477 1482 1504 Et
1495 1475 1561 1503 Plin.
1573 1474 1734 1505 lib.xxx111.

180 1527 237 1555 cap.
250 1527 274 1545 v.
286 1513 490 1545 laudatillimain
502 1518 581 1545 tradit
593 1520 619 1545 in
631 1522 765 1551 Armenia,
779 1518 954 1546 secundam-in
964 1513 1318 1555 Macedonia,largiffimam
1329 1518 1355 1544 in
1367 1516 1504 1555 Hispania.
1715 1534 1720 1540 .

147 1561 175 1595 k]
206 1558 289 1585 Idem.
312 1558 428 1585 Minium
439 1558 528 1585 Minio
538 1557 670 1596 Hispania:
681 1560 762 1587 fluvio
773 1569 871 1587 nomen
880 1559 953 1586 dedit
963 1579 969 1590 ,
989 1558 1006 1585 fi
1016 1558 1145 1585 credimus
1156 1557 1256 1584 Iustino
1267 1556 1336 1584 libro
1349 1567 1427 1585 xrrv.
1448 1556 1545 1584 Scribit
1556 1556 1621 1584 Plin.
1632 1551 1732 1594 libff3'.

187 1609 244 1636 cap.
258 1608 373 1626 v11.non
384 1596 437 1626 fere
447 1599 551 1626 aliunde
563 1599 651 1626 invehi
662 1600 693 1627 ad
713 1602 850 1629 Romanos
861 1621 867 1633 ,
885 1608 965 1638 quam
976 1609 1008 1626 ex
1020 1597 1154 1636 Hispania.
1176 1596 1389 1625 Celeberrimum
1399 1607 1430 1625 ex
1449 1595 1609 1635 Sisaponensi
1620 1597 1732 1636 regione

187 1640 214 1667 in
225 1640 330 1671 erica,
342 1640 464 1667 miniario
475 1639 583 1667 metallo
592 1640 767 1679 vestigalibus
780 1643 842 1679 Pop.
859 1643 984 1669 Romano
996 1660 1001 1671 ‚
1012 1639 1106 1666 nullius
1119 1637 1289 1678 diligentiore
1300 1637 1427 1665 custodia.
1440 1636 1562 1664 Indicum
1574 1636 1645 1664 idem
1655 1645 1734 1665 autor

187 1681 222 1708 est
233 1679 347 1715 ejusdem
364 1679 410 1707 lib.
421 1690 478 1718 cap.
490 1690 529 1708 vr.
545 1690 575 1708 ex
588 1680 660 1708 ludia
670 1682 812 1719 apportari,
825 1681 996 1719 inexploratae
1006 1679 1089 1707 adhuc
1101 1678 1272 1706 inventionis.
1293 1678 1390 1705 Veneti
1401 1677 1498 1713 Endigo
1510 1685 1618 1705 vocant.
1628 1676 1729 1709 Nostri,

188 1719 281 1759 quibus
293 1722 411 1759 ingratus
423 1719 636 1748 chirothecarum
644 1721 679 1748 est
691 1721 799 1753 candor,
808 1732 860 1751 eas.
870 1720 953 1749 animi
964 1718 1158 1758 voluptatisque
1167 1717 1249 1752 causa,
1260 1717 1349 1746 indico
1357 1716 1479 1746 inficiunt
1489 1720 1515 1746 <sc
1525 1717 1657 1751 colorant,
1669 1717 1729 1745 Iudi

188 1761 358 1799 appellantes.
377 1761 509 1789 Caeruleus
520 1761 554 1788 est
563 1762 683 1789 illicolor
695 1782 702 1794 ‚
716 1771 806 1789 verum
820 1762 929 1801 nigrior.
940 1760 990 1788 Sed
1002 1759 1034 1787 de
1043 1759 1089 1787 illo
1099 1768 1174 1786 mox.

147 1814 178 1848 a]
208 1810 356 1838 Philander.
378 1813 500 1840 Diximus
510 1812 556 1840 llb-
568 1823 592 1840 v.
612 1812 764 1840 laconicum
774 1808 825 1840 effe
843 1813 934 1840 locum
945 1811 1027 1839 veluti
1038 1818 1197 1838 cameratam
1208 1808 1234 1837 in
1244 1807 1456 1847 hemisphaerium
1474 1807 1630 1838 turriculam
1640 1807 1667 1836 in
1677 1805 1735 1836 bal·
1749 1814 1811 1849 Cap.
1829 1819 1855 1839 x.

189 1852 252 1880 neis.
274 1851 314 1878 Ad
325 1852 379 1886 eju<
391 1850 504 1879 sormam
513 1853 586 1887 jubet
595 1854 680 1879 extrui
690 1866 695 1883 ;
706 1854 730 1880 in
742 1853 813 1891 quod
822 1862 853 1881 ex
864 1852 1012 1881 adhaerente
1020 1849 1157 1879 fornacula
1165 1847 1297 1878 deferatur
1305 1847 1394 1878 fumus
1405 1849 1506 1878 xefinae.

148 1892 177 1928 b]
214 1892 296 1920 Idem.
320 1892 348 1919 Id
360 1892 393 1919 cst
406 1893 545 1920 interiores
556 1890 654 1922 fauces.
665 1902 694 1920 os
706 1894 826 1921 interius.

148 1935 173 1968 c]
207 1933 291 1960 Idem.
311 1932 373 1960 Hoc
383 1933 463 1960 ctiam
476 1932 537 1960 loco
548 1943 595 1970 pro
606 1934 737 1961 exteriore
748 1943 794 1961 ore
806 1931 949 1961 fornaculae
961 1932 1138 1970 interpretem
1157 1929 1230 1969 quod
1241 1929 1286 1958 ubi
1302 1929 1393 1958 inditae
1403 1929 1461 1959 sunt
1469 1929 1581 1959 Schidiae
1592 1951 1600 1964 ‚
1619 1930 1734 1971 diligen-

193 1970 288 2001 tiffime
299 1972 494 2001 occludendum
505 1974 550 2001 est.

150 2014 180 2048 d]
210 2013 292 2040 Idem.
318 2014 412 2052 Fuligo
421 2015 454 2041 est
467 2013 584 2041 densatus
594 2011 679 2041 fumus
690 2012 979 2052 parietibusinhaercns.

150 2056 176 2089 e]
208 2053 289 2080 Idem.
311 2055 408 2081 Praerer
418 2063 595 2082 atramentum
606 2055 752 2086 librarium,
762 2054 813 2082 five
822 2053 999 2092 scriptorium,
1010 2053 1050 2081 uti
1059 2051 1223 2081 Cor.Cclsus
1235 2060 1323 2083 vocat.
1334 2052 1358 2080 id
1369 2052 1403 2080 est
1414 2062 1469 2091 quo
1480 2050 1626 2083 scribimus,
1638 2051 1670 2079 de
1681 2061 1735 2089 quo

191 2092 342 2121 Dioscorid.
353 2093 642 2132 lib.v.cap.u1t.tradit,
652 2094 748 2133 triplex
759 2093 804 2122 hic
815 2094 956 2122 atramenti
967 2094 1073 2121 testorii
1084 2093 1135 2121 five
1146 2094 1253 2132 pictorii
1261 2094 1330 2120 ratio
1338 2092 1513 2131 praescribitur
1523 2093 1590 2119 Plin.
1600 2091 1733 2118 lib.xxxv.

192 2143 249 2171 cap.
262 2139 288 2160 6.
307 2133 377 2161 liunc
390 2135 480 2162 locum
493 2136 527 2162 cst
538 2135 664 2162 imitatus.
689 2137 761 2163 Cum
770 2136 841 2162 enim
849 2131 965 2164 dixiffet,
977 2142 1156 2162 atramentum
1166 2133 1286 2161 nativum
1297 2154 1303 2163 ,
1313 2142 1356 2160 aut
1369 2132 1501 2171 salsuginis
1512 2132 1594 2159 modo
1603 2141 1734 2163 emanare,

190 2183 235 2201 aut
245 2182 342 2201 terram
353 2173 432 2211 ipsam
443 2173 571 2213 sulphurei
582 2175 679 2202 coloris
688 2175 719 2202 ad
730 2175 781 2202 hoc
792 2174 911 2212 probari:
935 2175 977 2201 Fit
992 2194 998 2206 ,
1008 2174 1093 2212 inquit
1103 2194 1110 2205 ,
1128 2177 1152 2202 ὃ(
1163 2171 1274 2212 fuligine
1284 2172 1400 2210 pluribus
1409 2172 1497 2199 modis
1510 2191 1516 2202 ,
1534 2171 1616 2199 telina
1628 2171 1668 2199 vel
1677 2172 1736 2210 pice

192 2214 294 2243 exustis.
310 2222 417 2252 propter
428 2215 500 2253 quod
512 2213 633 2243 officinas
646 2216 725 2243 etiam
735 2214 898 2242 aedificavere
909 2211 1013 2241 fumum
1024 2223 1085 2241 eum
1096 2213 1262 2241 emittentes.
1284 2212 1455 2240 Adulteratur
1469 2209 1619 2239 fornacium
1630 2210 1737 2239 balnea-

192 2264 302 2292 rumque
312 2252 437 2293 fuligine,
445 2264 499 2293 quo
510 2255 540 2282 ad
552 2255 687 2282 volumina
695 2254 828 2282 scribenda
839 2263 959 2282 utuntur.
982 2256 1048 2281 Sunt
1058 2257 1082 2281 ὃς
1093 2254 1140 2291 qui
1151 2253 1204 2280 vini
1214 2250 1309 2279 faecem
1319 2252 1476 2280 exsiccatam
1485 2260 1636 2290 excoquant
1645 2273 1652 2285 ,
1663 2250 1738 2280 affir-

192 2304 328 2333 mentque,
341 2295 358 2322 fi
369 2305 401 2322 ex
413 2294 486 2322 bono
497 2296 559 2322 vino
571 2293 621 2322 faex
630 2293 718 2326 fuerit,
728 2295 809 2322 indici
819 2294 932 2332 speciem
943 2293 994 2320 hoc
1004 2301 1182 2320 atramentum
1191 2291 1316 2330 praebere.

146 2336 183 2374 f]
213 2335 297 2363 Idem.
317 2335 468 2374 Fuliginem
477 2344 534 2363 eam
545 2344 624 2362 vocat
637 2333 806 2363 Dioscorides
818 2334 864 2361 lib.
877 2344 915 2361 ιν.
925 2331 1101 2370 ζωγμλιιφικῦκὶ
1111 2331 1238 2363 oio-am),
1248 2332 1272 2360 id
1282 2333 1326 2362 est,
1335 2332 1476 2370 pistoriam
1488 2330 1639 2372 fuliginem.
1651 2333 1737 2371 Qiod

193 2376 224 2404 ad
235 2375 370 2416 glutinum
381 2376 485 2406 attinet,
495 2375 566 2414 quod
575 2375 661 2403 Graeci
672 2375 754 2402 modo
772 2373 869 2408 κώλων,
882 2374 964 2401 modo
976 2376 1142 2410 wwgonoemow
1151 2373 1300 2406 nominant,
1311 2373 1390 2401 tradit
1401 2373 1509 2401 Aristot.
1518 2374 1617 2402 lib.111.
1627 2374 1657 2401 de
1669 2375 1694 2401 Η
1702 2374 1738 2400 ist.

193 2416 312 2445 Animal.
323 2426 354 2444 ex
364 2416 499 2444 coriorum
510 2415 593 2443 boum
610 2414 844 2445 mucosolentore,
860 2414 931 2453 quod
942 2414 1006 2441 iniis
1018 2413 1145 2452 plurimus
1157 2413 1203 2445 lit,
1225 2411 1291 2441 fieri.
1315 2413 1381 2441 Plin.
1391 2413 1437 2441 lib.
1448 2424 1551 2442 xxvirr.
1570 2423 1627 2452 cap.
1640 2423 1665 2440 x.
1681 2413 1737 2441 fieri

193 2458 230 2485 ait
250 2454 487 2496 praestantissimum
505 2465 682 2483 extaurorum
699 2455 803 2483 auribus
822 2459 847 2483 ὃς
863 2453 1022 2494 genitalibus
1034 2475 1040 2485 .
1061 2453 1199 2481 adulterari
1218 2463 1282 2482 vero
1297 2453 1429 2493 quibusvis
1447 2454 1557 2493 pellibus
1574 2454 1738 2484 inveteratis,

195 2497 381 2526 calceamentis
393 2498 473 2525 eriam
484 2497 611 2524 decoctis.
635 2497 695 2532 Ejus
705 2496 820 2535 glutini,
843 2495 917 2523 ficuti
929 2494 1087 2522 Sarcocollae
1097 2494 1154 2522 suus
1167 2515 1174 2526 ,
1193 2503 1246 2522 erat
1257 2495 1283 2521 in
1301 2496 1409 2532 picturis
1426 2498 1450 2523 δι
1467 2494 1664 2523 Industionibus
1674 2492 1738 2521 usus·-

196 2538 255 2566 Alia
265 2538 363 2578 glutini
375 2537 513 2565 traduntur
525 2547 632 2577 genera,
642 2537 697 2564 auri
710 2535 889 2574 chrysocolla,
908 2534 969 2563 ferri
980 2535 1078 2574 argilla,
1088 2544 1214 2562 aerearum
1225 2531 1364 2564 massarum
1375 2535 1491 2564 cadmia,
1512 2535 1669 2562 laminarum
1683 2534 1739 2561 alu-

195 2589 267 2610 men,
285 2586 488 2606 aeramentorum
501 2578 617 2605 stannum
630 2598 636 2608 ,
656 2577 737 2605 stanni
747 2585 888 2616 argentum
900 2596 907 2606 ,
927 2576 1066 2603 marmoris
1088 2578 1112 2602 ὅ(
1130 2574 1231 2613 plumbi
1241 2575 1321 2603 resina
1334 2597 1340 2607 ,
1359 2576 1460 2614 plumbi
1470 2574 1521 2602 albi
1539 2574 1629 2602 album
1639 2595 1646 2606 ,
1669 2574 1739 2613 nigri

194 2619 284 2647 album
296 2619 413 2646 oleo.Est
422 2622 445 2646 ἃ
456 2628 509 2656 quo
518 2617 608 2655 lapidis
619 2618 787 2645 marmorisve
796 2615 946 2656 fragmenta
955 2626 1016 2644 curn
1026 2615 1127 2653 reliquo
1139 2624 1250 2654 corpore
1262 2618 1472 2655 conjunguntur.
1488 2614 1627 2643 lithocolla
1638 2615 1739 2642 Graecis

195 2660 303 2688 dicitur.
318 2658 469 2687 Conficitur
479 2669 509 2686 ex
520 2658 633 2693 ejusdem
645 2658 782 2685 marmoris
797 2666 840 2685 aut
851 2657 942 2695 lapidis
953 2656 1061 2695 pulvere
1077 2665 1138 2683 cum
1148 2656 1214 2683 tauri
1224 2656 1340 2695 glutino.
1350 2656 1433 2691 Cujus
1445 2656 1507 2682 loco
1517 2655 1596 2694 aliqui
1608 2656 1653 2682 ovi
1663 2655 1740 2682 albu·

196 2710 258 2728 men
270 2721 277 2731 ‚
297 2700 338 2727 alii
350 2701 437 2738 picem
448 2699 588 2735 adjiciunt.
617 2699 655 2726 Hi
667 2699 774 2737 nigrum
793 2706 896 2725 tanturn
907 2698 1027 2726 colorem
1038 2718 1044 2729 ,
1067 2696 1104 2724 illi
1115 2696 1223 2731 adjec'tis
1241 2697 1385 2736 pigmentis
1398 2696 1499 2723 colores
1517 2695 1622 2734 quosvis
1633 2692 1741 2733 possunt

196 2741 327 2768 ementiri.
349 2741 491 2768 Glutinum
499 2748 588 2768 autem
599 2739 650 2768 five
661 2739 758 2767 collam
769 2738 908 2766 nominant
918 2747 1023 2767 autores
1034 2758 1041 2770 ,
1058 2745 1112 2776 quo
1120 2737 1207 2764 tenaci
1218 2746 1286 2764 uexu
1298 2736 1405 2767 haerent.
1418 2745 1475 2775 quae
1485 2735 1534 2764 alia
1544 2737 1646 2764 ratione
1656 2736 1741 2775 aptius

200 2781 275 2820 jungi
286 2791 338 2809 non
351 2789 486 2819 poterant.

158 2821 190 2859 g]
221 2822 301 2850 Idem.
322 2822 407 2849 Tollo
416 2822 621 2854 distinctionem,
637 2824 660 2849 &
672 2820 744 2860 lego,
755 2819 829 2848 taedae
840 2818 965 2851 Schidiae,
976 2817 1001 2846 id
1012 2818 1047 2846 cst
1058 2839 1064 2850 ,
1077 2817 1159 2846 veluti
1169 2815 1319 2857 fragmenta
1328 2820 1352 2845 ὃ(
1362 2817 1445 2846 veluti
1460 2812 1547 2846 affulae
1558 2820 1581 2846 &
1592 2816 1740 2845 secamenta

201 2861 273 2889 taedae
283 2861 389 2889 arboris.
405 2863 436 2890 de
446 2872 496 2901 qua
505 2862 570 2890 Plin.
582 2862 627 2890 lib.
641 2872 699 2889 κνι.
710 2871 766 2899 cap.
777 2871 801 2888 x.
815 2863 844 2887 Iu
857 2869 909 2898 qua
917 2857 1110 2899 significatione
1121 2857 1194 2886 usum
1205 2859 1357 2885 monuimus
1368 2858 1415 2885 lib.
1424 2868 1458 2886 ιι.
1469 2868 1525 2896 cap.
1537 2868 1557 2885 r.
1578 2858 1671 2886 Claud.
1682 2856 1740 2884 Sal-

162 2937 165 2940 >
202 2900 293 2936 malim
304 2903 329 2930 in
340 2903 490 2942 Solin.p.1g.
501 2912 565 2937 504.
581 2903 656 2931 Tadu
667 2902 818 2929 communis
826 2902 861 2929 est
873 2901 963 2939 piceae,
975 2903 999 2927 ὃς
1012 2900 1086 2938 pinus
1097 2903 1120 2927 δε
1130 2899 1251 2926 omnium
1261 2897 1386 2926 arborum
1399 2897 1541 2937 ὃᾳδὶφόξων.
1556 2909 1604 2926 nec
1616 2899 1687 2925 enim
1699 2907 1742 2924 ar-

201 2940 272 2967 boris
281 2941 386 2980 speciale
395 2953 494 2971 nornen
506 2944 551 2974 est,
561 2943 603 2971 scd
614 2953 652 2971 res
663 2943 794 2980 pertinens
806 2942 837 2969 ad
848 2951 940 2968 omncs
953 2943 1103 2978 σηοσοφόξκς
1114 2938 1219 2966 arbores
1230 2959 1236 2971 ‚
1256 2948 1314 2977 quae
1325 2940 1421 2967 taedam
1431 2939 1531 2967 habent
1544 2960 1550 2973 ‚
1563 2948 1642 2978 quam
1653 2936 1740 2966 Graeci

202 2983 227 3009 δι
236 2978 301 3019 δᾷἓαι
312 2992 417 3017 vocant,
429 2984 474 3023 qui
482 2983 609 3024 nusquam
620 2983 686 3012 hauc
698 2992 793 3012 vocem
805 2981 958 3021 usurparunt
969 2990 1018 3019 pro
1028 2989 1103 3010 certo
1114 2979 1214 3008 arboris
1225 2989 1333 3019 genere.
1353 2980 1420 3010 Vide
1431 2980 1541 3019 reliqua.
1661 3018 1688 3046 Id

1616 3021 1647 3053 h]
1691 3027 1743 3046 em.
