2023 3162
950 0 965 23 l

452 153 517 178 ne
557 138 1075 179 ARc-H1T1-:crvRA
1131 137 1335 180 LmV.
1640 154 1687 191 93

104 217 149 243 ex
161 208 302 245 ratione
315 206 588 245 modulationis
601 207 751 246 Doricae
763 206 951 258 perfectas.
966 207 1198 246 Latitudines
1209 219 1336 247 autem
1346 220 1474 247 earum
1485 210 1534 248 ita
1544 222 1697 261 oporte-

104 273 144 298 re
155 262 232 300 fieri
241 263 420 304 videntur,
436 264 489 300 uti
499 272 636 312 quanta
645 263 838 300 altitudine
849 266 1036 301 columnae
1047 261 1182 302 fuerint
1199 266 1415 310 exteriores,
1426 275 1564 304 tantam
1576 268 1695 304 latitu-

104 318 230 356 dinem
243 319 402 357 liabeant
414 319 460 356 ab
471 317 644 355 inferiore
653 327 757 367 parte
771 320 1034 357 columnarum
1045 330 1292 358 extremarum
1303 321 1348 358 ad
1359 321 1497 359 medias
1509 348 1517 362 ‚
1532 324 1568 360 δ(
1582 321 1601 358 a
1616 334 1695 359 me-

104 373 221 413 dianis
234 375 279 412 ad
290 376 459 426 parietes,
479 376 543 422 qui
562 373 859 411 circumcludunt
877 376 1043 426 porticus
1057 374 1340 413 ambulationes.
1371 377 1555 415 Mediana:
1567 389 1692 415 autem

104 431 290 468 columnae
301 432 427 479 quinta
435 439 537 480 parte
548 429 696 465 altiores
708 428 787 468 sint,
795 441 906 479 quam
916 430 1190 471 exteriores‚sed
1202 442 1267 469 aut
1278 433 1411 470 lonico
1421 433 1693 471 autCOtintliio

105 498 240 536 genere
252 484 802 523 deformentur.Columnarum
814 496 938 523 autem
950 488 1214 536 proportiones
1225 489 1260 525 ὃ(
1272 488 1486 536 symmetria:
1498 501 1574 526 non
1587 501 1694 527 erunt

104 542 232 580 iisdem
244 541 450 579 rationibus
460 539 595 589 quibus
607 541 644 576 in
656 540 791 577 :edibus
802 540 906 577 sacris
916 540 937 576 s
931 540 1047 591 cripfi.
1061 542 1190 578 Aliam
1201 544 1302 580 enim
1314 545 1352 580 in
1363 544 1537 582 Deorum
1547 546 1693 594 templis

106 598 242 635 debent
254 597 387 635 habere
397 596 637 645 gravitatem.
661 596 770 632 aliam
789 598 825 632 in
837 597 1045 646 porticibus
1058 598 1096 634 ἃς
1107 599 1245 634 caetetis
1256 600 1433 648 operibus
1445 599 1692 638 subtilitatem.

106 655 234 703 Imque
243 653 268 690 fi
281 653 415 690 Dorici
423 652 564 701 generis
575 660 681 687 erunt
693 652 899 691 columnae,
927 651 1163 690 dimetiantur
1174 663 1300 690 earum
1313 655 1523 693 altitudines
1535 668 1622 694 cum
1636 668 1694 694 ca-

106 710 233 761 pitulis
244 711 281 746 in
293 716 412 758 partes
422 706 654 756 quindecim,
669 709 706 744 &
716 718 761 743 ex
774 709 825 744 eis
834 706 994 757 partibus
1008 719 1081 744 una
1092 706 1350 748 constituatur.
1379 710 1416 746 &
1427 710 1489 748 fiat
1501 713 1693 756 modulus,

108 765 153 803 ad
165 767 268 810 cujus
279 761 422 801 moduli
432 763 620 799 rationem
630 763 755 799 omnis
766 763 890 812 operis
901 765 968 798 erit
978 763 1178 812 explicatio
1191 789 1199 802 ,
1217 765 1394 802 &inimo
1407 767 1595 804 columna:
1607 767 1695 804 eras-

107 821 227 858 fitudo
245 819 306 856 fiat
326 817 486 855 duorum
508 816 764 855 modulorum.
798 818 1137 855 Intercolumnium
1155 820 1322 868 quinque
1333 822 1369 857 &
1381 821 1529 858 moduli
1540 824 1694 860 dimidia

109 887 218 927 parte.
252 874 423 912 Altitudo
435 874 636 910 columnae,
652 882 778 923 praeter
790 874 989 923 capitulum
1003 902 1013 918 ,
1035 875 1320 924 quatuordeeim
1332 877 1591 915 modulorum.
1623 879 1695 916 Ca·
1706 883 1756 909 Ar.
1770 888 1826 909 κη·

107 933 213 985 pituli
225 929 380 968 altitudo
392 928 539 965 moduli
550 929 656 965 unius
669 943 675 966 :
688 928 842 966 latitudo
855 929 1099 967 modulorum
1108 929 1284 975 duorum,
1297 931 1335 967 &
1348 932 1491 969 moduli
1503 933 1606 970 sexta:
1616 945 1694 984 par-

109 989 166 1024 tis.
181 987 312 1025 Caeteri
322 985 445 1035 operis
457 984 750 1028 modulationes,
762 986 817 1022 uti
829 985 873 1022 de
883 986 1021 1023 aedibus
1031 985 1133 1023 sacris
1143 987 1180 1022 in
1192 987 1288 1024 libro
1300 997 1433 1037 quai-to
1449 987 1618 1038 scriptum
1629 990 1692 1033 est,

108 1046 158 1081 ita
169 1042 412 1093 perficiantur.
444 1040 508 1077 Sin
519 1050 644 1077 autem
656 1041 789 1076 Ionicae
801 1041 986 1078 columnae
999 1040 1108 1082 fient,
1131 1041 1259 1093 scapus
1270 1054 1400 1093 praetei·
1410 1044 1541 1094 spiram
1554 1046 1589 1081 ἃ
1602 1046 1697 1094 capi-

109 1100 228 1137 tulum
239 1099 276 1135 in
286 1097 375 1135 osto
386 1105 504 1147 partes
516 1098 553 1134 ὃς
565 1095 758 1133 dimidiam
770 1096 950 1135 dividatur
961 1125 971 1140 ,
991 1099 1029 1134 ὅ(
1049 1110 1092 1135 ex
1114 1097 1169 1135 his
1188 1110 1259 1135 una
1278 1098 1497 1137 crassitudini
1511 1101 1696 1136 columna:

109 1154 222 1191 detur.
255 1154 356 1204 Spita
376 1163 463 1189 eum
483 1150 629 1201 plintho
651 1151 806 1188 dimidia
826 1151 1056 1190 crassitudine
1074 1154 1328 1192 constituatur.
1360 1156 1525 1205 Capituli
1543 1156 1637 1191 ratio
1647 1157 1698 1192 ita

108 1210 181 1248 fiat,
199 1212 250 1247 uti
261 1210 297 1245 in
321 1205 398 1259 [f]
421 1209 529 1245 tertio
541 1205 636 1243 libro
648 1205 698 1243 est
708 1206 1011 1245 demonstratum.
1042 1210 1080 1246 Si
1091 1210 1290 1247 Corinthia
1301 1211 1385 1250 erit,
1408 1210 1535 1262 scapus
1545 1213 1582 1248 &
1594 1210 1695 1260 spira,

109 1267 206 1304 utiin
217 1266 356 1302 Ionica:
369 1265 570 1313 capitulum
585 1273 722 1306 autem,
736 1263 1054 1311 quemadmodum
1064 1267 1100 1301 in
1113 1268 1180 1317 [g]
1194 1275 1328 1314 quarto
1340 1265 1435 1302 libro
1447 1266 1496 1303 est
1508 1266 1696 1316 seriptum,

108 1323 157 1359 ita
166 1320 295 1359 habeat
305 1321 498 1357 rationem.
513 1315 574 1364 [h]
585 1318 857 1369 stylobatisque
869 1319 1039 1367 adjectio,
1051 1333 1132 1370 quae
1142 1320 1183 1358 fit
1193 1333 1258 1372 per
1268 1320 1453 1359 scamillos
1463 1324 1636 1373 impares,
1649 1333 1694 1359 ex
1707 1329 1818 1398 *baffia-

550 1399 552 1401 >
1066 1378 1110 1415 M
1145 1391 1160 1421 3
1563 1377 1695 1414 descri—
1726 1381 1737 1398 e
1757 1380 1789 1397 ⁰⁵·

121 1434 1697 1444 —m—,ffl

140 1460 208 1487 ultr-z
218 1467 337 1497 quartam
349 1460 576 1490 columnationem
586 1460 668 1488 sursus
680 1460 765 1489 versus
784 1470 838 1489 non
853 1469 917 1499 puto
928 1461 1052 1498 antiquos
1062 1457 1114 1488 esse
1124 1458 1286 1501 progreffos.
1309 1463 1402 1500 Neque
1409 1461 1600 1500 Septizonium.
1609 1459 1695 1497 sepul—

138 1499 195 1528 chri
205 1501 306 1539 gratia,
324 1501 364 1527 via
376 1502 458 1539 Appia
468 1502 536 1529 inter
544 1502 692 1529 Palatinum
703 1505 727 1529 &
741 1501 862 1530 Coelium
871 1509 977 1528 montes
991 1502 1005 1528 a*
1017 1503 1115 1529 Severo
1126 1503 1193 1540 Imp.
1206 1503 1375 1532 exrruftum,
1393 1504 1450 1537 (cui
1460 1500 1598 1529 dimidiam
1609 1497 1696 1527 dceffe

141 1550 244 1580 partem
254 1540 284 1568 ad
298 1542 408 1568 Circum
420 1543 531 1570 Maxim.
542 1543 627 1580 operis
638 1543 705 1569 ratio
713 1542 808 1576 docet)
828 1540 843 1569 ,ὲ
863 1541 972 1580 septeno
989 1542 1176 1570 columnarum
1192 1543 1285 1570 ordine
1299 1551 1424 1570 vocaturn
1436 1543 1479 1570 est.
1504 1545 1628 1579 Arguunt
1640 1549 1694 1567 tres

138 1583 182 1620 qui
191 1580 323 1619 supersunt
334 1582 474 1610 altitudine
482 1582 643 1620 (pestabiles,
651 1591 767 1622 arguunt
776 1583 909 1610 interioris
919 1580 1024 1610 aedificii
1034 1593 1066 1611 ex
1077 1582 1205 1621 quadrato
1216 1584 1300 1621 lapide
1312 1581 1452 1620 intersepta
1463 1581 1601 1619 septem,&
1612 1580 1694 1608 veluti

140 1622 242 1654 solaria,
255 1630 282 1649 ut
292 1622 447 1660 loquuntur,
459 1623 509 1650 live
520 1622 645 1655 tabulata,
656 1624 725 1651 unde
735 1622 750 1651 d
761 1623 893 1651 nonnullis
902 1621 1063 1661 septisolium
1074 1623 1235 1662 appellatum
1246 1624 1289 1651 est.
1315 1623 1398 1661 Qod
1412 1623 1537 1661 Egnatius
1547 1621 1661 1659 Baptista
1670 1624 1697 1648 Sc

143 1662 190 1690 Ph.
201 1663 352 1694 Beroaldus,
363 1664 515 1701 caeterique,
524 1673 615 1702 parum
625 1664 757 1695 viderunt,
771 1665 816 1702 qui
825 1664 889 1691 alios
899 1672 1013 1702 quatuor
1023 1664 1209 1692 columnarum
1220 1664 1324 1691 ordines
1334 1662 1546 1700 superimpositos
1557 1659 1631 1689 fuisse
1641 1661 1698 1689 exi-

144 1703 288 1731 stimarunt.
302 1705 358 1731 Nec
369 1703 501 1731 credibilis
511 1705 612 1743 reliqua
622 1704 745 1735 altitudo,
755 1702 886 1744 fastigium
895 1704 926 1731 ad
935 1714 1061 1732 cacumen
1071 1705 1270 1735 aestimantibus,
1282 1712 1310 1731 ut
1321 1703 1412 1740 loquar
1422 1713 1483 1731 cum
1494 1702 1591 1730 Plinio.

102 1742 141 1779 s]
163 1743 309 1771 Philinder.
327 1745 387 1778 Ejus
398 1744 459 1771 libri
471 1754 528 1783 cap.
541 1745 802 1773 iii-demonstravit:
824 1754 878 1783 quo
888 1744 941 1772 loci
952 1748 976 1772 δε
986 1755 1017 1772 ex
1027 1743 1154 1772 sententia
1166 1744 1251 1772 nostra
1259 1743 1507 1776 demonstravimus,
1519 1741 1657 1781 quomodo
1665 1741 1697 1770 ad

150 1784 280 1811 circinum
290 1783 480 1812 describeretur
492 1786 614 1813 Ionicum
625 1784 780 1822 capitulum,
790 1784 815 1812 id
827 1785 870 1815 est,
880 1785 950 1812 recte
962 1785 1060 1813 voltirre
1070 1784 1281 1812 involverentur.
1311 1786 1381 1812 Nam
1392 1793 1449 1822 quae
1460 1782 1528 1811 fiunt
1537 1792 1568 1810 ex
1580 1783 1696 1810 Vitruvii

149 1823 312 1862 prael'criptO,
326 1825 370 1851 niii
381 1824 488 1853 artificis
498 1835 576 1853 mauu
586 1825 752 1859 adjuventur,
763 1825 829 1853 haud
841 1824 903 1856 scio,
915 1835 945 1852 ari
956 1824 1174 1863 superbojudicio
1185 1825 1233 1853 lint
1241 1823 1347 1852 ffflurae
1357 1825 1426 1852 satis.
1449 1825 1483 1851 Et
1494 1833 1643 1862 quanquam
1650 1822 1698 1850 ha-

148 1866 240 1893 sterius
253 1866 272 1891 is
282 1865 356 1891 locus
367 1864 469 1892 habitus
479 1867 555 1896 esbiit
567 1865 646 1893 Delio
655 1866 739 1903 (quod
748 1866 857 1898 dicitur)
868 1865 973 1893 habetet
983 1876 1048 1904 opus
1057 1866 1247 1899 divinatore‚&
1260 1865 1367 1902 Oedipo
1376 1863 1540 1900 eonjestorffl
1553 1863 1598 1891 nili
1610 1861 1697 1895 fallor.

149 1915 207 1943 qua:
219 1904 374 1943 scripiimus,
385 1907 418 1933 ita
430 1905 586 1945 scripiimus,
598 1915 626 1933 ut
639 1916 696 1944 quae
707 1906 840 1934 tradiderit
851 1915 942 1944 parum
954 1906 1025 1934 culta
1037 1909 1060 1934 ὅ(
1070 1901 1204 1942 difficilia,
1217 1915 1266 1946 pro
1274 1904 1371 1933 viribus
1380 1914 1434 1933 non
1445 1904 1614 1945 negligenter
1626 1907 1649 1932 3.-
1660 1904 1702 1931 di-

149 1946 235 1974 lucide
245 1947 452 1974 trastaverimus.

109 1987 140 2023 g]
172 1986 254 2014 ldcin.
277 1987 306 2014 Id
317 1985 416 2015 fat-'ium
428 1997 537 2025 capuit.
546 1989 604 2016 Nos
617 1997 717 2020 tamen,
729 1997 757 2017 ut
767 1988 846 2017 semel
855 1996 941 2016 totam
954 1987 1162 2016 columnationis
1171 1987 1304 2016 rationem
1313 1986 1483 2019 traderemus,
1495 1985 1564 2014 libro
1574 1985 1664 2015 tertio,
1675 1984 1702 2012 in

155 2024 314 2066 digressione
324 2027 417 2056 nostra.
430 2028 566 2056 Corinthii
577 2029 683 2067 capituli
696 2030 834 2057 maluimus
843 2029 974 2057 rationem
985 2028 1108 2057 indicare.

111 2069 142 2103 h]
174 2068 256 2094 idem.
279 2068 584 2106 Ampliavimuslib.iii.
598 2080 659 2098 cum
670 2069 782 2103 dicerer,
793 2071 830 2098 ita
838 2070 969 2108 exaequari
979 2077 1103 2107 oportere
1112 2067 1253 2107 stylobatas
1264 2089 1270 2100 ‚
1288 2068 1327 2096 uti
1338 2067 1464 2096 haberent
1473 2077 1518 2106 per
1530 2067 1646 2095 medium
1655 2065 1702 2093 ad-

152 2107 296 2150 jetfflonem
307 2118 352 2146 per
363 2107 492 2136 scamillos
503 2111 623 2148 impares.
640 2111 715 2148 Qid
727 2120 791 2139 vero
801 2111 853 2146 jam
861 2118 925 2138 tunc
937 2109 1131 2148 suspicaremur,
1145 2108 1208 2136 libet
1220 2108 1346 2138 hocloco
1357 2108 1473 2147 pluribus
1484 2116 1626 2145 exponere:
1638 2115 1702 2133 nam

153 2145 260 2175 fortasse
272 2157 324 2175 non
336 2146 407 2176 fallet
427 2147 442 2176 ,ἰ
462 2149 624 2179 divinatione
636 2152 750 2189 petitum
761 2151 897 2178 auxilium.
921 2150 996 2188 Qid
1004 2151 1075 2177 enim
1086 2151 1112 2177 in
1132 2148 1281 2184 hujusmodi
1291 2148 1366 2176 rebus
1385 2148 1454 2176 :iliud
1465 2145 1540 2175 facias
1553 2153 1561 2173 ἓ
1583 2146 1702 2174 Eandem

154 2188 230 2226 plane
241 2185 356 2216 babuisse
365 2189 391 2215 in
402 2188 537 2226 stylobatis
546 2192 679 2218 rationem
689 2191 935 2228 Vitruvium,quam
944 2191 970 2217 in
981 2188 1294 2227 columnis,putabamus.
1307 2189 1390 2225 Atqui
1401 2198 1431 2215 ex
1441 2188 1496 2219 ejus
1507 2185 1635 2214 sententia
1645 2188 1703 2224 (pe-

154 2229 231 2255 rierat
243 2229 315 2255 enim
328 2226 450 2266 promilsa
459 2228 634 2265 deformatio)
645 2230 927 2262 demonstraveramus,
941 2230 1072 2258 columnis
1086 2238 1207 2257 ventrem
1218 2229 1336 2262 adjici.ut
1348 2224 1552 2255 intumescerent
1562 2228 1588 2254 in
1601 2228 1702 2257 medio,

154 2272 189 2301 &‚
200 2277 227 2296 tit
238 2269 329 2307 loquar
341 2278 402 2296 cum
413 2269 571 2299 Columella,
580 2271 604 2297 in
615 2280 736 2298 ventrem
745 2271 911 2301 latescerent,
920 2270 1036 2308 partibus
1049 2268 1150 2297 summa
1160 2277 1215 2306 atq;
1227 2269 1280 2295 ima
1291 2267 1382 2296 sensim
1394 2266 1410 2295 ὲ
1422 2267 1510 2295 medio
1521 2268 1664 2295 contractis
1677 2270 1703 2295 Sc

151 2309 300 2338 diminutis.
313 2311 404 2347 ltaque
415 2319 477 2336 cum
490 2310 708 2350 intelligeremus.
718 2311 838 2341 Athenis,
847 2310 911 2338 urbe
922 2310 1033 2337 Graeciae
1047 2305 1217 2337 vetustissima
1227 2309 1307 2335 etiam
1318 2307 1396 2336 hodie
1408 2308 1509 2335 ostendi
1520 2307 1660 2346 stylobatas
1670 2307 1702 2335 ad

154 2349 252 2388 plintlii
273 2349 336 2377 baiis
347 2350 514 2377 latitudinem
527 2360 580 2377 nori
590 2349 779 2388 respondentes
789 2371 796 2381 ‚
817 2352 889 2388 (quae
897 2349 1014 2388 alioquin
1025 2347 1111 2376 forma
1121 2348 1156 2375 est
1168 2351 1192 2376 δέ
1202 2347 1383 2385 pulcherrima.
1402 2352 1426 2377 ἃ
1436 2350 1564 2377 Romanis
1574 2357 1704 2386 perpetuo

154 2390 287 2428 usurpata)
301 2389 342 2418 sed
353 2390 904 2423 contra&os‚existimabamus,Cra-‘corum
915 2389 1164 2427 consuetudine,per
1174 2387 1304 2416 scamillos
1314 2389 1467 2427 impares,id
1477 2389 1571 2419 est.ceu
1582 2388 1706 2428 gradibus·

154 2429 565 2469 quibui'damfieriadjectionem
578 2432 602 2458 in
613 2431 704 2459 mediis
717 2431 862 2470 stylobatis,
875 2430 927 2458 hoc
936 2431 981 2462 est,
992 2429 1058 2461 fieri,
1069 2438 1097 2457 ut
1110 2428 1240 2469 gradatim
1251 2428 1265 2457 'a
1275 2429 1400 2467 supremis
1411 2438 1466 2467 atq;
1478 2427 1574 2456 infimis
1586 2428 1704 2467 partibus

154 2471 354 2510 quadratorum,
366 2481 425 2509 quae
437 2470 608 2499 coronicibus
620 2471 701 2499 suis&
714 2471 814 2499 baiibus
827 2471 993 2503 clauduntur,
1004 2470 1121 2498 medium
1132 2468 1217 2497 versus
1228 2468 1413 2509 subturgerent
1424 2474 1448 2497 δι’
1459 2469 1660 2508 adaugerentur.
1674 2468 1705 2496 ld

155 2521 216 2540 cum
228 2522 281 2539 non
294 2522 366 2539 omni
376 2522 406 2539 ex
419 2521 492 2550 parte
507 2510 667 2540 satisfaceret
678 2533 684 2543 ‚
702 2513 833 2550 coepimus
844 2511 945 2540 &istud
955 2511 1111 2549 expendere.
1131 2510 1214 2537 Initio
1226 2509 1382 2547 stylobatam
1392 2507 1467 2538 fuiss'e
1487 2510 1572 2537 statim
1584 2509 1598 2536 :i
1610 2507 1704 2536 funda-

153 2561 308 2581 mentorum
317 2551 507 2580 substrustione
519 2553 602 2580 veluti
613 2562 771 2591 perpetuum
782 2553 909 2591 parictem
921 2572 927 2583 ,
945 2553 991 2589 qui
1003 2552 1187 2579 columnarum
1198 2550 1266 2578 bases
1276 2551 1419 2589 exciperet.
1437 2550 1498 2583 Ejus
1510 2558 1614 2587 partem
1622 2559 1703 2577 coro-

155 2594 223 2624 niee.
236 2591 391 2620 inferiorem
405 2593 464 2623 bati.
478 2593 579 2631 reliquo
591 2593 679 2620 medio
688 2592 772 2630 spatio
782 2593 812 2620 ad
823 2592 937 2620 libellam
949 2601 1086 2630 exaequato
1099 2612 1105 2623 ,
1116 2592 1202 2618 ornari
1213 2590 1325 2618 solitam.
1351 2593 1391 2619 Eo
1401 2590 1482 2617 modo
1492 2599 1552 2617 cum
1563 2585 1641 2622 effer,
1663 2589 1702 2616 al—

157 2634 295 2662 veolatum
308 2633 390 2661 visum
401 2629 475 2661 fuiss'e
488 2655 494 2664 ,
505 2634 559 2671 pari
570 2633 668 2661 scilieet
680 2643 774 2671 praeter
783 2634 1022 2661 circumcurrentes
1034 2641 1117 2670 partes
1128 2631 1325 2669 perpendiculo,
1347 2631 1387 2661 ld,
1398 2630 1441 2668 qui
1452 2629 1533 2657 secuti
1543 2629 1600 2657 sunt
1613 2650 1620 2662 ,
1639 2639 1703 2658 cum

157 2675 240 2702 vitare
253 2674 350 2701 vellent
364 2694 370 2705 ‚
391 2674 422 2701 ad
433 2673 557 2710 spirarum
569 2674 785 2712 perpendiculum
797 2674 922 2712 quicquid
934 2673 1112 2711 reperiebatur
1121 2671 1217 2710 (spatio
1227 2671 1298 2710 quod
1309 2671 1521 2698 intercolumniis
1533 2669 1705 2708 respondebat

157 2715 198 2743 sua
210 2715 300 2743 relicta
313 2713 411 2753 specie)
422 2712 575 2742 efficiebant
586 2724 614 2743 ut
624 2715 741 2745 renutet,
752 2713 793 2742 sed
804 2713 928 2753 nusquam
938 2714 1022 2752 magis
1033 2722 1077 2741 aut
1090 2714 1187 2743 minus,
1196 2722 1274 2749 quam
1283 2721 1311 2739 ut
1319 2710 1522 2749 amplitudinem
1533 2710 1627 2749 plintlii
1640 2710 1707 2738 baiis

157 2765 251 2793 praeter
262 2755 314 2782 suas
326 2755 487 2793 projesturas
499 2755 687 2793 perpendiculo
699 2754 905 2792 responderem&
918 2753 1051 2791 intersepti
1062 2753 1113 2781 five
1126 2753 1207 2791 plutei
1218 2761 1304 2790 partes
1315 2753 1362 2788 (ira
1374 2761 1444 2778 voco
1455 2751 1525 2789 quod
1536 2761 1566 2778 ex
1579 2751 1709 2790 stylobata

158 2805 212 2822 non
224 2796 316 2830 relilit)
327 2806 389 2823 cum
400 2796 511 2834 projedii
523 2796 680 2833 partibus,id
692 2796 854 2826 est.coronix
864 2804 926 2822 cum
938 2795 1074 2825 comnice,
1086 2794 1203 2820 medium
1213 2801 1379 2829 exasquatum
1390 2801 1451 2819 cum
1461 2801 1599 2829 cxaequato
1610 2792 1710 2823 medio,

160 2835 256 2863 &baiis
270 2846 332 2864 cum
343 2835 599 2866 bamconsenrirenr.
613 2836 774 2870 Huiusmodi
786 2835 928 2863 reiilicntes
940 2834 1170 2872 stylobatas‚quos,
1182 2832 1227 2860 nisi
1239 2829 1324 2863 fallor,
1334 2831 1463 2859 scamillos
1474 2832 1609 2860 Vitruvius
1622 2841 1710 2861 vocar,

161 2874 211 2902 live
221 2876 345 2904 scabellos
357 2887 401 2904 aut
411 2877 581 2909 scamulos,ut
592 2876 672 2914 aliqui
685 2876 789 2904 codices
800 2875 1024 2913 liabent,impares
1033 2882 1163 2904 autem,ut
1174 2872 1391 2910 interstylobatiis
1404 2871 1519 2912 (fingere
1530 2881 1619 2900 autem
1629 2882 1711 2910 opor-

162 2923 201 2942 tet
212 2917 346 2947 vocabula.
356 2918 419 2946 dum
431 2918 525 2945 ulitata
535 2927 588 2945 non
602 2913 681 2954 possis
693 2917 816 2954 reperire.
829 2920 852 2944 ἃ
865 2916 900 2942 ita
909 2915 987 2953 paulo
998 2915 1091 2943 melius
1102 2914 1266 2941 intelleftum
1280 2913 1319 2945 iri,
1334 2923 1413 2951 quam
1428 2912 1444 2940 li
1457 2914 1545 2940 dicam
1559 2912 1712 2949 mesostylo-

162 2954 244 2988 batia)
256 2957 279 2984 id
289 2958 332 2988 est.
342 2957 489 2997 interseptis
502 2957 692 2996 perpendiculo
703 2967 758 2984 non
771 2956 967 2994 responderent,
977 2965 1039 2983 cum
1050 2955 1136 2994 magis
1146 2955 1178 2981 ad
1189 2954 1304 2981 rationes
1315 2954 1466 2992 podiorum,
1480 2954 1547 2981 unde
1557 2952 1662 2991 speeiari
1671 2952 1713 2979 so·

161 2995 224 3026 leat,
233 2997 360 3032 pertinere
369 2998 560 3027 arbitrarentur
571 3020 576 3030 ,
597 3007 641 3026 aut
652 2997 757 3035 quando
769 2998 820 3024 fine
830 2995 1009 3036 apertionibus
1020 3015 1027 3026 ,
1040 2995 1066 3023 id
1076 2997 1120 3026 est,
1133 2994 1184 3022 fine
1195 2994 1276 3032 podio
1286 2992 1387 3022 frontes
1398 2994 1438 3021 vel
1450 2994 1529 3021 latera
1540 2993 1713 3021 edificiorum

161 3034 266 3067 siunt,&
277 3037 406 3066 columna:
416 3040 452 3066 ita
460 3041 552 3078 parieti
561 3039 737 3069 adhaereiit,tit
750 3047 854 3066 tantum
866 3047 921 3074 pars
936 3045 1020 3075 quota
1031 3036 1191 3074 promineat5
1205 3035 1288 3073 (quod
1298 3035 1411 3062 diximus
1422 3034 1497 3070 liujus
1510 3034 1640 3071 liucapa.
1651 3041 1714 3059 curn

163 3075 196 3104 de
206 3076 334 3115 parastatis
345 3077 529 3118 loqueremur)
542 3080 586 3109 ubi
604 3079 702 3108 itiones
715 3077 811 3108 habere
823 3078 901 3109 vellet
914 3077 1092 3118 expeditiores
1103 3097 1109 3109 ,
1122 3085 1227 3105 tantum
1237 3085 1269 3104 ex
1280 3076 1327 3104 illo
1338 3084 1465 3115 perpetuo
1473 3076 1580 3114 pariete.
1594 3072 1639 3102 sub
1649 3071 1714 3140 [Effi-

1673 3121 1712 3145 us,
