2023 3162
496 53 1115 96 neAch1TEchRA
1173 52 1365 95 Lrss.I.
1698 74 1739 107 13

149 127 274 165 'tiones
288 124 479 163 medicinae
493 124 737 162 contrariae,in
749 121 817 166 hm,
832 133 986 174 propter
997 135 1285 176 temperaturam
1297 126 1519 166 exclusionis
1532 137 1745 171 ventorum,

148 182 356 234 expeditius
367 181 604 218 curabuntur.
637 180 739 217 Vitia
759 189 885 216 autem
897 180 977 217 iiiut
988 207 996 219 ,
1020 192 1101 229 quae
1121 180 1315 219 difficulter
1326 194 1498 221 curantur
1511 215 1521 230 ,
1539 186 1577 222 in
1589 187 1749 234 regioni-

149 240 216 277 bus
229 250 311 286 quae
321 237 403 274 sunt
414 237 517 288 supra
529 235 682 285 scriptae,
694 235 772 271 haec
783 263 793 278 ,
813 237 1029 283 gravitudo,
1050 236 1210 274 arthritis
1225 266 1235 283 ‚
1255 237 1371 284 tussis,
1391 241 1567 290 pleuritis,
1581 241 1744 291 phthisis,

147 294 329 343 sanguinis
341 293 488 339 ejectio,
502 294 539 329 ὅ(
551 301 681 328 caetera
693 302 776 339 quae
789 302 865 327 non
879 291 1170 329 detractionibus
1185 322 1194 338 ‚
1206 293 1265 331 sed
1277 296 1548 341 adjectionibus
1561 308 1744 334 curantur.

147 350 238 386 Haec
248 349 336 386 ideo
346 348 543 386 difficulter
554 346 800 391 medicantur,
814 348 976 396 primum
988 348 1095 397 quod
1107 361 1152 386 ex
1162 349 1362 400 frigoribus
1376 353 1659 404 concipiuntur:
1684 353 1746 390 de-

147 406 235 442 inde
245 405 350 454 quod
361 404 509 442 defeffis
521 403 660 440 morbo
673 403 808 439 viribus
819 415 952 440 eorum
964 432 974 447 ‚
994 404 1057 440 aer
1070 406 1225 453 agitatus
1239 433 1246 446 ,
1267 419 1311 443 ex
1324 418 1524 445 ventorum
1533 410 1743 457 agitationi·

148 461 216 498 bus
228 470 443 499 extenuatur
455 489 464 504 ‚
484 457 662 507 unaquea
674 457 815 495 vitiosis
835 459 1059 510 corporibus
1077 460 1235 498 detrahit
1256 461 1406 500 succum
1424 464 1460 500 δε
1479 463 1592 501 efficit
1611 475 1653 501 ea
1665 466 1742 501 cxi-

148 518 255 553 liora.
287 518 433 554 Contra
445 526 535 553 vero
545 515 636 551 lenis
649 514 685 550 δε
696 512 826 551 crass'us
836 515 900 550 aer
910 543 919 558 ‚
942 516 1006 563 qui
1015 515 1187 566 perflatus
1208 529 1286 554 non
1311 519 1420 557 habet
1431 549 1440 565 ‚
1462 531 1586 570 neque
1596 520 1740 557 crebras

148 572 403 610 redundantias
416 601 425 616 ‚
445 580 596 621 propter
614 572 821 607 immotam
840 569 1074 608 stabilitatem
1089 597 1096 611 ‚
1120 572 1329 617 adjiciendo
1352 575 1395 612 ad
1414 576 1583 613 membra
1594 588 1744 621 corum,

148 630 211 665 alit
224 640 290 666 eos
301 627 337 664 ὅ(
348 627 466 665 reficit
479 656 489 671 ,
501 627 617 676 quiin
629 625 683 662 his
694 624 773 662 sunt
786 626 957 675 impliciti
968 626 1119 664 morbis.
1152 629 1355 666 Nonnullis
1367 631 1509 680 placuit
1530 632 1598 668 esse
1608 642 1742 670 ventos

148 695 316 733 quatuor,
332 684 377 720 ab
389 683 544 719 Oriente
556 681 807 731 aequinoctiali
819 682 1002 719 Solanum
1015 710 1025 725 ‚
1039 681 1059 717 a
1071 683 1230 720 Meridie
1250 684 1428 724 Austrum
1443 715 1453 731 ‚
1473 687 1517 724 ab
1528 687 1742 725 Occidente

148 739 394 789 aequinostiali
414 739 620 775 Favonium
634 765 643 781 ‚
664 736 683 772 a
702 736 994 786 Septentrionali
1014 739 1328 788 Septentrionem.
1360 742 1432 779 Sed
1443 745 1509 790 qui
1532 743 1739 792 diligentius

147 794 440 846 perquisiverunt
450 823 459 838 ‚
468 793 697 831 tradiderunt
709 804 775 828 eos
785 792 853 830 esse
865 793 969 833 odo,
984 796 1145 831 maxime
1157 795 1308 843 quidem
1319 796 1562 834 Andronicus
1576 802 1632 844 [a]
1646 799 1739 847 Cyr-

147 851 288 889 rliostes
300 879 309 895 ‚
322 852 385 899 qui
396 852 507 887 etiam
521 848 740 899 exemplum
757 850 961 886 collocavit
974 849 1133 887 Athenis
1152 853 1281 888 turrim
1304 864 1557 890 marmoream
1579 856 1740 904 octogo-

147 919 240 951 non,
253 909 289 944 ὃς
298 908 334 942 in
345 905 490 956 singulis
502 904 674 942 lateribus
685 905 870 954 octogoni
892 904 1118 954 singulorum
1136 918 1336 945 ventorum
1347 910 1528 958 imagines
1539 909 1741 959 exsculptas

149 973 278 999 contra
288 960 370 998 suos
382 960 560 1010 cujusque
573 961 679 997 flatus
690 960 904 1010 designavit,
915 961 1092 1011 supraque
1102 973 1183 1006 eam
1193 965 1322 1001 turrim
1335 974 1476 1003 metam
1489 977 1739 1002 marmoream

147 1017 312 1068 perfecit,
322 1017 513 1068 &insuper
525 1017 730 1053 Tritonem
740 1029 874 1054 aereum
892 1019 1098 1069 collocavit
1109 1047 1118 1062 ‚
1133 1019 1259 1056 dextra
1270 1031 1382 1056 manu
1399 1021 1540 1070 virgam
1553 1022 1741 1071 porrigen-

146 1083 222 1111 tem
234 1103 242 1117 ‚
265 1075 363 1110 &ita
373 1072 422 1110 est
433 1073 662 1110 machinatus
674 1101 682 1116 ,
705 1074 760 1109 uti
776 1084 891 1111 vento
913 1075 1229 1124 circumageretur
1248 1077 1285 1113 ὅ(
1305 1075 1444 1126 semper
1466 1087 1594 1114 contra
1609 1077 1739 1113 flatum

147 1129 357 1166 consisteret
368 1158 378 1173 ,
401 1129 579 1179 supraque
603 1129 807 1177 imaginem
829 1128 949 1165 flantis
969 1132 1068 1167 venti
1089 1130 1255 1168 indicem
1275 1134 1415 1181 virgam
1429 1142 1580 1170 teneret.
1610 1135 1739 1182 ltaque

146 1184 225 1222 fiint
237 1185 414 1222 collocati
426 1186 520 1222 inter
531 1185 710 1221 Solanum
723 1186 759 1221 <Sc
771 1184 951 1221 Austrum
973 1185 1018 1221 ab
1034 1186 1188 1223 Oriente
1199 1187 1504 1235 hybemoAEurus
1523 1202 1529 1224 :
1544 1189 1645 1224 Inter
1658 1189 1741 1225 Au-

145 1240 258 1278 strum
269 1243 305 1278 &
326 1241 533 1278 Favonium
554 1241 598 1277 ab
620 1239 831 1277 Occidente
844 1240 1009 1288 hyberno
1023 1270 1033 1285 ,
1058 1241 1264 1292 Aphricus3
1286 1244 1382 1280 Inter
1402 1245 1610 1282 Favonium
1623 1246 1660 1281 δε
1674 1245 1737 1280 Se-

144 1299 397 1346 ptentrionem
409 1297 554 1333 Caurus
569 1325 579 1340 ‚
599 1307 713 1344 quem
723 1297 844 1345 plures
854 1306 993 1334 vocant
1004 1297 1170 1334 Corum:
1196 1300 1290 1336 lnter
1310 1300 1611 1351 Septentrionem
1623 1301 1659 1337 ὃ(
1669 1300 1738 1337 So-

145 1353 271 1390 lanum
284 1352 438 1401 Aquilo.
472 1351 561 1389 Hoc
573 1351 694 1388 modo
707 1352 852 1389 videtur
863 1351 931 1389 effe
943 1353 1145 1402 expressum
1155 1380 1163 1393 ‚
1183 1358 1235 1391 uti
1247 1357 1409 1405 capiatur
1420 1367 1607 1394 numerus,
1620 1357 1656 1392 ὅ(
1668 1367 1736 1391 no-

144 1409 246 1445 mina
257 1409 294 1444 &
305 1418 444 1457 partes,
467 1409 565 1445 unde
585 1407 694 1445 flatus
704 1417 911 1445 ventorum
923 1411 1011 1445 certi
1031 1409 1177 1459 spirent.
1210 1411 1326 1466 Qod
1338 1424 1427 1448 cum
1438 1413 1489 1449 ita
1501 1412 1735 1462 exploratum

144 1462 332 1502 habeatur,
346 1474 385 1500 ut
395 1465 623 1501 inveniantur
642 1465 812 1513 regiones
824 1464 860 1500 ὃ(
874 1474 977 1502 ortus
987 1477 1122 1502 eorum
1136 1495 1145 1510 ,
1156 1465 1203 1503 slc
1216 1477 1283 1503 erit
1301 1467 1611 1505 ratiocinandum.
1644 1466 1738 1503 Col-

145 1521 288 1557 locetur
297 1519 342 1555 ad
355 1519 518 1557 libellam
530 1532 782 1557 marmoreum
794 1533 854 1558 am
861 1520 997 1557 ussium
1010 1521 1139 1558 mediis
1150 1522 1339 1559 moenibus
1351 1541 1358 1562 :
1372 1533 1435 1561 aut
1446 1523 1554 1559 locus
1565 1525 1615 1560 ita
1625 1533 1738 1571 expo-

143 1577 249 1613 liatur
259 1574 302 1612 ad
312 1576 477 1624 regulam
488 1575 524 1612 &
534 1576 710 1616 libellam,
734 1585 774 1613 ut
784 1575 982 1613 amussium
1003 1589 1082 1614 non
1102 1577 1325 1615 desideretur
1335 1608 1345 1622 ‚
1368 1578 1545 1628 supraque
1566 1579 1645 1624 ejus
1658 1577 1739 1614 loci

144 1641 316 1667 centrum
332 1631 498 1668 medium
515 1628 574 1677 [b]
585 1632 796 1669 collocetur
806 1629 927 1670 aeneus
938 1632 1142 1677 Gnomon,
1155 1633 1347 1682 indagator
1358 1633 1511 1672 umbrae‚
1525 1634 1591 1681 qui
1604 1632 1736 1669 Graece

143 1684 335 1733 o-›cm927'q9cr
355 1686 497 1723 dicitur.
527 1689 580 1731 [c]
596 1688 716 1733 Huius
735 1688 1021 1725 antemeridiana
1044 1690 1188 1724 circiter
1201 1689 1335 1725 boram
1345 1690 1515 1738 quintam
1528 1717 1537 1731 ‚
1557 1686 1734 1725 sumenda

142 1741 193 1779 est
204 1752 368 1779 extrema
377 1744 580 1791 gnomonis
592 1743 723 1779 umbra
745 1742 782 1779 δέ
801 1743 944 1792 Ριιηᾶο
966 1742 1149 1792 signanda.
1182 1744 1329 1781 Deinde
1349 1745 1490 1780 circino
1512 1741 1664 1780 diducto
1684 1743 1731 1779 ad

142 1798 324 1849 punctum
338 1826 348 1841 ‚
368 1798 472 1846 quod
486 1797 535 1834 est
547 1800 750 1846 gnomonis
761 1799 1005 1847 longitudinis
1017 1799 1159 1848 signum
1171 1827 1182 1842 ,
1203 1811 1246 1835 ex
1257 1811 1382 1848 eoque
1395 1798 1414 1835 a
1426 1808 1558 1836 centro
1571 1799 1729 1835 circum-

141 1853 283 1903 agenda
292 1853 388 1889 linea
398 1852 686 1890 rotundationis.
701 1854 867 1902 Itemque
877 1853 1103 1891 observanda
1114 1854 1401 1905 postmeridiana
1413 1854 1509 1891 istius
1521 1855 1728 1903 gnomonis

143 1908 307 1946 crescens
317 1910 448 1946 umbra
461 1937 471 1953 ‚
492 1908 528 1945 δε
539 1920 627 1945 cum
647 1909 808 1958 tetigerit
827 1910 1079 1946 circinationis
1098 1910 1235 1947 lineam
1246 1939 1257 1955 ‚
1277 1913 1313 1948 ὃ(
1335 1910 1463 1947 fecerit
1481 1923 1608 1960 parem
1627 1921 1730 1947 ante-

140 1965 356 2002 meridianae
369 1964 507 2001 umbrae
516 1964 856 2014 postmeridianam,
877 1964 1051 2015 signanda
1073 1966 1226 2017 puncto.
1257 1967 1309 2003 Ex
1324 1966 1377 2003 his
1389 1966 1537 2003 duobus
1548 1965 1656 2014 signis
1666 1968 1734 2002 eir-

143 2021 233 2057 cino
245 2019 455 2058 decussatim
467 2019 748 2058 describendum
763 2049 772 2065 ‚
789 2020 828 2057 δε
837 2033 901 2073 per
913 2021 1204 2059 decuss'ationem
1218 2024 1255 2059 ὃ(
1266 2022 1431 2059 medium
1456 2031 1626 2058 centrum
1635 2022 1731 2057 linea

141 2076 375 2126 perducenda
386 2077 432 2113 ad
444 2086 710 2121 extreniuni‚ut
720 2076 896 2114 habeatur
905 2077 1114 2116 Meridiana
1125 2080 1162 2115 ὅ(
1175 2079 1481 2128 Septentrionalis
1493 2078 1730 2125 regio.Tunc

140 2130 267 2181 postea
285 2132 460 2169 sumenda
478 2131 528 2167 est
547 2131 789 2170 sextadecima
808 2144 889 2182 pars
910 2134 1159 2170 circinationis
1177 2135 1283 2170 lineae
1301 2135 1419 2170 totius
1438 2131 1728 2176 rotundationis,
1782 2150 1784 2152 r

141 2197 389 2235 centrumque
401 2188 670 2225 collocandum
688 2190 725 2224 in
746 2188 949 2225 meridiana
967 2189 1066 2226 linea
1086 2200 1169 2237 quce
1190 2189 1309 2237 tangit
1327 2189 1624 2231 circinationem,
1636 2189 1672 2224 ὅτ.
1686 2187 1728 2224 si-

141 2243 332 2293 gnandum
343 2242 470 2280 dextra
481 2253 524 2278 ac
535 2243 668 2279 sinistra
678 2244 715 2278 in
730 2245 988 2283 circinatione,
1005 2247 1041 2281 δε
1053 2243 1259 2281 Meridiana
1269 2245 1305 2280 ὃ(
1316 2244 1603 2294 Septentrionali
1614 2253 1726 2292 parte.

1041 2300 1068 2334 B
1104 2313 1118 2342 3
1616 2300 1728 2335 Tunc

141 2381 170 2415 a]
189 2378 350 2406 Philander:
377 2381 416 2406 Ita
434 2379 561 2417 scripturn
572 2379 597 2406 in
611 2378 735 2407 omnibus
747 2379 940 2418 exemplaribus
951 2380 1050 2408 inveni.
1073 2382 1210 2408 Caetcrum
1222 2379 1360 2408 Varrolib.
1375 2390 1422 2408 ιιι.
1441 2379 1472 2407 de
1489 2389 1517 2407 re
1528 2379 1694 2414 Rustic.cap.
1710 2386 1733 2412 5,

182 2420 291 2447 nomine
303 2420 436 2458 Cyprestis
453 2419 503 2447 hoc
516 2417 606 2447 refert.

141 2459 180 2495 b]
200 2459 354 2487 Philander:
375 2463 507 2488 Gnomon
519 2459 649 2500 significat
660 2461 756 2499 stylum
768 2482 774 2493 ,
792 2460 844 2489 five
855 2461 1009 2490 verriculum
1021 2481 1028 2490 ,
1045 2462 1116 2499 quod
1127 2461 1192 2489 stans
1207 2461 1233 2489 in
1246 2460 1335 2488 medio
1344 2460 1444 2488 amufio
1462 2458 1612 2488 collocatur
1622 2457 1654 2485 ad
1672 2467 1732 2486 urn-

182 2499 239 2528 bras
251 2501 423 2540 indagandas,
433 2501 501 2529 unde
513 2505 537 2528 ὃ(
550 2512 563 2528 a
577 2502 676 2529 Groecis
687 2502 785 2529 dicitur
796 2500 929 2539 oziaeJn'goeg
940 2524 947 2532 ,
969 2503 1041 2541 quod
1053 2501 1114 2539 9³3&
1127 2503 1278 2541 indaginem
1295 2500 1436 2541 significet.
1461 2499 1665 2537 Elis<ip1⁷atora
1676 2509 1731 2526 ma-

181 2541 289 2569 chinula
301 2562 307 2572 ,
326 2551 377 2580 qua
385 2542 486 2569 urimur
497 2542 522 2569 in
533 2541 730 2582 designandis&
746 2542 874 2570 metandis
886 2543 992 2571 urbium
1011 2545 1059 2570 viis
1070 2564 1076 2574 ‚
1095 2543 1125 2570 ad
1145 2543 1314 2570 avertendam
1326 2541 1358 2568 ab
1370 2542 1405 2568 eis
1419 2541 1472 2568 virn
1485 2548 1627 2567 ventorum
1646 2540 1731 2567 mole-

178 2581 244 2609 stam
254 2603 260 2612 ,
274 2590 302 2609 ut
313 2582 338 2608 in
351 2581 402 2609 fine
413 2581 489 2617 hujus
502 2583 594 2621 capitis
604 2582 754 2620 usurpatum
765 2584 884 2621 reperies.
899 2584 975 2622 Apud
987 2586 1097 2612 Sextum
1108 2585 1266 2622 Pompeium
1278 2582 1387 2609 invenio
1398 2589 1527 2619 gnornam
1538 2580 1591 2607 dici
1601 2578 1615 2607 εὶ
1627 2580 1731 2607 nostris.

179 2621 344 2658 Hujusmodi
365 2623 430 2657 (nisi
440 2621 518 2650 fallor
530 2623 540 2656 )
552 2622 708 2651 describitur
720 2622 840 2651 machina
851 2624 865 2652 :l
878 2625 1096 2652 Plin.lub.xv111.
1109 2634 1164 2661 cap.
1178 2634 1223 2658 34.
1247 2622 1383 2650 Aliialiter
1392 2628 1568 2659 componunt<¹
1582 2621 1660 2659 Apud
1671 2620 1732 2648 Plu-

184 2662 308 2691 tarchum
319 2664 345 2690 in
356 2664 408 2690 vita
418 2663 549 2695 Marcelli,
568 2664 683 2701 σκιῆηρρι
692 2665 750 2692 sunt
763 2664 881 2702 quaedam
894 2664 1087 2693 Mathematica
1097 2665 1278 2692 instrumenta.
1558 2668 1563 2670 ’
1694 2676 1696 2679 >

143 2704 175 2737 c]
196 2702 349 2731 Pliilander:
373 2706 437 2732 Non
447 2704 592 2731 admodum
604 2703 685 2732 refert
694 2726 700 2734 .
716 2704 741 2732 id
754 2705 769 2732 fi
782 2703 827 2732 fiat
838 2705 886 2732 alia
895 2706 1102 2733 antemeridiana
1114 2704 1187 2733 liora,
1199 2705 1262 2732 dum
1273 2703 1317 2731 fiat
1329 2704 1434 2741 propius
1445 2702 1592 2733 meridiem,
1605 2702 1650 2740 qui
1661 2701 1731 2728 sem-

181 2754 227 2782 per
237 2745 273 2771 est
284 2744 364 2777 idem,
377 2746 462 2783 inquit
472 2745 570 2773 Plinius
583 2754 734 2773 memorato
745 2755 801 2783 cap.
814 2755 938 2773 xxxvrrr.
960 2749 1110 2784 Vtrumque
1122 2755 1185 2772 vero
1198 2755 1250 2772 non
1262 2744 1306 2771 nili
1319 2744 1519 2772 commoditatis
1530 2743 1614 2783 gratia
1623 2743 1727 2770 dietum

178 2785 268 2816 velim,
277 2785 348 2823 quod
358 2794 419 2814 ante
431 2785 524 2813 horam
535 2786 656 2824 quintam
667 2786 797 2823 prolixior
808 2785 837 2812 sit
849 2786 952 2817 umbra,
964 2797 1043 2825 quam
1056 2795 1085 2814 ut
1094 2786 1195 2813 circulo
1203 2786 1337 2812 contineri
1349 2781 1407 2812 [atis
1418 2785 1562 2812 commode
1573 2780 1660 2822 possit.

141 2823 172 2858 d]
193 2824 349 2853 Philander:
373 2824 517 2855 Decuffire
528 2827 599 2854 estin
611 2823 739 2854 decuffim
749 2824 873 2855 formare,
885 2827 911 2854 id
920 2827 965 2858 est,
977 2828 1002 2854 in
1014 2826 1126 2864 speciem
1138 2838 1158 2860 χ
1170 2828 1269 2853 Graecae
1281 2826 1372 2856 hrerae.
1383 2825 1435 2853 sive
1445 2826 1499 2859 ejus
1510 2827 1601 2854 Nom,
1612 2834 1662 2861 qua
1670 2826 1730 2851 Ro-

181 2867 250 2892 mani
264 2866 400 2895 denarium
413 2877 552 2895 numerum
563 2866 723 2907 significant,
733 2875 813 2905 atque
823 2867 890 2894 adeo
899 2878 960 2895 cum
970 2868 1112 2906 Diagoniae
1121 2867 1195 2893 linea:
1205 2866 1263 2893 duce
1274 2864 1297 2893 (e
1309 2867 1334 2893 in
1345 2875 1441 2893 centro
1451 2865 1546 2893 secant.
1575 2865 1643 2891 Hzec
1663 2873 1727 2891 vero

182 2902 327 2934 decuss'atio
336 2918 368 2935 eo
384 2907 576 2935 tantummodo
588 2909 697 2935 nomine
707 2906 737 2935 fit
751 2929 757 2939 ,
776 2917 803 2935 ut
816 2908 929 2937 circulus
938 2910 966 2936 in
977 2909 1038 2939 duas
1047 2917 1131 2947 aequas
1142 2915 1226 2945 partes
1238 2906 1315 2935 secari
1325 2903 1414 2946 poffir.
1438 2909 1510 2947 Qae
1525 2905 1668 2945 sequuntur
1679 2904 1728 2931 de·

184 2941 350 2982 cuffationes,
358 2948 549 2978 distributionis
561 2957 703 2977 ventorum
716 2947 791 2976 caus-1
799 2947 876 2978 fiunt.
1349 2962 1352 2965 ·
1553 2965 1556 2968 <
1578 2964 1582 2967 ,
1657 2970 1728 3020 ]CI.

1643 2996 1655 3012 C
1717 3001 1723 3011 ε
