2023 3162
279 96 355 131 144
668 68 1496 113 M.V1·rauv11Por.1.10N13

273 158 362 185 cum
380 152 486 183 erunt
499 140 685 187 carbones
700 166 707 180 ‚
729 138 1001 187 extinguantur.
1023 135 1218 174 Deindein
1229 139 1408 174 mortario
1421 147 1508 174 cum
1521 137 1668 186 glutino
1682 147 1855 179 terantur.

271 204 325 241 Ita
342 202 408 239 erit
430 207 680 237 atramentum
691 193 896 233 teetonbus
916 204 996 230 non
1007 192 1250 230 invenustum.
1264 194 1356 230 Non
1368 193 1493 229 minus
1506 192 1530 229 fi
1543 192 1610 230 faex
1619 195 1694 231 vini
1704 195 1858 234 arefasta

275 261 312 296 ὅ(
325 257 434 296 costa
451 258 487 293 in
507 255 659 292 fornace
669 250 796 288 fuerit,
818 250 855 286 &
875 259 917 286 ea
937 250 1098 286 contrita
1118 259 1206 286 cum
1217 248 1413 298 glutinoin
1425 259 1540 298 opere
1550 248 1759 297 inducetur,
1771 264 1855 301 pet-

276 325 390 363 quam
408 310 602 350 atramenti
619 306 769 345 suavem
788 303 922 340 efficiet
933 304 1104 341 colorem
1117 331 1127 347 ,
1148 306 1185 341 &
1198 316 1275 353 quo
1287 304 1404 353 magis
1423 315 1466 340 ex
1478 304 1632 340 meliore
1652 307 1740 343 vino
1757 317 1856 359 para·

280 369 376 407 bitur
386 398 397 415 ‚
413 379 494 406 non
505 363 626 405 modo
637 361 849 400 atramenti,
868 357 927 395 scd
938 358 1051 397 etiam
1073 355 1140 405 [h]
1151 360 1264 397 indici
1275 361 1444 398 colorem
1456 359 1557 397 dabit
1568 360 1712 397 imitari.

927 470 1074 508 CAP.
1129 470 1203 508 XI.

690 561 773 612 De
802 557 978 612 carulei
1001 556 1441 632 temperationibus.

282 692 361 775 C
373 686 424 728 Αἵ
435 701 459 728 R
468 700 494 730 v
507 703 525 727 1.
537 700 559 726 E
572 701 584 726 1
604 688 668 734 [a]
679 687 970 737 temperationes
983 683 1039 733 [b]
1051 684 1280 724 Alexandriae
1293 687 1452 736 prImnm
1463 685 1542 724 sunt
1552 687 1722 730 inventae,
1733 684 1859 735 postea

371 748 461 785 item
472 744 659 786 Vestorius
669 743 833 781 Puteolis
851 742 1003 781 instituit
1022 742 1244 780 faciendum.
1278 743 1397 780 Ratio
1414 752 1543 780 autem
1563 744 1656 789 ejus,
1683 738 1704 777 ὲ
1727 740 1862 833 ςυίὺιιίί

1811 808 1831 834 e

296 863 1856 873 ww*

282 894 314 930 h]
344 890 428 917 Idem.
450 889 570 917 Indicum
580 896 673 926 praeter
688 888 714 915 id
725 887 796 925 quod
815 896 941 925 tanquam
953 886 1077 925 spumain
1088 888 1185 915 Indicis
1202 887 1393 916 harundinibus
1402 887 1513 916 nascitur
1524 909 1531 921 ‚
1551 889 1618 916 est&
1628 886 1717 926 spuma
1733 895 1861 925 purpurea

323 932 442 960 innatans
454 927 599 958 infectorirs
608 928 764 966 purpurariis
777 928 896 955 cortinis.
918 929 1063 965 Optimum
1080 937 1170 956 autem
1180 928 1251 967 quod
1263 928 1404 956 caeruleum
1417 929 1462 960 est,
1473 928 1610 956 autoribus
1621 927 1778 956 Dioscoride
1789 926 1864 954 libs.

325 980 381 1008 cap.
393 979 467 997 ινιι.
479 974 504 998 &
515 970 581 997 Plin.
591 968 636 996 lib.
648 979 727 996 xxxv.
738 977 795 1006 cap.
807 977 846 995 vr.
869 969 1002 996 Neutrum
1013 967 1091 995 hodie
1102 969 1253 997 invenitur:
1272 968 1314 996 sed
1325 968 1396 1007 quod
1408 969 1433 996 in
1445 966 1560 997 officinis
1572 969 1651 997 vaenit
1663 990 1669 1002 ,
1682 978 1736 1008 quo
1749 968 1865 1007 pietores

324 1010 468 1040 caeruleum
479 1011 629 1049 nigrantem
640 1030 646 1042 ,
657 1009 804 1037 saturumve
815 1028 821 1039 ‚
833 1011 867 1040 &,
879 1016 908 1035 ut
917 1008 1009 1036 dicunt
1021 1029 1028 1040 ‚
1039 1007 1180 1037 obscurum
1189 1008 1318 1041 colorem,
1327 1013 1351 1037 ὅ(
1364 1018 1425 1037 cum
1433 1010 1631 1049 auripigmento
1642 1010 1752 1038 viridem
1763 1017 1865 1047 procu-

325 1059 384 1079 rant
393 1071 400 1082 ,
419 1061 450 1078 ex
461 1049 551 1078 lsatide
560 1049 600 1078 fit.
623 1051 689 1078 Hoc
706 1058 789 1088 genus
801 1048 940 1087 quomodo
950 1047 1006 1081 fiat,
1018 1049 1125 1077 tradidit
1146 1049 1264 1079 Ruellius
1283 1049 1329 1078 lib.
1340 1059 1374 1077 11.
1386 1050 1418 1078 de
1431 1058 1522 1078 natura
1531 1051 1648 1089 stirpium
1661 1069 1668 1083 ,
1685 1059 1714 1079 ut
1725 1048 1865 1078 fateamur,

326 1092 394 1120 unde
404 1089 604 1129 profecerimus.
623 1088 712 1117 lsatim
719 1088 838 1120 sativam,
848 1099 906 1127 quae
916 1088 930 1117 a
942 1089 1023 1117 Gallis
1034 1090 1186 1118 testimonio
1197 1089 1304 1118 Caesaris
1313 1093 1345 1119 V.
1357 1090 1389 1119 de
1401 1090 1471 1119 bello
1484 1091 1588 1119 Gallico
1600 1112 1606 1124 ,
1626 1094 1650 1119 &
1660 1091 1726 1118 Plin.
1737 1089 1782 1119 lib.
1793 1098 1865 1117 xxii.

325 1141 477 1170 capa-cum
488 1131 600 1171 glastum
610 1130 751 1161 diceretur,
766 1129 826 1164 (nifi
835 1128 999 1168 suppofiticia
1008 1130 1037 1158 lit
1047 1132 1140 1159 vox.in
1151 1130 1303 1159 melioribus
1315 1131 1385 1159 enim
1399 1141 1493 1160 eorum
1504 1141 1627 1159 autorum
1639 1130 1818 1169 manuscriptis
1829 1129 1865 1157 li-

324 1171 377 1200 bris
389 1181 442 1199 non
451 1172 601 1206 invenitur)
611 1181 679 1199 nunc
691 1169 819 1210 guefdum
829 1170 972 1200 nonnullis,
982 1170 1038 1198 aliis
1047 1171 1182 1209 pastellum
1192 1180 1313 1203 vocatur,
1322 1171 1430 1200 herbam
1441 1173 1487 1200 etii
1497 1171 1644 1212 infignibus
1653 1173 1740 1200 virore
1748 1171 1866 1199 caulicu-

325 1212 356 1241 lis
368 1220 497 1242 notatam,
509 1211 586 1239 succo
596 1221 686 1239 tamen
696 1209 860 1239 inficientem
870 1210 1160 1244 caeruleo,trusatilibus
1172 1212 1249 1240 molis
1261 1221 1385 1251 premunt
1398 1221 1426 1241 ut
1436 1211 1592 1240 herbaceam
1604 1211 1701 1240 saniem
1712 1211 1865 1244 excludant,

325 1252 418 1281 deinde
429 1251 561 1280 exsustam
569 1252 694 1292 digerunt
704 1272 710 1282 ,
727 1255 750 1279 ὃ(
762 1251 817 1290 post
827 1251 926 1279 tinctos
937 1261 1036 1290 pannos
1045 1273 1052 1285 ,
1073 1253 1210 1281 caeruleam
1222 1253 1292 1281 illam
1305 1254 1467 1281 innatantem
1478 1250 1640 1280 ferventibus
1650 1253 1760 1281 cortinis
1771 1261 1865 1280 exem-

323 1302 397 1332 ptam
410 1293 504 1321 ficcant
514 1293 646 1331 pistorum
658 1291 753 1324 usibus,
766 1291 862 1319 Indum
873 1301 1006 1320 vocantes.
1017 1293 1084 1321 Haec
1097 1293 1149 1321 ille.
1160 1293 1297 1322 Pastellum
1308 1294 1390 1334 longe
1401 1293 1470 1321 aliud
1481 1289 1532 1321 effe
1542 1303 1621 1331 quam
1635 1293 1766 1323 Indicum,
1780 1292 1867 1332 vulgo

324 1336 377 1370 jam
386 1329 551 1362 notiffimum
561 1334 606 1366 est,
618 1333 657 1361 uti
667 1336 691 1361 δε
704 1331 718 1360 ὲ
728 1332 832 1360 diversis
843 1331 929 1360 herbis
938 1333 1091 1373 colligitur:
1106 1334 1169 1362 illud
1181 1335 1296 1373 guadum
1309 1335 1391 1375 vulgo
1400 1334 1506 1365 dicitur,
1518 1335 1606 1373 Belgis
1617 1332 1732 1369 mem)
1745 1333 1826 1372 fitque
1834 1342 1868 1360 cx

322 1372 630 1412 lsatidezhoc.postquam
641 1375 668 1401 in
679 1373 780 1401 Indiam
790 1373 907 1412 navigari
916 1382 1031 1412 caeptum
1042 1374 1227 1406 est‚didicimus
1237 1375 1318 1415 longe
1327 1375 1360 1403 ab
1372 1374 1461 1403 Isaride
1470 1373 1575 1402 diversae
1584 1374 1679 1413 plantae
1687 1373 1795 1403 succum
1805 1382 1868 1402 coa-

324 1413 446 1453 gulatum
456 1415 618 1443 &siccatum
633 1410 685 1442 effe
696 1435 702 1447 ,
714 1413 786 1453 quod
797 1413 878 1454 vulgo
888 1414 974 1452 Indiga
982 1418 1006 1443 8<
1018 1415 1084 1444 Anil
1098 1415 1254 1455 appellamus
1264 1428 1269 1448 ;
1284 1416 1355 1455 quod
1366 1412 1606 1455 praestantissimum
1614 1413 1731 1444 adfertur
1738 1425 1770 1443 cx
1781 1417 1868 1442 Ame-

326 1455 388 1482 ricae
398 1455 537 1493 provincia,
549 1455 697 1484 Guatimala
709 1476 715 1488 ‚
732 1458 755 1483 δι
767 1465 799 1483 ex
809 1456 882 1483 India
894 1456 936 1483 cui
946 1457 1000 1490 jam
1011 1457 1142 1496 Mogorcs
1153 1457 1331 1485 dominantur.
1357 1459 1388 1484 ln
1399 1455 1574 1495 descriptione
1584 1455 1651 1484 illius
1663 1456 1770 1494 Imperii
1781 1454 1878 1482 multa*

325 1493 357 1523 de
367 1494 448 1523 herba
457 1498 481 1523 ὃς
493 1496 632 1534 quomodo
645 1495 766 1524 Indicum
773 1505 805 1523 ex
815 1495 859 1523 illa
870 1494 915 1523 fiat
923 1495 1036 1525 diximus
1049 1509 1054 1529 ;
1066 1497 1138 1536 plura
1147 1507 1253 1536 quoque
1261 1498 1287 1525 in
1297 1498 1378 1526 Notis
1387 1497 1419 1525 ad
1430 1497 1576 1525 Historiam
1587 1496 1733 1525 naturalem
1744 1495 1867 1527 Brafiliae,

345 1544 383 1563 uae
394 1545 474 1573 nuper
484 1536 581 1575 prodiit
590 1549 597 1569 ς
618 1536 650 1564 ad
659 1546 718 1575 qux
728 1534 860 1564 curiosum
869 1537 1011 1565 Lefmrem
1021 1538 1162 1571 mittimus;
1171 1548 1232 1567 nam
1242 1537 1296 1567 baec
1308 1547 1400 1576 parum
1409 1546 1453 1565 aut
1463 1535 1528 1564 nihil
1539 1536 1571 1565 ad
1583 1537 1797 1565 Architesturam
1806 1545 1868 1574 pro-

317 1545 383 1614 {rie
392 1575 489 1604 dietam
500 1577 645 1615 pertinent.
664 1580 853 1604 Atramentum
870 1586 959 1605 autem
977 1588 1031 1617 quo
1047 1577 1184 1607 scribimus
1201 1589 1235 1607 eo
1245 1579 1408 1618 praestantius
1422 1578 1563 1614 judicatur,
1573 1577 1628 1607 fiiri
1638 1577 1776 1618 nigredine
1787 1575 1867 1605 saturi

325 1615 389 1655 quid
401 1616 506 1644 caerulei
515 1626 559 1644 aut
572 1618 695 1655 purpurei
705 1614 800 1645 referat
815 1629 821 1649 ς
840 1618 885 1655 qui
896 1618 932 1646 est
943 1619 1061 1656 proprius
1071 1620 1169 1657 optimi
1181 1620 1265 1648 Indici
1275 1620 1360 1648 color.

148 1662 210 1697 Cap.
222 1669 262 1688 x1.
286 1659 317 1694 a]
346 1656 494 1685 Phil-ander.
514 1657 666 1685 Caeruleum
684 1657 772 1685 Graeci
787 1659 900 1695 Cyanon
913 1657 1058 1686 masculino
1068 1663 1092 1688 ὃ(
1102 1657 1217 1688 soemino
1227 1670 1323 1700 genere
1335 1681 1341 1691 .
1360 1660 1400 1689 uti
1409 1659 1502 1688 Galeri.
1513 1659 1654 1688 medicam.
1665 1658 1755 1698 Simpl.
1767 1657 1812 1687 lib.
1825 1668 1866 1687 rx-

326 1697 449 1730 testatur.
463 1706 561 1726 vocant
573 1718 580 1730 ,
597 1697 697 1726 etiamfi
707 1698 733 1725 in
744 1698 924 1726 recentiorum
931 1699 1100 1728 Medicorum
1110 1701 1311 1728 commentariis
1321 1702 1452 1729 Lazurion
1463 1701 1606 1728 invenitur.
1629 1699 1728 1728 Arabes
1739 1699 1865 1737 Lapidem

328 1737 519 1765 Lazulidicunt
529 1759 536 1768 ,
557 1739 694 1766 Avicenna
704 1738 832 1771 Azulnm‚
850 1739 902 1766 mei
912 1748 979 1766 voce
987 1749 1079 1778 parum
1089 1740 1182 1768 inflexa
1190 1741 1301 1769 asnrum.
1324 1740 1428 1769 Mesues
1447 1740 1493 1768 lib.
1504 1741 1536 1769 de
1546 1751 1574 1768 re
1595 1740 1702 1769 Medica
1714 1750 1748 1767 rr.
1763 1738 1862 1769 scribit,

329 1778 408 1804 etiam
418 1777 546 1805 stellatum
554 1778 635 1818 vulgo
648 1779 702 1806 dici
711 1799 718 1811 ,
732 1779 805 1817 quod
815 1779 930 1807 maculas
947 1778 1067 1818 quasdam
1078 1791 1167 1809 aureas
1180 1781 1310 1810 stellarum
1323 1782 1408 1809 modo
1419 1781 1547 1809 radiantes
1557 1781 1660 1809 habeat.
1682 1779 1766 1817 Qod
1776 1778 1794 1806 fi
1805 1777 1866 1806 nus-

326 1826 405 1855 quam
417 1816 478 1844 alibi
487 1814 606 1845 vidissem
618 1839 624 1850 ,
642 1827 745 1856 poterat
755 1819 865 1847 annulus
876 1819 940 1847 mihi
950 1823 965 1848 a
982 1821 1107 1849 Lucretia
1120 1824 1265 1850 Borromea
1284 1823 1407 1851 Patavina
1417 1821 1502 1860 puella
1511 1821 1622 1849 donatus
1634 1819 1784 1858 persuadere
1795 1839 1801 1850 ,
1822 1818 1867 1846 cui

329 1857 427 1885 collata
436 1859 524 1885 Venus
533 1859 665 1886 invenusta
673 1857 761 1886 fuerit.
774 1860 908 1887 Nimirum
920 1861 945 1887 in
964 1870 1015 1899 qua
1025 1861 1138 1889 dolanda
1148 1871 1269 1890 naturam
1285 1861 1484 1901 myrothecium
1494 1870 1574 1888 omne
1585 1857 1725 1888 exhausisse
1742 1858 1812 1887 credi
1823 1868 1869 1897 par

331 1897 372 1925 fir.
383 1905 503 1936 quartam
516 1897 652 1925 Charitem
664 1902 687 1926 ἃ
698 1898 834 1927 Musarum
843 1899 973 1927 decimam
982 1900 1063 1932 dicas,
1072 1911 1116 1929 aut
1127 1911 1205 1929 unam
1215 1903 1304 1940 potius
1315 1911 1368 1930 tres
1381 1900 1502 1930 Charites
1514 1905 1537 1929 δε
1550 1899 1637 1928 Musas
1648 1909 1754 1927 novem.
1776 1901 1869 1938 Repe-

328 1938 395 1966 ritur
404 1938 431 1964 in
441 1935 714 1966 metallorumfodinis
724 1949 767 1977 per
778 1937 802 1967 se
813 1946 960 1972 ortum‚aut
971 1940 1105 1969 abraditur
1114 1940 1128 1969 a
1140 1942 1251 1969 materia
1258 1942 1588 1970 metallica.Meminerunt
1602 1940 1770 1969 Dioscorides
1780 1938 1827 1967 lib.
1839 1950 1865 1967 ν.

329 1987 385 2015 cap.
398 1983 441 2010 56.
455 1977 568 2006 Galenus
579 1978 624 2005 lib.
635 1987 784 2006 memorato
794 1978 904 2017 simplic.
917 1990 943 2010 9.
955 1979 1135 2018 Theaplirasto
1145 1980 1188 2008 οἷον
1197 1978 1283 2016 οἷ’μμκ,
1297 1982 1382 2009 Plinio
1394 1982 1429 2009 est
1439 1991 1530 2009 arena:
1551 1991 1578 2008 re
1588 1981 1659 2008 enim
1668 1981 1792 2019 vera,qui
1801 1979 1866 2018 lapis

330 2018 421 2046 Lazuli
432 2027 552 2050 vocatur,
561 2018 685 2046 Sabuloni
695 2028 811 2046 arenaeve
820 2019 890 2046 dura:
901 2020 936 2046 est
947 2019 1044 2047 similis.
1059 2019 1216 2055 Cujusmodi
1228 2031 1291 2049 vero
1300 2021 1329 2049 sit
1341 2021 1469 2060 eligenda,
1480 2021 1560 2049 docet
1570 2020 1750 2053 Dioscorides,
1761 2029 1868 2059 nempe,

329 2066 388 2096 qua:
399 2057 569 2086 vehementer
579 2059 608 2086 lit
618 2058 729 2087 saturata
739 2059 828 2087 colore
839 2059 960 2087 caeruleo,
974 2061 1126 2099 Qomodo
1137 2070 1224 2089 aurem
1234 2063 1375 2100 temperari
1384 2060 1479 2089 debeat
1489 2083 1496 2095 ‚
1507 2060 1631 2090 hocloco
1642 2061 1789 2089 Vitruvius.
1804 2062 1870 2089 Car-

330 2098 395 2125 rulei
406 2098 486 2125 etiam
497 2099 605 2126 nomine
616 2099 730 2138 intelligi
739 2096 811 2138 posse
821 2109 968 2139 gemmam,
980 2110 1060 2138 quam
1071 2098 1186 2129 officinae
1197 2102 1341 2130 Turcicam
1351 2101 1480 2140 appellant
1490 2122 1496 2133 ‚
1513 2110 1590 2130 autor
1600 2102 1636 2130 est
1645 2101 1815 2130 Hermolaus.
1836 2101 1868 2129 Id

331 2138 452 2176 quamvis
463 2138 527 2166 milii
536 2137 581 2166 fiat
591 2139 728 2167 verisimile
740 2160 746 2172 ‚
759 2139 838 2167 aufim
847 2148 936 2168 tamen
945 2137 1077 2168 affirmare
1086 2162 1092 2174 ,
1105 2150 1210 2180 cyanon
1220 2139 1272 2170 effe
1279 2151 1417 2181 gemmam
1427 2140 1440 2170 ὲ
1449 2142 1639 2181 pellucentium
1651 2151 1774 2175 numero,
1786 2141 1868 2170 adeo-

329 2188 380 2216 que
390 2177 516 2217 Sapphiro
534 2175 584 2206 effe
594 2179 704 2207 similem
715 2200 721 2211 ,
739 2188 768 2207 ut
786 2188 926 2218 utramque
943 2190 998 2209 rem
1006 2183 1146 2220 gemmarii
1160 2192 1212 2210 una
1231 2183 1351 2221 Sapphiri
1367 2192 1433 2210 voce
1449 2183 1600 2210 nominent.
1620 2185 1661 2210 De
1671 2181 1766 2221 quibus
1776 2181 1870 2210 Theo-

328 2218 444 2257 phrastus
457 2222 480 2246 8<
492 2219 547 2257 post
557 2229 617 2247 eum
626 2219 725 2248 Plinius
737 2218 782 2247 lib.
791 2230 900 2248 xxxvii.
909 2230 964 2259 cap.
976 2232 1003 2253 9.
1026 2221 1162 2252 Reddatur,
1172 2223 1347 2261 inquit‚perss2
1356 2232 1443 2261 cyanos
1452 2242 1459 2251 .
1477 2223 1662 2250 accommodato
1669 2222 1744 2261 paulo
1753 2222 1869 2258 anteja-

329 2258 395 2296 spidi
405 2262 510 2289 nomine,
527 2259 605 2287 colore
623 2260 720 2288 ceruleo
728 2280 735 2286 .
754 2263 778 2288 ὅς
789 2270 846 2299 quae
856 2259 1009 2299 sequuntur.
1028 2262 1098 2290 Nam
1107 2271 1169 2290 cum
1179 2264 1302 2300 proximo
1313 2265 1398 2300 capite
1409 2263 1547 2291 caeruleam
1564 2263 1688 2302 jaspidem
1698 2264 1768 2291 circa
1777 2262 1867 2290 Ther-

330 2298 508 2326 modoontem
518 2309 623 2327 amnem
632 2297 683 2328 ess'e
694 2300 808 2328 traderet
818 2322 824 2334 ,
842 2300 978 2334 innuebat,
990 2301 1016 2329 id
1025 2311 1109 2341 genus
1121 2312 1224 2341 cyanon
1234 2312 1277 2331 aut
1287 2303 1340 2331 dici
1350 2312 1394 2331 aut
1404 2313 1475 2331 certe
1486 2300 1558 2343 posse
1567 2304 1672 2336 vocari;
1692 2303 1763 2342 quod
1774 2311 1865 2330 tamen

330 2347 429 2366 nomen
441 2339 577 2377 proprium
587 2348 642 2367 erat
653 2341 807 2378 pellucentis
818 2351 943 2381 gemmae,
955 2344 1022 2380 Qo
1033 2343 1058 2370 in
1070 2342 1133 2371 loco
1140 2344 1257 2383 graviter
1265 2353 1361 2373 errant.
1371 2344 1416 2382 qui
1425 2344 1537 2382 lapidem
1547 2344 1727 2376 caetuleum‚&
1736 2352 1865 2381 cyaneam

329 2386 464 2418 gemmam
474 2400 480 2411 ,
499 2389 547 2417 pro
559 2380 648 2408 eadem
659 2391 685 2408 re
696 2382 845 2420 accipiunt,
867 2392 928 2410 cum
940 2382 982 2410 ille
993 2382 1023 2410 fit
1032 2383 1163 2411 metallica
1172 2393 1250 2412 arena
1260 2384 1326 2419 (five
1337 2384 1450 2422 lapidem
1461 2394 1523 2412 cum
1533 2384 1665 2412 nonnullis
1675 2383 1802 2422 appelles)
1813 2393 1868 2411 non

331 2416 504 2451 transsucens,
514 2418 569 2447 haec
583 2430 645 2447 vero
654 2420 792 2458 pelluceat.
806 2424 942 2450 Caeterum
952 2423 1105 2451 Ludovicus
1114 2426 1292 2452 Vertomanus
1303 2426 1442 2453 Romanus
1452 2425 1574 2453 Patritius
1583 2424 1632 2452 suae
1643 2423 1864 2464 naviganlibiri.

330 2460 375 2497 qui
388 2460 421 2487 est
432 2469 518 2487 rerum
531 2459 810 2493 Perficarum,Eranon
821 2462 937 2500 lapillum
949 2463 974 2489 in
984 2463 1116 2502 Euphrate
1127 2465 1233 2503 reperiri
1243 2465 1318 2496 dicit,
1328 2474 1440 2503 eumque
1452 2463 1562 2503 effe,qui
1573 2466 1688 2493 Turciea
1699 2464 1781 2504 vulgo
1792 2464 1868 2492 dica-

330 2508 383 2527 tur.
396 2499 524 2532 Scribam,
534 2500 604 2538 quod
613 2499 706 2528 sentio.
720 2503 793 2529 Cum
800 2502 913 2530 duorum
923 2502 1047 2531 colorum
1059 2505 1185 2541 permistis
1195 2504 1277 2532 succis
1289 2506 1421 2536 constans,
1430 2506 1546 2533 Turciea
1558 2515 1616 2543 qua:
1625 2513 1747 2536 vocatur,
1758 2514 1869 2544 gemma

330 2550 361 2567 ex
372 2540 485 2568 cacruleo
496 2541 577 2569 lastea
586 2541 626 2573 fit,
637 2541 782 2569 addubitari
791 2542 876 2580 potest
887 2552 950 2570 num
962 2543 991 2570 fit
1002 2543 1106 2582 Iaspidis
1117 2554 1146 2572 ea
1156 2544 1262 2583 species,
1273 2555 1352 2583 quam
1364 2545 1428 2572 Plin-
1441 2544 1597 2573 lib.xxxvrr.
1606 2556 1662 2584 cap.
1672 2549 1696 2573 8.
1706 2546 1789 2572 modo
1796 2546 1867 2573 ae'ri-

330 2580 428 2613 zusam,
440 2581 524 2608 modo
534 2584 646 2609 Boream
656 2580 671 2608 ,ἰ
683 2583 782 2609 Graecis
793 2582 901 2609 testatur
911 2582 1051 2620 appellari,
1070 2584 1142 2612 coelo
1154 2585 1288 2613 matutino
1298 2585 1443 2614 autumnali
1453 2586 1571 2613 fimilem.
1597 2586 1669 2614 Vidit
1680 2585 1731 2613 hoc
1741 2594 1802 2613 ante
1811 2595 1864 2617 me.

333 2619 374 2646 scd
384 2618 515 2658 suppresso
527 2621 604 2648 Plinii
616 2622 735 2655 nomine,
744 2622 881 2662 Agricola,
894 2625 938 2660 qui
948 2622 1111 2652 subterranea
1121 2623 1318 2665 diligentissime
1331 2626 1478 2664 ptrsecutus
1488 2626 1532 2653 est.
1545 2626 1614 2654 Haec
1626 2626 1679 2653 ille.
1699 2628 1735 2653 Vt
1745 2625 1777 2653 de
1786 2634 1867 2664 gem·
1909 2635 1912 2640 ¹

334 2660 383 2686 mis
392 2661 478 2688 sileam
488 2683 495 2691 ‚
514 2661 546 2689 de
555 2661 648 2700 quibus
657 2662 711 2690 dixi
720 2663 746 2690 in
758 2664 962 2690 Commentario
971 2663 1003 2690 de
1021 2665 1141 2692 Geminis
1151 2669 1175 2693 ὃ(
1187 2665 1329 2703 lapidibus:
1351 2666 1421 2703 quod
1432 2666 1463 2693 ad
1482 2665 1551 2693 hunc
1561 2666 1651 2694 locum
1667 2666 1782 2693 Vitruvii
1791 2664 1865 2698 facit,

332 2698 390 2737 lege
403 2710 459 2737 qua:
470 2701 484 2728 a
498 2704 594 2729 Boetio
604 2701 697 2740 scripta
706 2701 764 2730 sunt
776 2703 898 2730 lib.11.de
909 2704 1023 2742 gemmis
1033 2704 1195 2742 &lapidibus
1208 2709 1370 2744 cap.124.&
1380 2705 1482 2744 aliquot
1491 2704 1674 2744 sequentibus;
1686 2705 1732 2734 ubi
1741 2715 1865 2734 accurate

331 2738 409 2766 docet
420 2742 557 2778 quomodo
569 2742 630 2780 lapis
649 2743 739 2771 Lazuli
749 2752 908 2782 praeparetur
916 2743 947 2771 ad
956 2744 1097 2772 rine‘turam
1109 2745 1160 2774 five
1169 2746 1289 2774 colorem
1299 2747 1373 2774 illum
1385 2767 1392 2780 ‚
1412 2747 1456 2784 qui
1466 2746 1547 2786 vulgo
1556 2756 1648 2774 azurus
1655 2746 1802 2785 appellatur
1812 2767 1820 2780 ,
1839 2750 1865 2775 ἃς

330 2779 423 2816 quibus
435 2781 520 2808 modis
531 2782 699 2811 adulteretur.

287 2818 316 2853 b]
352 2819 435 2846 Idem.
458 2821 607 2849 Caeruleum
627 2824 697 2851 enim
716 2826 740 2852 &
757 2823 900 2853 nascitur&
913 2823 950 2852 fit.
969 2826 999 2852 In
1011 2824 1167 2853 Alexandria
1187 2826 1421 2866 AEgyptiprimum
1438 2834 1614 2865 temperatum
1631 2827 1676 2854 est.
1698 2827 1865 2857 Indedivifio

327 2858 370 2907 yillla
382 2859 449 2907 ap'ud
461 2861 672 2909 Theophmssum
683 2863 729 2891 lib.
753 2864 807 2894 (25⁸5)
817 2866 900 2894 λίθων,
916 2867 1009 2895 Κνοινός
1020 2867 1029 2893 ὁ
1039 2865 1064 2901 ᾗ)
1074 2864 1213 2900 ωᾶἵςφυῆς,
1225 2868 1258 2903 53
1272 2865 1403 2897 adaco-riq,
1416 2864 1496 2904 afflari?
1508 2866 1534 2894 (ἐν
1550 2866 1677 2904 ΑὶῇπἻῳ.
1700 2867 1801 2899 Σκῦθης
1812 2866 1861 2907 ,οἷς

328 2908 526 2968 Ezvgglvrvlgpig&
537 2902 709 2980 ῗιέίὶὲῑὲμῷι.
719 2905 787 2934 Haec
798 2905 850 2935 ille.
875 2905 940 2934 Vide
951 2915 1008 2945 qux
1020 2906 1049 2935 ad
1060 2905 1129 2935 hunc
1139 2906 1230 2935 locum
1245 2907 1421 2947 Theophrasti
1430 2907 1615 2937 annotavimus
1625 2908 1652 2936 in
1663 2911 1864 2938 commentario

503 2950 526 2969 ι’
637 2953 675 2972 us.

1731 2992 1757 3026 c]
1779 2990 1863 3021 Idem¹
