2023 3162
584 85 662 113 niz
719 73 1060 115 P1erviiA
1115 70 1324 113 1:13.st
1690 88 1735 128 τις

141 143 231 184 albo
243 136 552 195 intemperanter,
567 145 604 180 &
617 144 728 192 nIgro
738 143 971 192 indiligenter
983 151 1152 180 utuntur.
1182 142 1277 179 Ideo
1286 141 1359 194 ipse
1368 140 1503 180 vellem
1515 141 1610 194 apud
1621 145 1739 195 pitto„-

139 213 198 239 res
210 200 337 238 album
350 202 523 237 colorem
533 201 648 249 longe
658 201 775 236 carius
786 228 796 244 ‚
823 211 935 249 quarn
947 198 1228 249 preciosissimas
1246 200 1413 248 geminas
1426 223 1434 238 ‚
1456 201 1597 237 coemi.
1628 202 1736 238 Con-

142 259 293 295 ducerer
304 257 458 306 quidem
470 256 597 293 album
611 255 809 305 &nigrum
828 267 873 292 ex
893 256 961 292 illis
974 255 1177 293 unionibus
1190 255 1417 305 Cleopatrae,
1429 267 1526 304 quos
1538 265 1647 293 aceto
1659 258 1736 294 col-

141 313 316 362 liquabat,
333 311 513 356 constare,
525 323 605 360 quo
617 323 753 348 eorum
766 309 957 348 avarissimi
968 311 1219 349 redderentur.
1246 312 1351 349 Nam
1366 313 1402 350 &
1416 311 1596 362 lepidiora
1608 325 1736 363 opera,

143 372 181 407 δε
193 369 238 405 ad
248 370 442 406 veritatem
452 369 687 418 proximiora
697 366 807 404 ess'ent
819 396 829 411 ‚
849 378 972 416 neque
983 367 1090 405 facile
1102 368 1177 404 dici
1189 367 1307 418 potest
1321 397 1330 412 ‚
1351 378 1527 418 quantam
1540 368 1608 404 effe
1618 381 1733 418 opor-

142 435 219 462 teat
229 424 464 462 distribuendi
476 423 559 461 albi.
573 424 610 460 in
622 424 778 474 pistura,
791 422 1069 474 parsimoniam,
1083 435 1197 473 atque
1211 424 1381 462 modurn.
1415 425 1514 461 Hinc
1525 422 1650 462 solitus
1661 434 1736 462 erat

143 481 181 517 δε
194 481 330 518 Zeuxis
345 481 503 532 pistores
514 480 743 529 redarguere,
756 479 860 528 quod
870 477 1053 517 nescirent
1063 480 1152 530 quid
1163 479 1248 517 ess'et
1261 482 1381 517 nimis.
1414 479 1531 532 Qod
1544 479 1567 517 si
1579 482 1671 519 vitio
1681 482 1735 517 in-

144 536 372 586 dulgendum
384 535 454 574 est,
478 537 603 573 minus
621 535 866 585 redarguendi
885 534 964 572 sunt
978 565 987 580 ,
1006 537 1073 585 qui
1092 538 1200 585 nigro
1212 535 1419 573 admodum
1432 535 1577 586 profuse
1589 563 1597 576 ‚
1621 549 1736 586 quam

144 595 208 642 qui
218 593 305 630 albo
319 593 427 643 paulu
434 603 471 628 m
488 593 776 642 intemperanter
788 602 951 628 utantur.
982 593 1124 630 Natura
1136 593 1237 629 enim
1248 591 1320 642 ipsa
1336 592 1452 629 indies
1464 602 1587 630 atrum
1599 595 1635 630 ὅ(
1651 593 1738 630 lior-

145 649 268 685 ridum
281 659 376 698 opus
395 647 458 684 usu
478 648 655 697 pingendi
667 646 780 684 odiffe
792 646 978 683 discimus.
1010 648 1287 697 Continuoque
1300 660 1379 697 quo
1390 649 1471 698 plus
1484 650 1737 697 intelligimus,

145 716 194 741 eo
207 705 286 755 plus
296 703 340 740 ad
351 704 505 753 gratiam
517 704 553 740 ὅ(
564 714 584 739 v
589 702 689 740 enust
693 712 793 739 item
806 713 961 739 manum
975 702 1167 740 delinitam
1177 704 1377 741 reddimus
1403 706 1457 741 Ita
1469 714 1597 741 natura
1606 716 1740 742 omnes

146 769 270 809 aperta
291 761 328 796 ὅ(
348 761 444 795 clara
456 769 640 795 amamus.
672 760 744 806 Erg
732 769 772 794 o
785 759 914 806 quain
931 768 1032 819 parte
1043 758 1190 795 facilior
1209 769 1369 808 peccato
1389 761 1447 797 via
1466 770 1584 810 patet,
1607 773 1656 798 eo
1669 761 1736 798 ob-

145 813 318 852 struenda
328 814 376 851 est
389 815 517 863 magis
550 814 640 850 Haec
653 812 697 849 de
710 812 782 849 albi
803 812 839 849 δε
858 814 952 862 nigri
971 805 1035 849 usu
1046 813 1143 849 dieta
1155 813 1344 851 haetenus
1380 816 1442 852 De
1455 817 1630 853 colorum
1649 828 1669 852 v
1674 827 1739 852 ero

144 871 344 920 generibus
362 871 473 907 etiarn
491 870 584 905 ratio
605 868 772 917 quoedam
791 867 996 906 adhibenda
1007 869 1067 906 est.
1099 870 1273 917 Sequitur
1283 882 1373 919 ergo
1386 880 1427 906 ut
1437 870 1481 906 de
1493 871 1667 908 colorum
1679 883 1740 920 ge
1755 876 1873 905 Colorum

144 928 293 964 neribus
304 926 483 962 nonnulla
495 924 708 963 referamus,
723 936 800 961 non
812 925 848 961 id
860 925 1026 973 quidem,
1043 925 1369 973 quemadmodum
1382 926 1575 962 Vitruvius
1587 927 1741 964 arcliite-
1751 928 1855 955 ΨΜ·

145 983 224 1020 &us
235 1011 244 1027 ‚
267 993 346 1030 quo
358 983 448 1018 loco
458 981 602 1017 rubrica
616 982 781 1029 optima,
809 982 846 1017 &
859 979 1103 1031 probatissimi
1115 981 1268 1017 colores
1286 981 1533 1017 inveniantur.
1564 983 1635 1018 Sed
1646 995 1742 1031 quo-

145 1050 233 1090 nam
244 1037 353 1087 pacto
365 1036 485 1073 selecti
497 1065 506 1079 ,
526 1038 563 1073 δε
574 1036 678 1073 valde
692 1037 831 1087 pertriti
853 1038 1002 1073 colores
1013 1037 1051 1072 in
1070 1036 1207 1086 pffitura
1219 1036 1481 1086 componendi
1492 1036 1573 1073 lint.
1589 1038 1742 1081 Ferunt,

144 1093 427 1143 Euphranorem
446 1092 604 1142 priscum
625 1092 826 1141 pistorem,
849 1092 894 1128 de
913 1092 1104 1130 coloribus
1122 1104 1205 1129 non
1224 1092 1315 1129 nihil
1338 1092 1525 1130 mandaffe
1548 1094 1670 1130 literis.
1690 1096 1741 1132 Ea

145 1148 277 1198 scripta
286 1160 366 1186 non
379 1157 505 1184 extant
517 1147 588 1184 hac
599 1147 830 1197 tempestate.

202 1206 287 1241 Nos
299 1215 439 1248 aurem,
449 1205 513 1252 qui
526 1203 623 1240 hanc
636 1204 782 1252 pieturae
795 1204 993 1248 artem,seu
1005 1203 1050 1240 ab
1062 1205 1139 1241 aliis
1150 1204 1246 1241 olim
1257 1203 1491 1255 descriptam,
1502 1203 1547 1241 ab
1557 1204 1679 1241 inferis
1689 1217 1744 1242 rc-

146 1262 303 1311 petitam
315 1289 324 1304 ,
343 1263 381 1297 in
393 1260 519 1296 lucem
530 1258 752 1297 restituimus
767 1289 775 1303 ‚
796 1259 867 1298 live
880 1272 1070 1309 nunquam
1091 1259 1111 1297 a
1129 1272 1327 1310 quoquam
1340 1261 1532 1298 tractatam
1544 1287 1552 1300 ‚
1577 1261 1744 1311 asuperis

148 1316 373 1354 deduximus
386 1342 392 1355 ‚
414 1315 542 1352 nostro
554 1345 562 1360 ‚
585 1316 745 1366 utusque
756 1316 927 1361 fecimus,
939 1318 1106 1366 ingenio,
1121 1329 1190 1366 pro
1201 1316 1366 1354 instituto
1376 1329 1456 1354 rem
1469 1316 1742 1366 persequamur.

204 1372 332 1408 Velim
344 1384 476 1421 genera
494 1373 670 1408 colorum
692 1375 729 1410 ὅς
743 1371 901 1423 species,
923 1373 1052 1421 quoad
1071 1373 1107 1409 id
1127 1372 1206 1410 fieri
1225 1371 1337 1423 poffit
1350 1401 1359 1417 ‚
1383 1384 1519 1410 omnes
1540 1374 1577 1409 in
1602 1372 1745 1423 pistura

147 1428 313 1477 quadam
334 1440 422 1465 cum
434 1429 545 1477 gratia
567 1430 604 1465 ἃ
623 1431 840 1466 amoenitate
861 1428 1022 1481 speetari.
1052 1429 1178 1466 Gratia
1197 1429 1351 1479 quidem
1363 1439 1453 1465 tunc
1475 1428 1628 1467 extabit,
1655 1440 1743 1464 cum

147 1484 272 1521 exaCta
281 1484 443 1533 quadam
454 1485 640 1533 diligentia
653 1486 801 1522 colores
812 1484 1005 1522 coloribus
1017 1485 1187 1522 aderunt:
1206 1494 1246 1523 ut
1259 1483 1281 1521 si
1294 1486 1457 1522 Dianam
1471 1496 1642 1533 agentem
1653 1484 1745 1521 cho-

148 1552 212 1577 ros
225 1541 354 1590 pingas
368 1569 378 1584 ,
399 1539 486 1577 huic
497 1541 669 1591 nympliae
679 1542 812 1578 virides
826 1569 835 1585 ‚
855 1543 905 1578 illi
915 1543 1132 1592 propinquae
1144 1540 1326 1578 candidos
1341 1570 1349 1585 ‚
1371 1543 1550 1589 proximae
1564 1541 1649 1578 liuic
1662 1552 1745 1590 pur-

149 1607 291 1645 pureos
304 1625 313 1640 ,
334 1596 435 1633 alteri
447 1607 604 1633 croceos
616 1598 773 1634 amictus
786 1597 861 1634 dari
874 1598 1061 1634 convenit.
1092 1597 1155 1633 Ac
1169 1597 1344 1647 deinceps
1357 1595 1557 1633 istiusmodi
1570 1597 1745 1633 colorum

149 1651 358 1690 diversitate
380 1663 480 1688 certe
506 1652 727 1691 induantur,
752 1664 792 1690 ut
812 1654 900 1690 clari
918 1653 1059 1704 semper
1077 1653 1226 1690 colores
1245 1652 1427 1702 aliquibus
1450 1652 1579 1691 diversi
1599 1652 1788 1709 generis,

149 1706 319 1745 obscuris
339 1707 535 1745 coloribus
552 1710 843 1758 conjungantur.
877 1710 978 1747 Nam
1003 1721 1045 1746 ea
1063 1708 1215 1757 quidem
1236 1711 1455 1758 conjugatio
1479 1709 1657 1746 colorum
1675 1734 1685 1752 ,
1706 1709 1748 1744 δεῖ

149 1763 374 1800 venustatem
396 1765 619 1802 avarietate,
641 1765 1002 1815 &pulchritudinem
1023 1764 1043 1802 a
1063 1767 1346 1816 comparatione
1365 1764 1600 1802 illustriorem
1622 1762 1744 1800 refert.

151 1818 330 1868 Atqniest
348 1819 499 1868 quidem
518 1822 700 1858 nonnulla
712 1823 807 1858 inter
819 1823 966 1859 colores
979 1822 1162 1859 amicitia,
1188 1831 1228 1857 ut
1241 1821 1355 1865 iuneti
1373 1822 1464 1858 alter
1478 1821 1582 1858 alteri
1595 1821 1748 1869 gratiam

151 1873 192 1910 ἃ
202 1874 436 1912 venustatem
448 1887 617 1925 augeant.
650 1877 808 1915 Rubeus
819 1880 929 1914 color
941 1907 951 1922 ‚
974 1877 998 1915 si
1010 1880 1105 1915 inter
1125 1877 1314 1914 coelestem
1327 1878 1364 1914 ὃς
1374 1876 1532 1915 viridem
1543 1876 1686 1913 medius
1697 1876 1750 1910 in-

151 1928 263 1968 fideat
274 1957 282 1970 ‚
307 1941 481 1968 mutuum
498 1932 676 1980 quiddam
697 1932 859 1982 utrisque
870 1934 1012 1971 suscitat
1023 1935 1153 1971 decus.
1186 1935 1327 1970 Niveus
1339 1932 1494 1982 quidem
1515 1932 1625 1969 color
1638 1960 1648 1976 ‚
1670 1942 1750 1967 non

152 1986 275 2024 modo
287 1988 380 2023 inter
390 1988 580 2023 cinereum
591 1999 704 2036 atque
717 2001 896 2026 croceum
908 1989 1066 2039 positus,
1080 1989 1139 2025 sed
1151 2000 1244 2038 pene
1257 1988 1435 2025 omnibus
1449 1988 1643 2024 coloribus
1657 1986 1748 2023 hila-

153 2043 301 2079 ritatem
314 2044 462 2092 praestat.
497 2043 655 2091 Obscuri
665 2054 794 2081 autem
808 2047 976 2084 colores,
998 2046 1095 2082 inter
1106 2045 1240 2088 claros,
1254 2055 1332 2080 non
1345 2043 1419 2080 fine
1429 2042 1559 2092 insigni
1572 2043 1750 2091 dignitate

155 2095 322 2133 assident.
352 2097 508 2146 Parique
528 2101 670 2136 ratione
684 2102 777 2136 inter
798 2099 977 2137 obscuros
998 2101 1085 2136 clari
1106 2099 1203 2137 belle
1225 2101 1477 2136 collocantur.
1517 2099 1616 2146 Ergo
1637 2092 1751 2145 quam

155 2152 460 2189 dixivarietatem
473 2154 648 2190 colorum
662 2183 671 2198 ‚
691 2157 728 2190 in
740 2155 887 2191 historia
909 2155 1027 2202 piCtor
1039 2154 1218 2202 disponet.
1251 2154 1306 2191 At
1317 2154 1400 2190 sunt
1414 2155 1480 2201 qui
1498 2165 1590 2189 auro
1610 2154 1752 2189 immo-

156 2208 238 2245 dice
251 2217 416 2248 utantur,
430 2209 536 2256 quod
548 2221 679 2245 aurum
691 2219 822 2259 putent
833 2209 1022 2257 quandam
1035 2208 1190 2246 historiae
1204 2207 1331 2246 afferre
1342 2208 1586 2253 majestatem:
1603 2219 1668 2244 eos
1680 2207 1753 2259 ipsc

156 2265 351 2314 planenon
365 2264 493 2307 laudo,
508 2266 597 2312 quin
610 2264 646 2300 ὅ(
658 2264 682 2300 si
695 2277 778 2301 eam
790 2265 900 2300 velim
914 2265 1108 2300 Didonem
1122 2265 1270 2313 Virgilii
1281 2266 1479 2314 expingere
1493 2293 1502 2308 ,
1515 2266 1574 2301 cui
1587 2263 1755 2315 pharetra

158 2332 202 2356 ex
214 2331 305 2357 auro
317 2345 324 2356 ‚
338 2321 376 2355 in
388 2331 599 2367 aurumque
612 2322 728 2357 crines
741 2320 987 2356 nodabantur.
1020 2321 1147 2357 Aurea
1163 2321 1222 2357 cui
1232 2320 1345 2357 fibula
1356 2320 1492 2357 vestem
1505 2319 1754 2363 subnectebat,

158 2374 349 2424 aureisque
359 2375 470 2411 frenis
482 2375 697 2414 vehebatur,
712 2378 919 2424 omniaque
932 2376 1171 2425 splendebant
1181 2387 1282 2414 auro.
1304 2376 1399 2414 Eam
1411 2386 1536 2413 tamen
1550 2388 1754 2413 aureorum

160 2431 350 2468 radiorum
364 2432 513 2481 copiam
525 2458 532 2470 ‚
553 2443 633 2479 qua:
647 2432 813 2480 undique
825 2432 962 2468 oculos
972 2432 1163 2469 visentium
1175 2432 1387 2482 perstringat
1397 2458 1405 2472 ,
1422 2434 1548 2483 potius
1562 2432 1754 2469 coloribus

159 2488 294 2525 imitari
304 2488 422 2524 enitar
433 2517 443 2532 ‚
467 2499 579 2536 quam
592 2499 696 2524 auro.
729 2489 828 2524 Nam
840 2499 927 2525 cum
940 2490 1062 2531 major
1072 2490 1110 2525 in
1122 2488 1316 2526 coloribus
1328 2488 1369 2525 fit
1379 2487 1527 2525 artificis
1539 2488 1749 2527 admiratio.

160 2545 199 2581 δε
208 2543 303 2587 lam,
316 2554 395 2580 tum
406 2546 517 2580 ctiam
529 2543 650 2580 videi-e
662 2545 748 2580 licet
758 2550 768 2585 ',
790 2545 825 2580 in
841 2545 947 2593 plana
959 2545 1084 2581 tabula
1095 2557 1186 2582 auro
1196 2539 1342 2595 polito}
1363 2554 1403 2581 ut
1414 2546 1597 2595 pleraeque
1606 2542 1754 2593 superfi-

162 2600 258 2637 cies,
281 2611 371 2648 quas
382 2601 495 2636 clai-:is
514 2602 550 2636 ὃς
571 2598 984 2649 fiilgidaSiepraesentare
1003 2611 1237 2652 oportuerat,
1259 2600 1423 2638 obscurae
1435 2599 1633 2637 visentibus
1648 2610 1758 2650 appa-

163 2665 279 2692 reant.
313 2656 407 2692 Aliae
421 2653 578 2692 foi-taffis
598 2668 679 2704 quae
692 2655 944 2693 umbi-otiores
964 2656 1168 2694 debuerant
1180 2657 1248 2694 effe
1261 2683 1269 2696 ‚
1293 2655 1554 2693 luminosiores
1567 2656 1757 2705 porrigan-

164 2720 236 2748 tur.
271 2712 416 2749 Caetera
426 2711 578 2760 quidem
592 2711 782 2749 fabrorum
795 2723 1016 2749 ornamenta
1029 2741 1037 2756 ‚
1047 2725 1129 2762 quae
1143 2713 1289 2762 pisturae
1301 2713 1526 2753 adiiciuntur
1538 2741 1547 2755 ‚
1570 2707 1609 2748 iit
1619 2711 1757 2749 scilicet

165 2767 455 2817 circumsculptae
468 2769 664 2805 columnae.
681 2767 716 2803 ἃ
731 2768 829 2804 bases
840 2770 877 2805 ὅ(
887 2768 1024 2817 fastigia
1040 2798 1048 2812 ,
1070 2781 1147 2805 nori
1161 2770 1243 2805 sane
1255 2768 1475 2818 vituperabo
1489 2797 1498 2811 ‚
1522 2767 1547 2804 fi
1557 2779 1600 2804 ex
1612 2766 1690 2818 ipso
1702 2778 1756 2803 ar-

165 2833 282 2870 gento
293 2834 407 2872 atque
418 2835 508 2861 auro
521 2822 639 2859 solido
653 2853 662 2867 ,
681 2824 739 2860 vel
751 2823 960 2861 admodum
982 2823 1173 2873 purissimo
1185 2823 1329 2861 fuerint.
1361 2825 1461 2861 Nam
1472 2826 1507 2861 ὃς
1519 2834 1757 2871 gemmarum

166 2890 321 2929 quoque
338 2880 568 2918 ornamentis
590 2879 752 2929 perfesta
772 2880 809 2916 δε
830 2879 994 2917 absoluta
1014 2880 1159 2917 historia
1178 2878 1389 2930 dignissima
1408 2879 1467 2917 est.
1505 2880 1692 2917 Hactenus
1706 2879 1758 2927 pi

168 2934 277 2974 stura:
293 2946 415 2988 partes
435 2946 507 2974 tres
527 2933 734 2975 brevissime
756 2935 939 2974 transa&ae
959 2948 978 2972 a
997 2937 1107 2974 nobis
1127 2935 1218 2975 sunt.
1262 2937 1435 2974 Diximus
1457 2935 1503 2973 de
1525 2934 1755 2973 circumscri-

1047 2990 1071 3027 d
1624 2990 1754 3040 ptionc
