2023 3162
236 49 311 79 208
658 36 1466 84 M.V1·rnuvr1P01„L10N1s

233 122 313 159 quo
325 106 429 145 funes
440 107 648 157 alligentur.
670 104 864 143 Trochlea
876 106 912 141 in
924 103 1075 142 summo
1094 107 1214 156 capite
1227 105 1410 142 machinae
1422 105 1568 144 rudenti
1581 108 1829 146 contineatur.

235 168 274 202 ὅ(
286 177 331 202 ex
342 176 390 201 eo
400 163 508 202 funes
520 164 772 214 perducantur
782 161 827 198 ad
842 162 991 211 palum,
1015 161 1051 197 &
1063 173 1146 210 quae
1157 161 1251 198 estin
1263 161 1352 211 palo
1372 161 1538 199 trochlea
1549 163 1685 212 illigata
1701 194 1710 207 ,
1733 165 1833 201 circa

237 223 314 266 ejus
323 221 538 258 orbiculum
550 218 646 256 funis
659 218 826 257 indatur,
850 219 887 254 &
900 216 1129 254 referatur-ad
1152 229 1233 254 eam
1245 217 1452 254 trochleam
1465 246 1475 261 ,
1493 231 1577 266 qua:
1589 221 1656 256 erit
1668 220 1713 256 ad
1725 231 1833 269 caput

239 277 419 314 machinae
431 277 590 325 religata.
623 275 779 311 Circum
788 283 911 310 autem
931 272 1146 311 orbiculum
1156 274 1201 310 ab
1221 273 1368 310 summo
1389 273 1557 319 traieetus
1578 273 1672 321 funis
1688 275 1835 311 deseen-

239 334 321 373 dat,
345 334 381 369 δε
393 332 516 369 redeat
535 331 579 367 ad
590 329 753 366 suculam
766 355 774 368 ‚
797 342 876 378 quae
887 328 985 365 estin
1003 330 1078 366 ima
1090 329 1261 366 machina
1274 358 1283 372 ,
1304 328 1429 378 ibique
1441 330 1626 377 religetur.
1659 331 1835 368 Vcffl'ous

240 400 363 426 autem
376 388 504 425 coae‘ta
516 385 640 423 sucula
650 385 862 429 versabitur,
875 387 911 422 ὃ(
925 385 1041 434 eriget
1053 397 1117 435 per
1128 384 1160 421 se
1170 384 1382 422 machinam
1395 384 1468 422 siue
1479 386 1645 434 periculo
1660 399 1666 421 :
1681 387 1728 423 ita
1739 390 1834 424 circa

241 443 418 494 dispositis
432 441 577 479 funibus
593 470 603 486 ,
626 444 664 479 ἅ
687 442 896 478 retinaculis
916 442 953 477 in
964 441 1055 491 palis
1075 440 1310 479 merentibus,
1325 442 1506 490 ampliore
1528 441 1649 478 modo
1666 442 1835 480 machina

242 500 503 538 collocabitur.
535 497 737 535 Troehleae
749 500 786 535 δε
799 497 950 534 ἀυᾶιιῑίἰ
960 496 1080 541 funes,
1093 499 1143 534 uti
1155 497 1258 549 supra
1270 496 1444 547 scriptum
1458 496 1519 541 est,
1534 497 1787 546 expediuntur.

891 613 1046 651 CAP.
1109 612 1182 650 IV.

279 702 466 755 Simila}
506 704 715 775 taperiori
726 701 967 761 machina,
981 703 1060 754 cui
1068 701 1375 771 coloſsicotera
1388 703 1546 753 turim
1558 704 1803 755 committi

489 778 639 846 poffimt
654 817 666 835 ,
697 784 907 826 immutata
921 780 1122 825 duntaxat
1133 779 1269 841 fficula
1284 784 1324 824 in
1338 794 1578 845 tympanum.

242 897 348 978 δὴ]
377 906 502 934 autem
523 895 792 934 colossicotera
819 895 1123 945 amplitudinibus
1152 894 1187 932 δε
1210 894 1442 945 ponderibus
1455 905 1571 931 onera
1600 894 1637 930 in
1659 893 1839 944 operibus

299 951 434 989 fuerint
454 981 463 997 ‚
482 964 560 990 non
578 955 644 990 erit
664 949 800 990 suculae
821 951 1163 996 committendum,
1183 951 1243 987 sed
1260 950 1588 1000 quemadmodum
1610 949 1733 986 sucula
1756 949 1841 986 che-

240 1009 353 1044 loniis
366 1009 554 1047 retinetur,
576 1010 625 1046 ita
637 1010 709 1046 axis
720 1008 943 1051 includatur,
961 1006 1098 1045 habens
1110 1009 1148 1043 in
1160 1007 1288 1045 medio
1301 1018 1518 1057 tympanum
1532 1007 1697 1056 amplum
1710 1030 1718 1043 ,
1735 1004 1840 1054 quod

239 1065 546 1101 nonnullirotam
556 1065 749 1114 appellant,
763 1063 1023 1101 Graeciautem
1044 1060 1276 1113 οἱμφίῤῥώζὶν,
1291 1060 1544 1113 aliiwssc'rpopgov
1555 1071 1710 1099 vocant.
1733 1060 1839 1097 lnhis

242 1130 370 1157 autem
393 1120 572 1157 machinis
591 1119 766 1157 trochleae
785 1131 867 1156 non
891 1119 1050 1159 eodem,
1073 1119 1131 1156 sed
1143 1120 1217 1156 alio
1233 1119 1353 1157 modo
1374 1127 1654 1168 comparantur.
1686 1116 1840 1154 Habent

242 1177 345 1212 enim
361 1174 444 1212 &in
458 1178 585 1213 imo&
598 1178 634 1212 in
647 1175 796 1213 stimmo
812 1176 978 1226 duplices
1000 1175 1148 1212 ordines
1168 1174 1448 1213 orbiculorum:
1470 1176 1520 1210 ita
1538 1172 1636 1209 funis
1657 1172 1841 1209 dustarius

242 1232 472 1275 trajiciturin
491 1231 675 1283 inferioris
692 1231 868 1270 trochleae
879 1231 1048 1268 foramen
1060 1261 1070 1275 ‚
1089 1233 1143 1269 uti
1156 1232 1308 1280 :equalia
1326 1231 1403 1268 duo
1417 1231 1538 1280 capita
1551 1228 1618 1265 sint
1638 1228 1735 1265 funis
1748 1241 1840 1266 cum

244 1289 311 1323 crit
331 1287 524 1329 extensus,
547 1287 673 1337 ibique
690 1287 899 1325 secundum
917 1287 1131 1325 inferiorem
1153 1287 1361 1325 trochleam
1383 1287 1547 1323 resticula
1572 1284 1784 1322 circundata
1802 1286 1840 1322 &

244 1354 417 1379 connexa
428 1369 436 1384 2
460 1353 623 1393 utraeque
634 1354 750 1394 partes
764 1343 861 1380 funis
874 1344 1117 1381 continentur
1129 1373 1138 1388 ‚
1151 1354 1191 1381 ut
1201 1345 1369 1392 ncquein
1383 1343 1566 1386 dextram,
1582 1352 1702 1390 neque
1713 1341 1750 1377 in
1761 1340 1844 1377 smi-

244 1397 353 1435 stram
367 1409 509 1448 partem
518 1398 664 1450 possint
674 1399 832 1450 prodire.
849 1399 998 1437 Deinde
1011 1402 1130 1450 capita
1142 1399 1237 1437 funis
1249 1398 1503 1437 referunturin
1516 1397 1659 1435 summa
1668 1397 1842 1434 trochlea

245 1453 293 1490 ab
303 1456 485 1491 exteriore
497 1466 599 1507 parte
612 1485 623 1500 ‚
644 1458 681 1493 δί
702 1456 927 1503 dejiciuntur
939 1456 1038 1493 circa
1060 1456 1252 1493 orbiculos
1271 1457 1392 1500 imos,
1414 1454 1450 1491 &
1464 1455 1618 1492 redeunt
1638 1452 1683 1489 ad
1704 1454 1838 1491 imum,

245 1511 575 1560 conjiciunturque
584 1511 719 1548 infimae
731 1511 908 1549 trochleae
927 1512 972 1550 ad
985 1510 1180 1550 orbiculos
1192 1523 1235 1549 ex
1251 1513 1427 1549 interiore
1438 1520 1555 1561 parte,
1583 1511 1620 1546 ὃ(
1633 1508 1842 1546 referuntur

245 1564 368 1602 dextra
381 1576 423 1603 ac
436 1565 569 1605 finisti-a
588 1567 633 1604 ad
646 1578 759 1618 caput
770 1567 790 1603 s
785 1579 918 1605 ummae
931 1567 1108 1606 trochleae
1120 1595 1128 1608 ,
1155 1570 1254 1606 circa
1263 1567 1459 1604 orbiculos
1468 1565 1648 1603 summos.
1682 1564 1842 1611 Trajeffi

244 1631 369 1658 autem
381 1621 426 1659 ab
438 1624 614 1660 exteriori
626 1634 726 1674 parte
746 1623 953 1662 referuntur
963 1624 1090 1661 dextra
1108 1637 1151 1661 ac
1164 1624 1296 1661 sinistra
1318 1634 1540 1673 tympanum
1557 1623 1594 1658 in
1605 1633 1669 1658 axe
1682 1649 1690 1664 ‚
1715 1620 1842 1668 ibique

244 1686 284 1712 ut
298 1676 455 1715 haereant
468 1679 704 1728 colligantur.
735 1680 841 1717 Tum
852 1690 977 1717 autem
999 1682 1097 1717 circa
1109 1690 1330 1730 tympanum
1349 1679 1544 1717 involutus
1557 1678 1645 1714 alter
1668 1678 1731 1722 [a]
1747 1675 1842 1711 funis

247 1731 454 1772 referturad
465 1745 650 1784 ergatam:
671 1736 750 1773 &is
761 1736 1004 1773 circumactus
1025 1746 1244 1786 tympanum
1265 1738 1303 1773 &
1324 1747 1432 1773 axem
1446 1732 1675 1773 involvendo
1690 1755 1698 1769 ‚
1722 1730 1842 1772 funes,

1776 1797 1840 1833 qur

247 1880 277 1914 a]
306 1880 453 1908 Philander.
474 1883 573 1919 Ergata
584 1882 706 1909 machina
719 1882 843 1909 :meroris
863 1884 964 1919 (quam
977 1881 1129 1908 Aristoteles
1143 1881 1322 1908 mechanicam
1335 1880 1475 1917 quaestione
1491 1885 1560 1905 xiil.
1581 1874 1651 1914 {09⁸2
1663 1896 1669 1906 ,
1687 1886 1713 1903 ut
1736 1886 1841 1916 opinor,

290 1921 416 1958 appellati
429 1921 468 1948 vel
480 1920 556 1948 hoca
571 1921 655 1949 [ucula
667 1920 755 1948 differt
768 1940 774 1952 ,
793 1921 864 1958 quod
875 1931 923 1947 axe
934 1922 969 1948 est
980 1922 1055 1948 reSto
1067 1941 1073 1952 ,
1094 1931 1147 1947 non
1157 1922 1260 1955 jacente
1273 1940 1279 1952 ‚
1299 1920 1475 1957 porreftovez
1503 1917 1623 1946 metibus
1633 1917 1703 1944 enim
1715 1917 1788 1945 licuti
1799 1916 1839 1944 su-

1016 2699 1196 2722 --rss

878 2740 915 2744 ,-
1022 2735 1090 2746 am·-

713 2698 829 2758 Ξ-

613 2775 625 2780 ”
658 2773 745 2801 ““’“““““
790 2773 828 2831 llll

513 2773 782 2830 ‘milviniiimm

527 2838 717 2847 ’.ψ-,ί

842 2771 1240 2831 llll¹1llillllllllliillfflfflffllss'¹'¹¹'
1255 2755 1312 2793 ”·’
1327 2768 1371 2819 ¹--.

294 2894 351 2924 cula
360 2895 482 2927 versatur,
495 2906 547 2924 non
558 2897 583 2923 id
595 2900 703 2934 quidem
712 2897 883 2925 brachiorum
894 2897 974 2924 duflu
985 2918 991 2929 ,
1005 2895 1046 2924 sed
1058 2894 1253 2922 obnitentibus.
1266 2896 1289 2920 ἃ
1303 2889 1480 2920 ambientibus
1494 2887 1632 2914 vestiariis.
1652 2880 1709 2908 Itali
1720 2890 1848 2919 arganum

294 2945 400 2964 vocant.
421 2938 544 2966 Sucuhm
555 2947 644 2970 autem
662 2939 1117 2977 (ut1211,ssPraetermittmneorum,
1138 2945 1195 2973 qux
1206 2935 1236 2962 ad
1254 2933 1380 2967 juvandos
1393 2928 1519 2959 studiosos
1528 2925 1615 2955 facere
1625 2924 1724 2956 video)
1747 2925 1848 2990 Αῐέίὶιοὲ

1796 2974 1806 2990 c
1821 2973 1832 2990 e
