2023 3162
520 70 937 108 COMMENTAlzlvs
976 79 1036 106 Dr:
1072 68 1383 110 chrPTvRA.
1711 86 1752 116 53

148 140 242 190 gulis
253 140 416 177 aemula'ri
430 139 657 184 debeat,non
669 140 757 190 quid
769 142 805 176 in
816 139 968 188 singulis
978 140 1165 177 damnare.
1179 142 1266 178 Nec
1280 142 1456 179 tamenin
1468 154 1533 179 om
1540 143 1646 181 nibus
1658 145 1755 184 adeo

147 194 328 233 insudabit
341 221 351 238 ‚
373 207 412 233 ut
430 194 522 233 nihil
541 208 707 245 unquam
724 196 804 233 satis
824 195 1036 233 absolutum
1055 206 1178 246 putet:
1200 209 1395 246 nunquam
1416 197 1613 247 diligentiae
1635 201 1751 240 finem

145 250 284 288 faciens
297 280 307 296 ‚
328 263 368 289 ut
382 252 636 290 Callimachus
648 253 708 288 ille
722 252 865 303 semper
886 252 1142 290 calumniator
1155 251 1224 291 sui,
1249 254 1390 290 nescius
1401 255 1562 292 modum
1576 256 1752 296 adhibere

146 307 343 356 diligentiae
357 337 366 352 ‚
381 309 433 346 ob
445 308 481 345 id
495 307 810 345 Cakizotechnos
821 309 1039 357 appellatus.
1073 309 1192 354 Cuius
1205 310 1381 359 operibus
1394 311 1535 359 alioqui
1548 312 1749 355 laudandis.

145 365 301 412 gratiam
313 375 474 401 omnem
491 364 683 413 diligentia
703 366 816 401 nimia
828 364 983 401 abstulit.
1017 366 1110 416 Qo
1121 366 1215 403 vitio
1226 367 1337 402 etiam
1355 366 1534 404 Sillanion
1555 367 1750 409 laboravit,

145 420 314 468 alioquin
333 421 371 457 <Sc
387 419 459 469 ipse
478 420 597 457 clarus
618 419 770 464 artifex,
792 419 852 456 sed
871 418 1021 456 suorum
1032 432 1193 470 operum
1214 422 1364 470 iniquus
1386 422 1508 467 judex.
1531 424 1596 472 qui
1618 425 1752 463 crebro

145 476 257 511 etiam
277 474 436 525 perfcsta
454 475 551 525 signa
571 474 764 524 frangebat
777 501 785 514 ‚
807 475 870 512 fibi
889 474 956 526 ipsi
975 486 1055 512 non
1073 475 1311 514 satisfaciens.
1344 478 1465 529 Qod
1485 480 1599 516 etiam
1618 481 1752 519 vitium

145 530 301 580 Apelles
317 531 485 568 modeste
495 533 532 567 in
552 531 764 580 Protogene
777 533 938 579 notavir5
955 532 994 568 in
1004 533 1145 568 caeteris
1165 535 1297 570 omnia
1309 532 1373 570 sibi
1393 545 1482 571 curn
1493 535 1560 572 illo
1570 537 1670 584 paria
1685 536 1755 575 effe

145 585 288 630 dicens,
302 596 362 623 aut
373 587 439 623 illo
451 587 620 624 meliora.
639 587 710 623 Sed
722 589 866 634 mejam
876 588 1025 636 longius
1034 587 1230 637 digress'um
1247 589 1482 639 Apollonius
1503 591 1539 628 δε
1553 591 1751 630 Tauriscus

144 641 495 692 revocantinfignes
507 642 664 680 artifices
675 642 791 680 ambo
803 671 813 687 ‚
832 654 903 679 nec
920 644 1053 692 raptim
1074 643 1362 682 transcurrendi:
1382 658 1547 695 quorum
1559 647 1679 686 adhuc
1694 661 1752 686 ex-

145 698 222 742 stat,
232 698 314 734 imo
325 699 416 735 vivit
430 727 439 742 ,
459 709 554 748 opus
568 697 841 736 nobiliffimum
852 700 889 735 in
901 699 1041 749 palatio
1054 698 1281 737 illustrissimi
1293 701 1500 739 Cardinalis
1515 703 1667 741 Farnesii
1681 734 1691 750 ,
1711 716 1751 742 ut

144 756 259 792 velex
271 753 378 791 Plinii
390 752 635 804 descriptione
647 753 756 789 facile
765 764 897 790 manus
910 754 1169 802 agnoscantur,
1185 756 1328 793 Zethus
1341 759 1378 795 ὃς
1392 757 1605 809 Amphion,
1620 762 1657 798 ὅ(
1670 771 1750 798 tau-

143 821 215 848 rus,
231 811 497 858 vinculumque
511 821 555 846 ex
565 808 701 846 eodem
713 808 852 859 lapide,
870 808 890 843 a
902 809 1051 846 Rhodo
1063 810 1213 848 advesta
1227 841 1237 856 ‚
1258 813 1344 848 artis
1354 815 1391 850 δ(
1401 824 1538 851 natura:
1551 825 1748 853 certamen.

144 865 316 910 Ejusdem
326 867 439 902 etiam
458 864 655 915 Apollonii
667 864 780 902 exstat
791 865 831 901 in
850 864 1043 903 Vaticano
1062 876 1219 915 corpus,
1242 869 1362 916 capite
1376 896 1386 912 ,
1405 869 1584 915 brachiis,
1605 870 1751 910 &tibiis

143 932 357 958 truncatum
371 950 381 965 ‚
403 932 447 958 ex
468 932 668 958 marmore.
691 920 797 969 quod
816 919 1071 970 fragmentum
1090 922 1184 958 nulli
1206 922 1305 959 cedit
1323 934 1485 974 operum
1503 927 1748 975 antiquorum

141 989 223 1026 quae
234 987 361 1014 extant
371 976 483 1013 hodie
493 977 644 1014 Romae.
684 975 761 1013 Bali
776 987 918 1013 nomen
930 977 1071 1014 autoris
1080 974 1296 1028 inscriptum
1307 979 1367 1015 est.
1398 980 1671 1020 Laocoontem
1684 995 1750 1021 au-

141 1044 219 1070 tem
236 1033 340 1070 illurn
350 1034 432 1082 quis
443 1033 567 1069 saltem
589 1032 683 1070 fama
695 1044 775 1069 non
789 1034 919 1070 novit?
940 1032 1044 1082 quod
1054 1034 1164 1070 etiarn
1182 1033 1275 1070 dum
1287 1035 1325 1070 in
1344 1035 1533 1073 Vaticano
1543 1038 1627 1074 attis
1639 1040 1748 1077 mira-

142 1089 273 1125 culum
288 1088 489 1126 ostentatur
499 1118 508 1133 ‚
521 1087 766 1138 spectantibus
779 1087 977 1126 horrorem
989 1090 1175 1126 incutiens
1188 1115 1194 1129 ‚
1209 1090 1294 1126 artis
1306 1088 1481 1129 statuaria:
1493 1104 1578 1130 cum
1592 1093 1748 1133 Poetica

142 1155 346 1183 certamen,
361 1144 398 1180 δε
409 1144 595 1193 utriusque
607 1157 694 1182 cum
707 1143 779 1196 ipsi
789 1153 916 1183 natura
931 1170 938 1183 ,
952 1145 1075 1195 palma
1085 1144 1206 1182 dubia.
1243 1148 1440 1201 Qantum
1453 1149 1552 1185 enim
1567 1149 1748 1199 Virgilius

143 1202 331 1245 carmine,
351 1200 563 1237 tantumisti
575 1212 765 1238 marmore
777 1200 1023 1238 contendunt.
1053 1200 1286 1251 Stupendum
1303 1214 1419 1252 opus,
1441 1215 1485 1240 ex
1504 1215 1581 1241 uno
1602 1206 1744 1257 lapide,

141 1267 274 1306 parens
286 1285 296 1300 ,
317 1256 353 1292 &
366 1256 490 1300 liberi,
506 1254 684 1294 horrendi
696 1257 905 1294 draconum
916 1268 1033 1293 nexus
1046 1285 1055 1301 ,
1075 1258 1188 1306 patris
1201 1257 1375 1307 angustiae
1387 1287 1397 1303 ,
1410 1258 1615 1298 liberorum
1627 1263 1748 1311 gemi-

141 1322 201 1348 tus
216 1310 381 1362 expressi.
403 1313 525 1362 Opus,
542 1314 663 1361 inquit
675 1313 832 1351 Plinius,
848 1311 1026 1349 omnibus
1046 1314 1083 1350 ὃ(
1106 1312 1254 1362 pistura:
1271 1315 1308 1351 ὅ(
1329 1314 1502 1352 statuariae
1522 1318 1608 1354 artis
1620 1317 1749 1368 praefe-

142 1367 300 1406 rendum
313 1393 320 1407 ‚
342 1369 446 1418 quod
458 1369 504 1405 de
515 1368 660 1406 consilii
672 1368 848 1406 sententia
860 1367 1028 1405 fecerunt
1041 1367 1172 1405 summi
1191 1368 1346 1406 artifices
1360 1370 1576 1420 Agesander
1589 1375 1626 1410 ὅ(
1637 1374 1749 1423 Poly·

141 1423 255 1460 dorus
268 1453 278 1468 ‚
298 1426 335 1462 ὅ(
358 1424 629 1462 Athenodorus
644 1425 799 1462 Rhodii.
830 1425 925 1462 Sunt
945 1425 1060 1461 etiam
1080 1425 1118 1460 in
1129 1425 1267 1462 eodem
1284 1425 1388 1476 septo
1400 1427 1470 1464 alia
1489 1427 1746 1477 probatissima

143 1478 254 1528 signa.
286 1480 435 1529 Apollo
452 1481 514 1518 ille
536 1492 664 1517 arcum
674 1492 804 1518 tenens
815 1481 938 1518 emiss'a
950 1480 1095 1530 sagitta,
1119 1482 1156 1518 ὅ(
1170 1480 1363 1519 Antinous
1385 1484 1527 1520 eximiae
1541 1484 1747 1534 pulchritu-

143 1537 247 1572 dinis.
279 1536 466 1573 Primores
478 1537 566 1574 illos
577 1536 735 1575 artifices
754 1538 813 1574 alii
824 1536 883 1573 sed
902 1535 1136 1574 obscuriores
1147 1538 1308 1574 aemulati
1321 1536 1409 1575 sunt.
1440 1539 1609 1577 Phidiam
1631 1540 1743 1579 Alca-

141 1603 295 1631 menes,
318 1593 478 1638 Critias,
499 1591 712 1633 Nestocles‚
738 1593 906 1642 Hegeas3
930 1592 1095 1643 Scopam
1115 1592 1275 1638 Breuis,
1295 1593 1548 1639 Timotheus,
1568 1595 1743 1634 Leocha-

141 1659 198 1684 res
210 1672 218 1685 ‚
239 1648 306 1696 qui
314 1649 448 1698 pariter
467 1660 555 1686 cum
568 1650 635 1686 illo
646 1647 881 1687 Mausoleum
896 1651 1087 1687 caelarunt,
1104 1658 1145 1686 ut
1158 1659 1290 1686 manus
1302 1651 1413 1687 etiam
1426 1661 1619 1689 certarent.
1634 1653 1745 1690 Tele-

141 1702 302 1752 phanes,
320 1705 462 1753 alioqui
481 1703 680 1743 obscurus,
704 1706 920 1754 aequabatur
940 1705 1159 1753 Polycleto‚
1178 1705 1350 1754 Myroni.
1372 1715 1482 1755 atque
1503 1707 1738 1757 Pythagorae,

142 1758 326 1797 artificum
339 1758 528 1810 suffragiis.
551 1760 831 1811 Cephisodorus
844 1761 1028 1798 Praxitelis
1039 1760 1135 1797 filius
1146 1786 1154 1800 ‚
1179 1762 1231 1798 rei
1252 1762 1289 1798 &
1302 1763 1387 1799 artis
1398 1764 1473 1808 ejus
1486 1762 1606 1800 haeres.
1625 1765 1748 1801 Com-

140 1816 363 1864 parabantur
381 1818 492 1854 etiam
505 1816 666 1854 artifices
686 1829 847 1867 operum
860 1817 1059 1854 indiscretis
1071 1815 1262 1864 manibu53
1288 1828 1328 1854 ut
1339 1819 1375 1854 in
1396 1818 1541 1868 templo
1552 1818 1746 1869 Apollinis

141 1869 282 1907 Sofiani
295 1871 451 1908 Nioben
472 1884 560 1909 eum
572 1873 695 1910 liberis
714 1874 955 1917 morientem,
967 1874 1111 1921 Scopas
1123 1883 1170 1908 an
1179 1873 1377 1912 Praxiteles
1387 1873 1532 1911 feciffer.
1555 1872 1744 1928 EtJanum

140 1937 287 1977 patrem
307 1927 343 1963 in
355 1927 420 1965 suo
431 1929 573 1978 templo
584 1929 749 1966 dicatum
762 1929 808 1966 ab
822 1929 1005 1979 Augusto.
1041 1929 1109 1966 Par
1121 1927 1296 1966 haesitatio
1314 1929 1386 1966 fuit
1404 1930 1450 1966 de
1463 1929 1653 1979 Cupidine
1670 1930 1745 1967 ful-

141 1993 230 2019 men
241 1992 403 2021 tenente.
436 1984 622 2021 Praxitelis
633 1986 764 2024 Venus
775 1986 835 2022 illa
847 1985 983 2022 Gnidia
993 1986 1030 2020 in
1042 1985 1168 2033 primis
1181 1986 1255 2029 ejus
1266 1983 1441 2034 operibus
1452 1985 1743 2024 commendaba-

141 2046 214 2073 tur.
244 2038 327 2074 Fuit
345 2038 523 2090 &Scopae
536 2041 667 2077 Venus
686 2042 722 2076 in
744 2041 889 2091 templo
911 2040 1011 2077 Bruti
1022 2039 1339 2077 CallaiciGnidiae
1358 2041 1410 2077 illi
1428 2041 1584 2090 praelata.
1616 2041 1745 2078 Certa-

142 2104 230 2130 vere
251 2094 365 2129 etiam
376 2093 519 2130 Phidias
533 2095 569 2131 ὃ(
582 2096 799 2143 Praxiteles3
825 2097 927 2140 cujus
950 2096 1163 2132 certaminis
1182 2096 1351 2144 praeclara
1365 2106 1488 2132 extant
1506 2096 1741 2134 monimenta

143 2149 284 2185 Roma:
307 2148 344 2184 in
357 2159 488 2185 monte
503 2150 709 2199 Qirinali,
730 2151 808 2187 duae
829 2151 950 2187 statuae
969 2149 1441 2200 AlexandriBucephalum
1456 2151 1646 2188 domantis
1661 2182 1670 2197 ‚
1691 2153 1742 2189 al-

143 2214 264 2241 terurn
278 2215 374 2254 opus
387 2203 526 2241 Phidiae
540 2234 549 2248 ‚
568 2206 725 2243 alterum
736 2206 939 2242 Praxitelis.
970 2206 1060 2241 Non
1073 2207 1345 2254 praetereundus
1356 2205 1404 2242 est
1415 2207 1610 2255 Diogenes
1620 2207 1742 2246 Athe-

143 2258 286 2298 niensis,
297 2262 361 2308 qui
371 2259 579 2297 Pantheum
591 2261 765 2312 Agrippae
778 2262 932 2309 egregiis
944 2261 1119 2310 operibus
1130 2260 1337 2300 decoravit,
1355 2262 1441 2299 inde
1453 2261 1610 2300 vicissim
1623 2263 1743 2313 &ipse

143 2327 222 2352 non
234 2327 365 2365 parum
387 2319 599 2353 ornamenti
613 2316 878 2366 consequutus.
909 2318 994 2362 Ejus
1010 2318 1105 2353 inter
1116 2327 1247 2354 caetera
1262 2317 1515 2366 probabantur
1527 2319 1739 2367 Caryatides

143 2372 181 2408 in
195 2372 383 2408 columnis
394 2373 525 2422 templi
537 2373 625 2417 ejus,
637 2375 673 2411 ὅ(
685 2372 784 2423 signa
795 2375 832 2410 in
843 2371 988 2423 fastigio
998 2372 1117 2425 polita
1127 2398 1135 2413 ‚
1149 2373 1194 2411 de
1207 2373 1347 2423 quibus
1360 2375 1446 2413 alias
1456 2375 1638 2413 dicemus.

609 2500 701 2532 DE
761 2498 1265 2533 CeAELATVRA.

146 2596 399 2681 Cffilatura
417 2599 530 2637 altera
549 2597 741 2650 sculptura:
761 2597 895 2650 speeies
914 2599 1093 2649 sequitur,
1121 2601 1292 2639 medium
1314 2600 1491 2651 quiddam
1509 2602 1606 2639 inter
1626 2601 1741 2653 pistu-

231 2666 309 2692 ram
322 2685 331 2699 ,
350 2658 388 2693 &
400 2655 621 2700 statuariam,
634 2666 672 2692 ut
683 2656 820 2693 Plinius
830 2655 1017 2694 adnotass'e
1031 2657 1188 2702 videtur,
1199 2669 1301 2702 cum,
1319 2660 1355 2695 in
1367 2656 1458 2694 vafis
1469 2659 1650 2707 argenteis
1661 2659 1740 2695 suo-

144 2722 228 2747 rum
247 2721 464 2761 temporum
482 2712 610 2748 luxum
623 2713 973 2760 arguens,Nullurn,
986 2713 1119 2762 inquit,
1134 2725 1250 2761 genus
1267 2712 1441 2761 officinae3
1454 2713 1517 2751 diu
1528 2713 1742 2763 probando,

144 2778 249 2803 nunc
263 2767 427 2805 Furiana,
440 2778 542 2803 nunc
556 2767 753 2805 Clodiana,
765 2780 866 2805 nunc
878 2767 1066 2805 Gratiana.
1106 2769 1255 2806 Etenim
1266 2770 1436 2807 tabernas
1448 2769 1580 2807 mensis
1592 2770 1744 2819 adopta-

146 2823 286 2870 vimus;
312 2835 411 2860 nunc
436 2822 648 2872 Anaglypta
667 2849 675 2862 ‚
708 2824 744 2859 in
772 2822 1078 2873 asperitatemque
1099 2825 1215 2862 excisa
1232 2826 1329 2862 circa
1356 2826 1538 2863 linearum
1561 2825 1743 2876 picturas,

146 2880 364 2925 quaerimus.
397 2879 518 2915 Reste
530 2879 686 2916 Plinius.
717 2878 1047 2929 namAnaglypta‚
1074 2881 1111 2917 &
1134 2881 1171 2916 in
1193 2880 1421 2932 asperitatem
1440 2881 1577 2919 excisa,
1601 2881 1742 2930 pictura

144 2930 272 2972 lineari
289 2939 454 2985 primum
479 2933 760 2975 adumbrantur,
785 2945 827 2973 ut
849 2935 1026 2986 quicquid
1045 2935 1194 2986 picturae
1214 2938 1378 2976 terminis
1395 2937 1612 2976 includitur,
1636 2938 1739 2972 intu-

1087 3004 1109 3030 ᾳ
1142 3002 1157 3032 3
1588 2989 1739 3029 mescat.

1081 3031 1105 3043 Q
