2023 3162
442 75 1285 120 NorfflrnV1TRuv1vM.
1585 97 1659 127 261

98 148 146 195 omi:
156 148 178 184 “1⁸-
190 148 245 184 c'Dti
259 150 342 194 μέσην
356 151 526 194 συμφωνιῖω
537 146 638 184 πνικέν
651 146 763 192 ἐπέχων
777 146 870 192 λόγον.
891 146 919 180 ὃν
932 148 985 192 ’ἔχξ
994 149 1065 192 μέση
1079 148 1158 193 4:559}
1169 149 1343 195 ωθὲέμεστν.
1362 151 1400 185 'Si
1412 155 1482 199 quis
1493 152 1509 187 ἂ
1521 155 1601 190 mest
1613 160 1666 191 jn-

98 199 208 234 tendat
219 211 349 239 tonum,
361 199 479 233 chorda
490 211 559 245 quae
567 197 642 231 huic
653 197 773 241 adjacet
785 222 794 234 ,
813 194 972 245 p'ararnese
985 210 1126 232 vocatur.
1155 199 1500 236 Prossambanomenos
1512 206 1663 239 extrinse-

99 261 154 283 cus
165 248 338 285 assumitur,
348 260 478 296 propter
488 245 731 281 consonantiam
741 245 920 294 (diapason)
932 260 1029 294 quarn
1041 248 1079 282 ad
1091 247 1195 282 mesen
1205 249 1300 284 habet
1313 263 1320 284 :
1333 252 1403 285 toni
1414 255 1664 299 proportionem

99 297 251 334 obtinens
264 299 319 344 (ad
329 298 468 346 hypaten
478 296 649 344 hypatom)
661 308 757 342 quam
770 295 852 330 mese
862 295 958 330 habet
969 296 1007 330 ad
1017 297 1215 345 parameson.

146 350 208 383 His
220 350 263 382 ita
273 347 454 382 constitutis
462 346 624 393 sequentia
633 345 850 379 emendamus.

147 403 171 434 P
183 412 204 433 A
215 411 247 432 G.
265 411 284 432 L
293 411 310 431 x
321 411 338 431 x
349 411 366 431 x
377 410 396 429 v
405 410 427 431 1.
447 409 474 430 v.
485 409 504 429 x
514 407 561 441 >tv
570 406 581 427 1
590 406 601 427 1
610 406 633 427 1.
658 394 764 429 Deleo
775 405 860 429 neten
870 419 879 434 ‚
890 399 922 429 Sc
933 397 1006 444 lego
1021 410 1028 429 ε
1041 399 1132 431 tertia
1142 395 1328 432 diatessaron
1339 398 1377 433 ad
1389 398 1583 447 parameson.
1594 402 1665 436 Nec

101 450 207 485 mirari
227 446 297 481 satis
308 445 432 494 possum
444 470 454 486 ‚
475 442 531 491 qui
541 441 662 477 ἷειξὶυῑῐι
675 469 684 483 ,
706 455 742 478 ut
762 446 905 492 ineptam
924 446 1004 479 adeo
1020 446 1195 480 lectionem
1207 450 1302 481 etiam
1314 449 1347 481 in
1368 452 1454 483 notis
1472 461 1666 497 repeterent.

103 514 135 533 v.
147 513 165 533 x
175 511 193 531 x
203 510 215 531 ι
223 510 254 530 x.
266 496 377 531 Scribo
389 509 397 529 ι
410 503 523 540 Quarta
531 494 661 539 diapente
671 494 713 527 ad
724 494 1017 542 netenffinemmenon.
1038 506 1075 528 ut
1085 496 1163 529 alter
1173 495 1268 531 sonus
1281 497 1317 530 sit
1327 499 1413 532 Nete
1424 498 1664 546 hyperbolaeom

103 552 186 583 inter
195 559 279 593 quos
290 545 372 580 duos
382 544 446 579 haec
458 541 667 577 consonantia
677 542 824 590 diapente
836 544 1020 578 intercedat.
1040 544 1160 578 Eadem
1172 545 1363 594 conspicitur
1372 541 1606 582 consecutionis
1615 563 1667 584 ra·

104 601 151 633 tio
164 600 198 631 in
215 595 359 630 mediana
369 593 445 627 cella
456 596 488 626 δί
506 590 661 639 suprema.
688 591 896 626 Chromatice
907 595 996 627 enim
1008 592 1240 640 synemmenon
1253 595 1344 630 distat
1362 596 1378 630 a
1391 596 1598 632 Chromatice
1609 597 1669 639 hy-

105 646 290 696 perbolaeon
308 643 475 678 intervallo
495 640 653 688 diapente.
680 644 727 674 Ita
736 642 885 675 diatonos
905 641 1134 689 hyperbolaeon
1153 643 1238 678 abest
1255 644 1271 678 a
1282 645 1417 680 diatono
1435 640 1669 693 synemmenon

105 696 215 732 eadem
234 691 456 728 consonantia.
486 690 589 737 Qod
609 689 631 724 si
650 689 930 724 consonantiarum
950 691 1113 725 vocabulis
1133 695 1286 728 Vitruvio
1304 693 1356 728 hic
1368 697 1415 729 uti
1430 709 1498 729 non
1518 695 1667 738 libuisset,

106 746 323 781 chromaticen
331 741 561 789 synemmenon
572 739 589 773 ἶι
600 740 793 774 chromatice
804 740 1064 788 diezeugmenon
1076 752 1159 775 tono
1171 741 1282 777 distare
1293 743 1428 778 dixisset.
1440 758 1506 792 quo
1521 750 1550 779 ὃς
1563 746 1671 780 diato-

107 808 168 830 nos
177 793 406 841 synemmenon
417 788 509 824 distat
520 788 537 822 a
547 789 681 823 diatono
693 789 961 837 diezeugmenon.

155 848 178 878 P
192 857 212 877 A
223 856 256 876 o.
275 855 321 876 Lx
331 854 349 875 x
359 853 377 874 x
388 853 407 873 v
416 852 428 873 1
436 851 459 872 1.
471 851 501 872 v.
512 850 543 872 x.
562 840 679 873 iterum
691 839 764 886 lego
777 852 784 871 :
805 846 839 872 ln
851 841 944 873 tertiis
951 840 1084 886 diapente
1091 840 1131 873 ad
1140 842 1339 874 chromaticen
1340 841 1555 889 synemmenon.
1586 845 1670 892 Qae

108 894 206 928 leftio
217 889 425 926 confirmatur
433 901 471 922 ex
484 900 514 922 v.
523 901 543 921 x
553 900 565 921 1
574 899 594 921 1.
617 895 649 922 ln
657 888 748 933 ftxtis
762 889 804 921 ad
811 889 978 934 paramesen
990 914 998 927 ,
1013 890 1089 934 quod
1103 893 1116 932 (
1124 890 1174 923 illa
1185 888 1364 937 paramese)
1380 892 1416 928 dy
1431 892 1469 924 ad
1480 894 1672 927 chromaticen

109 944 288 988 tmperbolaeon
298 941 442 985 diapente,
459 941 522 971 &c.
542 937 646 985 Qod
662 936 818 985 paramese
836 937 1057 972 &chromatice
1068 937 1296 986 hyperbolaeon
1308 939 1400 973 distet
1412 939 1559 987 diapente
1569 966 1578 981 ‚
1598 941 1673 981 hoc,

110 987 263 1037 {anquam
273 989 328 1023 suo
340 988 561 1036 diagrammati
577 985 771 1033 respondens
783 1011 793 1027 ‚
815 987 931 1034 probat
942 986 1120 1022 Philander.
1143 990 1245 1036 Atqui
1257 987 1414 1035 paramese
1426 988 1470 1023 est
1488 988 1616 1033 ᾁιιέπνος
1626 1005 1674 1035 424

111 1039 259 1085 ὁμόφωνος
272 1037 508 1084 &chromatice
519 1034 752 1083 synemmenon
763 1061 772 1076 ‚
785 1047 821 1069 ut
832 1035 921 1084 supra
934 1037 1071 1071 vidimus
1082 1050 1119 1070 ex
1127 1036 1331 1071 Nicomacho
1344 1052 1352 1071 :
1373 1037 1426 1072 seu
1438 1063 1447 1078 ,
1460 1050 1496 1072 ut
1507 1042 1676 1074 Vitruvius

111 1091 255 1136 loquitur
275 1091 297 1122 P
307 1100 328 1122 A
336 1099 368 1120 G.
381 1098 429 1120 Lx
438 1100 456 1119 x
466 1099 485 1119 x
495 1098 526 1120 v.
536 1099 567 1119 v.
580 1099 600 1119 v
609 1097 620 1119 1
629 1098 651 1119 1.
673 1085 880 1120 Chromatice
892 1085 1125 1133 synemmenon
1146 1087 1280 1121 eandem
1297 1086 1395 1121 habet
1415 1089 1569 1123 virtutem
1580 1092 1612 1123 δι
1623 1088 1676 1122 so-

112 1152 202 1177 num,
214 1150 310 1184 quem
320 1135 416 1170 habet
426 1133 583 1182 paramese
593 1160 602 1175 ,
615 1146 651 1169 ut
661 1148 699 1168 ex
712 1134 821 1169 nostro
834 1148 967 1183 quoque
978 1136 1207 1184 diagrammate
1221 1134 1415 1184 perspicitur.

158 1190 201 1222 V.
221 1201 239 1221 x
247 1199 260 1220 1
268 1199 280 1220 1
288 1199 311 1220 1.
332 1183 414 1219 bene
425 1183 453 1218 se
464 1183 583 1218 habent
595 1186 717 1218 omnia.
743 1185 899 1219 Deleatur
910 1187 1016 1232 itaque
1029 1196 1107 1218 nota
1118 1186 1227 1220 litterae
1237 1185 1269 1219 h·

158 1239 200 1270 V.
220 1249 242 1270 x
251 1249 263 1269 1
273 1249 302 1269 v.
325 1237 416 1283 Lego
430 1247 439 1267 t
460 1235 543 1268 habet
554 1234 604 1268 vel
614 1235 730 1268 habeat.
743 1244 779 1267 ut
792 1233 836 1268 est
847 1247 876 1267 v.
890 1248 908 1267 x
922 1249 940 1268 x
953 1247 972 1268 1.

159 1289 202 1321 V.
224 1299 244 1319 x
252 1299 272 1319 v
280 1297 292 1318 1
301 1297 312 1318 1
321 1297 343 1318 1.
368 1284 442 1331 lego
455 1296 464 1316 t
482 1284 602 1318 Tertiis
613 1283 759 1331 diapente
772 1283 811 1317 ad
822 1283 981 1318 diatonon
992 1283 1236 1331 synemmenon.
1257 1295 1293 1318 ut
1305 1294 1392 1332 patet
1403 1297 1441 1318 ex
1452 1283 1680 1333 superioribuS,

115 1340 148 1371 &
161 1333 270 1369 nostro
283 1334 520 1382 diagrammate.

163 1387 206 1419 V.
226 1397 245 1417 x
256 1395 273 1417 x
285 1396 308 1417 1.
327 1385 400 1431 lego
412 1396 420 1416 ε
438 1386 469 1416 δι
479 1381 517 1417 ad
528 1382 893 1430 prossambanomenon,
905 1381 1054 1431 diapason
1065 1398 1074 1423 ς
1098 1386 1131 1417 &
1143 1383 1183 1417 ad
1193 1382 1352 1417 diatonon
1363 1382 1604 1431 hyperbolaeon,
1619 1387 1688 1418 &c.‘

116 1446 154 1469 ut
167 1447 196 1466 v.
208 1447 227 1466 x
237 1445 249 1466 1
257 1445 268 1466 1
276 1445 298 1466 1.

163 1482 358 1517 Notandum
369 1494 500 1529 quoque
513 1481 592 1515 male
603 1483 637 1516 in
650 1481 862 1517 Chromatico
874 1495 991 1531 genere
1002 1482 1145 1516 lichanos
1164 1481 1345 1530 simpliciter
1356 1485 1388 1515 ἃ
1401 1493 1563 1529 paranetas
1583 1480 1686 1515 &Phi-

116 1531 230 1568 landro
241 1532 385 1578 appellari
396 1556 407 1571 ,
425 1544 502 1578 quas
514 1530 552 1565 ad
561 1531 760 1579 reliquorum
777 1545 936 1580 generum
946 1531 1138 1566 differentias
1149 1531 1316 1579 respiciens
1328 1556 1337 1571 ,
1357 1544 1470 1564 vocare
1482 1529 1635 1565 debuisset
1646 1531 1687 1564 li·-

117 1581 238 1617 chanos
247 1585 278 1614 δε
291 1591 452 1628 paranetas
463 1579 681 1615 chromaticas.
705 1578 837 1629 Duplici
845 1581 922 1616 vero
932 1581 1034 1616 modo
1045 1582 1108 1615 illas
1118 1579 1260 1614 lichanos
1270 1583 1302 1614 ὃ(
1312 1591 1473 1626 paranetas
1484 1582 1518 1613 in
1527 1592 1686 1628 generum

118 1629 306 1666 differentiis
317 1630 476 1677 appellant
487 1639 625 1664 autores.
651 1632 723 1665 Aut
732 1633 820 1665 enim
832 1656 842 1671 ‚
863 1631 912 1665 his
923 1630 994 1679 ipsis
1013 1630 1178 1665 vocabulis
1199 1630 1330 1663 retentis
1340 1653 1351 1668 ,
1372 1640 1489 1663 vocant
1501 1628 1643 1662 lichanos
1654 1632 1687 1662 δε

120 1691 284 1728 paranetas
295 1676 451 1719 diatonas‚
463 1677 670 1714 chromaticas
679 1705 690 1721 ,
701 1683 904 1714 enarmonias
916 1695 924 1714 :
945 1691 1000 1714 aut
1011 1683 1107 1714 etiam
1119 1704 1128 1719 ‚
1150 1680 1186 1712 iis
1198 1678 1361 1712 brevitatis
1373 1675 1461 1711 causa
1471 1677 1594 1711 omiffis
1605 1702 1616 1718 ‚
1635 1690 1687 1724 ap—

120 1730 239 1777 pellant
249 1729 396 1762 diatonas
408 1753 418 1768 ‚
437 1727 647 1763 chromaticas
668 1733 702 1762 &
713 1732 915 1764 enarmonias
926 1754 937 1770 ‚
956 1728 1101 1777 adposito
1121 1727 1243 1775 semper
1261 1725 1454 1761 tetrachordi
1465 1730 1598 1761 nomine
1610 1739 1617 1759 :
1639 1736 1690 1765 ut,

120 1779 273 1812 diatonos
284 1777 438 1825 hypaton.
450 1780 691 1824 Synemmenon
703 1778 907 1812 chromatice.
919 1780 1127 1812 enarmonios
1138 1776 1376 1824 hyperbolaeon.
1399 1779 1542 1810 Priorem
1552 1777 1692 1822 loquen-

121 1828 154 1862 di
162 1829 321 1861 rationem
333 1827 496 1860 interdum
506 1826 658 1861 adhibent
668 1827 816 1862 Euclides
825 1831 858 1861 &
867 1828 1002 1875 Alypius
1013 1841 1021 1861 :
1042 1825 1255 1861 posteriorem
1267 1823 1478 1860 Aristoxenus
1489 1850 1500 1865 ,
1511 1825 1693 1864 Vitruvius,

122 1880 156 1911 &
165 1877 277 1922 reliqui
288 1874 354 1909 fere
364 1887 491 1909 omnes.

171 1923 273 1959 Porro
282 1939 318 1959 ex
331 1923 441 1959 nostro
451 1924 692 1972 diagrammate,
702 1925 800 1959 trium
809 1938 966 1973 generum
976 1923 1169 1959 differentias
1179 1923 1350 1958 exhibente
1358 1922 1518 1970 perspicua
1526 1920 1694 1969 fiunt,quoe

125 1975 292 2009 Vitruvius
302 1973 399 2009 habet
408 1999 418 2014 ,
439 1977 463 2007 P
475 1986 496 2007 A
506 1986 539 2007 G.
561 1987 581 2008 L
589 1988 608 2008 x
618 1988 637 2007 x
647 1988 666 2007 x
677 1986 708 2007 v.
720 1987 750 2007 v.
764 1987 783 2008 v
792 1987 804 2008 1
812 1987 823 2007 1
834 1987 855 2007 1.
876 1976 967 2008 Toni
978 1976 1066 2007 enim
1082 1973 1284 2007 intervallum
1295 1975 1330 2006 in
1340 1983 1482 2020 quatuor
1493 1983 1595 2019 partes
1613 1971 1695 2005 divi-

127 2021 223 2056 simus
234 2047 244 2062 ,
264 2034 301 2057 ut
312 2022 402 2058 diesis
420 2024 588 2058 intervallo
599 2022 714 2070 hypate
726 2021 868 2070 hypaton
879 2021 972 2056 distet
982 2022 999 2056 a
1006 2033 1154 2070 parypate
1170 2021 1315 2070 hypaton
1326 2034 1529 2056 enarmonio.
1555 2022 1599 2055 Et
1610 2023 1652 2054 ita
1663 2022 1697 2053 in

128 2081 260 2106 caeteris.

343 2136 482 2180 Sequitur
493 2136 674 2182 diagramma
683 2136 933 2183 confinantiarum
941 2162 949 2174 ,
960 2148 1030 2181 quas
1038 2135 1104 2181 vassa
1119 2136 1149 2170 in
1161 2133 1342 2182 cellispofita,
1350 2133 1483 2179 faciunt.

300 2186 307 2193 ²
333 2197 412 2231 celld
428 2197 499 2232 imi.
827 2196 908 2232 Celld
921 2197 1068 2232 mediani.
1367 2195 1447 2229 Cella}
1455 2193 1602 2240 fitpremd.

224 2248 354 2295 Hypate
365 2245 519 2293 hypaton.
1231 2243 1588 2282 Prossambanomenos.

226 2305 355 2384 {lypate
367 2333 490 2370 meson.
720 2342 927 2378 Chromatice
937 2342 1092 2391 hypaton.
1231 2303 1396 2370 ssiatonos
1407 2334 1561 2382 hypaton·
1683 2342 1702 2375 8

202 2365 326 2522 {K‘Ieffi
695 2368 929 2530 {ithromatice
940 2431 1063 2468 meson.
1231 2393 1395 2461 ὗῐῑῑῖθῦῡς
1404 2424 1530 2507 mesORi
1550 2471 1570 2506 s
1590 2333 1614 2506 l
1629 2394 1641 2429 5

228 2486 248 2511 4
720 2491 740 2518 4
1514 2490 1515 2494 ¹
1532 2486 1547 2507 e
1563 2485 1590 2506 c.

227 2520 314 2554 Nete
324 2515 568 2564 synemmenon·
722 2522 1131 2571 Chrom.synem.Parames
1230 2524 1398 2559 Diatonos
1408 2523 1653 2571 synemmenon.
1684 2515 1687 2519 ’

639 2528 691 2628 ςῘ
723 2573 1130 2623 Chrom.diezeugmenon.
1292 2571 1294 2573 ’

723 2631 742 2658 4

725 2663 864 2700 Chrom.
876 2664 1117 2715 hyperbolaeon.
1145 2652 1147 2667 ἲ

229 2606 402 2644 Paramest·
1155 2645 1168 2682 5
1211 2616 1400 2703 (Diatonos
1420 2613 1692 2661 diezeugmenon.

1236 2672 1255 2698 4

143 2672 157 2709 ς
210 2667 317 2793 (ἕξεις
329 2698 378 2733 die
384 2709 603 2748 zeugmOEOn·
1235 2705 1400 2739 Diatonos
1410 2701 1653 2750 hyperbolaeon.

233 2758 253 2782 4

233 2791 319 2825 Nete
331 2788 574 2838 hyperbolaeon.

239 2870 394 2914 Sequentia
403 2892 413 2907 ,
423 2869 454 2902 in
464 2866 611 2902 Philandri
624 2865 856 2902 annotationibus
863 2865 1043 2911 corrigenda,
1054 2862 1300 2909 inpraecedentibus
1309 2861 1410 2896 adduci
1415 2872 1469 2895 non
1479 2857 1611 2907 potasse.

188 2918 214 2950 P
224 2929 245 2950 Α
253 2930 282 2951 G.
305 2929 351 2951 Lx
359 2931 378 2952 x
387 2931 407 2951 x
415 2929 448 2951 11
456 2929 479 2951 1.
498 2915 576 2951 not&
592 2916 640 2950 lit.
651 2930 685 2965 g.
702 2914 806 2951 Diesis
818 2915 1018 2950 intervallum
1038 2911 1268 2947 Aristoxenicis
1279 2910 1323 2946 est
1333 2911 1506 2945 minimum
1518 2933 1528 2948 ‚
1547 2904 1637 2955 quod
1647 2903 1710 2960 hu-

144 2975 239 2999 mana
248 2976 360 3002 natura
379 2965 537 3003 concinne
556 2966 722 3003 intendere
742 2976 839 3014 atque
855 2966 1015 3000 remittere
1026 2961 1123 3012 poffit
1134 2987 1142 2997 .
1170 2963 1279 3010 Qre
1290 2961 1434 2998 exaetam
1444 2959 1643 3006 reliquorum
1659 2965 1712 3036 ml-

1598 3014 1685 3037 terva
1699 3023 1714 3027 -
