2023 3162
475 89 544 115 Dr:
590 76 1105 117 Arent-sacrvm
1161 71 1357 114 L113.11.
1671 89 1720 123 27

125 143 346 185 oneribus&
358 139 378 178 a
391 142 667 193 tempestatibus
678 141 827 188 injurias
842 169 851 185 ,
869 140 926 177 sed
940 140 1161 190 abigninon
1180 142 1327 194 poffunt
1337 141 1403 180 effe
1416 149 1494 181 tuta
1505 171 1515 188 ,
1536 143 1718 195 fimulque

127 214 170 240 ut
179 201 261 238 sunt
271 199 315 237 ab
335 211 382 235 eo
401 199 497 235 tat'ta
507 227 517 241 ‚
539 197 715 235 dissiliunt
733 198 770 233 ὃ(
789 194 1004 247 dissipantur
1017 225 1028 241 ‚
1048 197 1136 235 ideo
1148 226 1158 242 ‚
1177 199 1280 247 quod
1298 209 1543 250 temperatura
1562 201 1720 238 naturali

125 269 243 309 parvo
253 256 333 292 sunt
342 252 503 291 humore
515 269 523 290 :
544 256 635 290 item
646 251 750 301 quod
759 263 840 288 non
852 252 1017 289 multum
1027 252 1165 291 habent
1177 256 1325 300 terreni,
1339 253 1398 292 sed
1410 256 1503 292 aeris
1515 256 1717 305 plurimum
1731 275 1759 297 ι’.
1769 272 1843 298 ,γεωτ

125 316 165 351 ὅ(
176 301 279 361 ignis.
310 311 422 360 Igitur
432 321 517 346 cum
540 311 577 346 ἃ
598 308 737 345 humor
754 306 792 343 δε
811 317 996 345 terrenum
1007 309 1044 344 in
1062 308 1118 345 his
1130 311 1249 347 minus
1267 310 1377 351 inest,
1397 322 1479 348 tum
1498 313 1610 348 etiam
1628 314 1721 361 ignis
1732 322 1788 349 ‘1⁸2-

126 368 230 406 tastu
240 367 276 403 &
286 368 325 404 vi
333 367 478 415 vaporis
489 377 532 401 ex
544 364 598 400 his
610 365 696 401 aete
706 362 839 411 fugato
852 364 997 413 penitus
1008 364 1201 413 insequens
1215 395 1224 410 ‚
1239 368 1275 404 ὅ(
1289 367 1585 404 interveniorum
1604 368 1724 405 vacui-

126 434 223 462 tates
235 432 442 472 occupans,
455 419 622 457 fervescit
633 420 670 455 &
681 417 795 456 efficit
808 429 849 454 ea
859 419 929 455 suis
947 419 1107 457 ardentia
1126 422 1347 471 corporibus
1358 421 1496 460 similia.
1527 425 1620 460 Sunt
1633 434 1725 462 vero

126 481 221 517 item
231 476 433 528 lapicidinae
446 476 660 525 complures
670 476 704 511 in
718 473 854 511 finibus
874 475 1221 524 Tarquiniensium,
1244 490 1324 527 quae
1334 477 1506 516 dicuntur
1523 478 1722 519 Anitianae,

127 535 261 573 colore
272 532 422 582 quidem
437 555 445 569 ‚
468 531 794 579 quemadmodum
806 529 960 567 Albanae
975 555 982 568 ‚
1004 542 1163 579 quatum
1173 532 1335 571 officinae
1355 536 1524 572 maximae
1533 534 1617 572 sunt
1626 537 1724 572 circa

128 592 253 628 lacum
263 586 544 629 Vulsiniensem,
556 588 643 623 item
654 585 867 636 praefestura
877 585 1111 623 Statoniensi.
1133 588 1192 624 Eae
1205 599 1328 625 autem
1339 588 1474 628 habent
1486 589 1644 628 infinitas
1654 592 1722 628 vir·
1738 598 1766 621 V·
1784 599 1847 621 Sta-

130 657 225 684 tutes
239 659 247 682 :
269 654 388 693 neque
400 643 500 679 enim
512 642 566 678 his
577 641 837 691 gelicidiorum
846 641 1041 691 tempestas
1054 671 1064 686 ‚
1077 653 1197 691 neque
1209 644 1325 681 taetus
1336 646 1429 694 ignis
1440 645 1559 696 potest
1570 658 1724 692 nocere,
1735 633 1838 672 ’ΜΨ-(ἷ-

130 701 190 739 sed
201 700 279 738 sunt
289 699 401 736 firmae
413 699 448 734 &
462 697 508 734 ad
517 696 735 735 vetustatem
747 697 836 733 ideo
847 707 1106 746 permanentes
1120 726 1130 742 ‚
1141 699 1247 747 quod
1257 711 1392 749 parum
1403 700 1541 738 habent
1554 699 1574 738 ὲ
1587 712 1725 740 natur-:e

131 758 314 796 mixtione
323 755 415 792 aetis
427 754 464 790 ὅ(
473 755 579 802 iguis,
595 752 764 790 humoris
773 760 899 789 autem
908 761 1121 802 temperate,
1134 755 1412 804 plurimumque
1423 760 1554 794 terreni
1568 772 1574 794 :
1586 759 1635 794 ita
1646 757 1728 808 spis-

131 813 174 851 sis
187 809 509 862 compactionibus
526 807 688 845 solidatae
700 819 821 857 neque
835 807 881 845 ab
901 807 1178 858 tempestatibus
1199 821 1323 859 neque
1335 812 1380 848 ab
1391 813 1484 861 ignis
1495 812 1729 851 vehementia

132 877 329 906 nocentur.
358 864 399 902 Id
410 875 536 902 autem
547 865 709 901 maxime
722 865 881 908 iudicare
891 864 978 901 licet
991 861 1012 900 ὲ
1026 868 1299 904 monumentis,
1316 878 1398 915 quae
1410 867 1488 904 sunt
1500 869 1597 905 circa
1608 871 1729 906 muni-

133 925 272 974 cipium
280 921 442 960 Ferentis
459 932 503 957 ex
514 920 569 957 his
581 919 672 957 faeta
682 919 910 970 lapicidinis:
933 931 1097 969 namque
1108 919 1244 958 habent
1264 922 1302 959 &
1322 922 1454 960 statuas
1464 925 1604 973 amplas
1616 924 1726 962 saetas

133 979 290 1030 egregie,
305 979 342 1015 ὃς
352 978 496 1013 minora
506 975 632 1025 sigilla,
645 973 829 1025 floresque
840 974 877 1011 ὃς
887 975 1066 1013 acanthos
1076 977 1263 1025 eleganter
1273 978 1447 1029 scalptos,
1462 991 1545 1027 quae
1557 991 1646 1016 cum
1659 979 1725 1017 [int

133 1034 284 1079 vetusta,
296 1032 344 1070 sic
355 1042 532 1084 apparent
542 1033 704 1069 recentia
717 1060 726 1075 ,
737 1034 790 1069 uti
799 1030 825 1067 fi
836 1030 904 1069 fint
913 1032 1034 1069 modo
1045 1031 1149 1069 faeta.
1180 1034 1276 1070 Non
1287 1036 1408 1072 minus
1419 1035 1531 1072 etiam
1543 1034 1633 1072 fabri
1643 1047 1726 1072 aera-
1741 1045 1867 1083 informia

132 1093 177 1130 rii
186 1090 230 1127 de
239 1089 293 1126 his
303 1087 507 1139 lapicidinis
518 1090 555 1125 in
565 1089 642 1125 aeris
664 1087 791 1124 flatura
800 1086 940 1124 formas
951 1087 1093 1125 habent
1103 1099 1349 1140 comparatas,
1363 1089 1402 1128 &
1413 1103 1457 1128 ex
1468 1090 1522 1127 his
1535 1090 1578 1128 ad
1588 1102 1634 1127 aes
1646 1091 1727 1128 fun·
1739 1096 1837 1132 compa-

134 1146 294 1184 dendum
306 1144 489 1182 maximas
500 1144 677 1181 utilitates
689 1169 697 1183 ,
722 1155 804 1191 quae
814 1141 840 1178 fi
849 1155 968 1193 prope
978 1143 1108 1182 urbem
1119 1143 1230 1181 essent
1242 1174 1253 1190 ,
1270 1146 1426 1195 dignum
1445 1146 1529 1183 esset
1539 1176 1548 1191 ‚
1571 1156 1611 1184 ut
1620 1158 1663 1184 cx
1672 1147 1728 1184 his
1742 1136 1804 1195 2⁴2}ss
1819 1128 1868 1195 {⁵22³-

135 1202 296 1242 officinis
308 1201 437 1238 omnia
449 1211 562 1250 opera
573 1198 852 1249 perficerentur.
885 1199 988 1236 Cum
1000 1211 1091 1249 ergo
1103 1211 1255 1250 propter
1274 1203 1591 1251 propinquitatem
1611 1201 1728 1240 neces-
1741 1208 1789 1235 his.

100 1304 106 1308 ι
134 1258 216 1296 fitas
228 1266 340 1307 cogat
349 1267 394 1293 ex
403 1256 519 1292 rubris
530 1254 736 1305 lapicidinis
746 1254 782 1290 δε
803 1253 1040 1292 Palliensibus
1052 1257 1090 1293 ὅ(
1100 1267 1182 1305 quae
1202 1255 1284 1293 sunt
1304 1256 1404 1295 Urbi
1417 1259 1597 1309 proximae
1610 1260 1730 1308 copiis

135 1315 209 1352 uri:
230 1313 330 1362 siqui
340 1313 529 1349 voluerint
540 1311 614 1348 sine
625 1312 723 1349 vitiis
742 1309 937 1360 perficere,
960 1311 1009 1348 ita
1019 1311 1086 1347 etit
1103 1312 1395 1362 praeparandum.
1429 1314 1533 1351 Cum
1551 1313 1729 1351 aechfican-

136 1371 228 1407 dum
238 1368 346 1405 fuerit
356 1396 366 1412 ‚
391 1378 475 1405 ante
487 1367 679 1404 biennium
692 1377 735 1403 ea
745 1364 824 1404 saxa
833 1378 910 1404 non
921 1366 1071 1414 hyeme,
1082 1367 1141 1404 sed
1151 1367 1267 1406 aestate
1277 1370 1488 1407 eximantur
1499 1398 1509 1414 ,
1528 1371 1564 1406 ὅ(
1575 1370 1727 1413 iacentia
1742 1360 1870 1396 Pl³”·L³⁶·

137 1432 382 1476 permaneant
391 1425 428 1460 in
437 1424 530 1460 locis
542 1422 761 1473 patentibus:
774 1433 855 1472 quoe
867 1433 992 1460 autem
1005 1421 1025 1459 a
1036 1423 1308 1473 tempestatibus
1320 1436 1368 1462 eo
1380 1426 1535 1463 biennio
1545 1425 1639 1462 taeta
1650 1424 1728 1463 laesa
1742 1413 1785 1430 ²⁷⁰

137 1480 285 1524 fuerint,
298 1490 339 1515 ea
353 1480 390 1515 in
400 1478 638 1517 fundamenta
650 1480 898 1525 conjiciantur
908 1492 915 1514 :
941 1489 1071 1516 caetera
1081 1491 1161 1528 quae
1172 1492 1253 1518 non
1263 1491 1371 1518 erunt
1381 1482 1503 1518 vitiata
1515 1509 1525 1525 ,
1547 1479 1593 1517 ab
1604 1491 1731 1518 natura

138 1547 262 1574 rerum
274 1534 428 1585 probata
439 1563 448 1579 ,
460 1534 590 1572 durare
601 1545 778 1585 poterunt
787 1534 891 1585 supra
901 1544 1039 1573 terram
1049 1535 1244 1573 aedificata:
1265 1548 1336 1574 nec
1345 1537 1465 1576 solum
1476 1536 1565 1575 eain
1577 1535 1731 1586 quadra-

139 1594 186 1629 tis
196 1590 377 1643 lapidibus
387 1590 408 1628 s
403 1600 467 1628 unt
475 1588 713 1630 observanda,
723 1589 784 1628 sed
795 1593 907 1629 etiam
918 1592 956 1629 in
967 1593 1199 1629 caementitiis
1210 1591 1403 1631 structuris.

763 1703 798 1742 C
827 1716 851 1741 A
883 1717 915 1742 1>-
973 1704 1104 1743 VIII,

253 1791 335 1843 De
340 1792 503 1864 generi
507 1789 590 1842 hm
592 1791 840 1859 sirmium
859 1788 923 1848 ξδ’
934 1808 1102 1843 earum
1115 1785 1455 1866 qualitatibus,
1470 1789 1624 1842 modis

704 1872 706 1874 ’
859 1890 904 1917 ac
919 1871 1020 1919 locri.

145 1985 470 2067 STrusturarum
479 1997 612 2035 genera
620 1984 699 2024 sunt
710 1985 800 2025 haec‚
818 1987 880 2033 [a]
893 1988 1132 2026 reticulatum
1146 2016 1156 2031 ,
1173 1997 1252 2036 quo
1263 1997 1361 2024 nunc
1373 1998 1506 2025 omnes
1518 1995 1680 2024 utuntur,
1696 1987 1735 2023 ὃς

204 2042 412 2090 antiquum,
422 2042 531 2091 quod
540 2043 725 2080 incertum
736 2042 876 2079 dicitur.
892 2044 946 2080 Ex
959 2043 1012 2081 his
1023 2041 1204 2081 venustius
1215 2042 1263 2080 est
1273 2044 1526 2087 reticulatum,
1537 2042 1558 2078 s
1552 2042 1597 2079 cd
1606 2042 1649 2078 ad
1666 2043 1737 2078 rui-

144 2107 210 2133 nas
222 2096 410 2135 faciendas
420 2098 507 2135 ideo
519 2108 700 2148 paratum,
712 2097 817 2147 quod
826 2099 864 2135 in
874 2110 1007 2137 omnes
1018 2111 1136 2151 partes
1145 2098 1314 2135 diffoluta
1324 2099 1434 2135 habet
1445 2097 1614 2134 cubicula
1625 2098 1661 2133 ὃς
1671 2108 1736 2133 co-

145 2162 330 2202 agmenta.
340 2154 483 2191 Incerta
495 2165 584 2191 vero
596 2164 777 2191 caementa
788 2154 856 2191 alia
867 2154 969 2206 super
980 2157 1049 2194 alia
1058 2154 1230 2199 sedentia,
1240 2156 1334 2191 inter
1343 2152 1452 2203 seque
1464 2149 1522 2198 [b]
1532 2153 1736 2198 imbricata,
1751 2154 1880 2224 vztzmpli-

1114 2211 1152 2246 D
1187 2222 1208 2245 2
1659 2220 1741 2247 non
1752 2206 1764 2224 ⁶
1816 2218 1821 2223 ·

145 2317 176 2351 a]
198 2310 317 2338 Philand.
340 2309 526 2338 Reticulatum
537 2320 602 2348 opus
612 2311 711 2339 dicitur
721 2332 728 2342 ‚
749 2321 811 2340 curn
830 2321 960 2341 caementa
968 2323 1021 2341 non
1031 2313 1145 2348 jacentia
1155 2333 1161 2345 ,
1179 2312 1221 2341 sed
1231 2313 1257 2340 in
1266 2312 1333 2341 latus
1342 2312 1432 2340 stantia
1442 2320 1587 2350 ponuntur.
1612 2312 1648 2339 Ea
1663 2312 1737 2340 enim

187 2352 315 2380 strustura
325 2360 380 2378 rete
391 2351 495 2378 videtur
505 2348 611 2390 referre.
636 2353 766 2389 Qamvis
779 2352 865 2380 multo
881 2353 973 2381 melius
987 2373 992 2383 ,
1009 2353 1026 2380 li
1038 2353 1108 2381 caefis
1119 2352 1163 2381 fiat
1175 2352 1304 2392 lapidibus
1315 2362 1344 2381 ac
1355 2363 1408 2380 non
1420 2352 1508 2389 potius
1525 2352 1632 2380 rudibus
1643 2356 1667 2380 ὃς
1679 2352 1740 2380 vul-

186 2392 294 2433 garibus
305 2413 311 2423 ,
330 2400 375 2419 aut
386 2391 527 2419 coctilibus
537 2391 669 2420 laterculis
681 2393 826 2431 quadratis,
846 2393 926 2421 sedin
939 2393 1067 2433 angulum
1078 2393 1213 2422 stantibus.
1236 2392 1393 2430 eujusmodi
1413 2395 1508 2421 Romae
1519 2397 1543 2421 &
1557 2402 1630 2420 extra
1645 2392 1742 2420 urbem

187 2433 313 2461 videntur
323 2432 349 2458 in
362 2431 452 2459 multis
465 2433 544 2459 rumis
556 2442 588 2459 ex
599 2431 684 2471 topho
694 2454 701 2465 ,
712 2442 782 2471 parte
792 2442 897 2461 tantum
907 2444 964 2472 quae
973 2442 1084 2466 extaret,
1095 2434 1146 2462 five
1158 2435 1274 2463 testorio
1285 2436 1406 2473 proxima
1422 2432 1485 2461 effer
1498 2455 1504 2465 ‚
1523 2433 1634 2472 speciosa
1644 2437 1668 2460 &
1679 2442 1742 2471 qua-

187 2473 271 2505 drata,
281 2482 339 2511 quae
348 2481 439 2500 autem
455 2472 482 2499 in
500 2472 657 2501 interiorem
669 2474 822 2501 strufturam
842 2474 977 2502 inderetur
987 2495 994 2507 ,
1005 2483 1106 2503 temere
1123 2478 1148 2503 &
1160 2475 1306 2515 vulgariter
1314 2475 1394 2503 duesta
1406 2484 1450 2502 aut
1462 2474 1534 2502 cassa.
1556 2473 1742 2502 Reticulatum

189 2523 256 2552 opus
268 2513 356 2541 Gxaeci
367 2511 500 2545 ὢκἾωὲεῗςν
513 2523 611 2541 vocant
623 2535 629 2545 ,
642 2523 671 2541 ut
684 2515 761 2541 tradit
774 2514 841 2542 Plin.
852 2525 907 2553 cap.
919 2525 990 2543 xxxx.
1002 2517 1082 2543 toties
1094 2526 1255 2544 memorato.
1271 2516 1320 2543 Sed
1331 2519 1355 2544 St
1368 2513 1520 2546 minu-700¹&
1530 2514 1623 2541 dicunt
1641 2515 1703 2541 retis
1713 2515 1742 2541 iu

188 2554 301 2582 modum
311 2553 407 2581 strueta
416 2556 440 2581 S<
451 2553 520 2591 quali
530 2555 682 2586 cancellata.
700 2565 728 2583 ut
740 2554 785 2582 hic
795 2556 821 2582 in
834 2554 970 2583 Mausoleo
980 2557 1106 2596 Augusti,
1123 2560 1147 2585 8<
1157 2558 1183 2584 in
1194 2557 1311 2596 vestigiis
1327 2556 1415 2595 palatii
1427 2556 1509 2582 Pinc1i
1518 2554 1743 2592 Senatoris,qu0d

190 2595 227 2623 est
236 2604 289 2622 non
301 2593 418 2632 procula
428 2603 505 2631 porta
517 2595 651 2627 Pinciana,
664 2596 707 2624 cui
721 2596 786 2623 olim
796 2593 846 2623 fuit
857 2605 955 2624 nomen
968 2597 1109 2625 Collatina:
1120 2618 1128 2630 ,
1140 2598 1229 2625 videre
1238 2598 1310 2627 licet,
1321 2605 1446 2635 praetcrea
1457 2596 1482 2621 in
1494 2603 1672 2622 monumento
1681 2596 1745 2622 Vir-

191 2635 266 2675 gilii,
277 2634 350 2673 quod
360 2635 405 2672 qui
415 2634 558 2672 Neapolim
570 2644 663 2673 petunt
674 2635 841 2674 suspicientes
851 2637 944 2665 dextra
954 2638 1045 2666 vident
1058 2638 1143 2665 statim
1158 2648 1240 2676 quum
1250 2647 1372 2675 cryptam
1382 2631 1476 2675 egreffi
1486 2635 1544 2662 sunt
1554 2655 1560 2667 ,
1571 2635 1637 2662 irem
1648 2635 1675 2662 in
1685 2635 1742 2663 finu

191 2676 292 2711 Baiano
301 2696 308 2706 ,
318 2675 346 2702 in
354 2674 460 2702 castello
468 2684 541 2712 aqua:
551 2676 624 2713 quod
635 2686 744 2705 centum
755 2677 904 2706 camerellas
915 2686 1013 2705 vocant
1023 2699 1030 2709 ,
1050 2679 1076 2705 in
1086 2679 1183 2717 piscina
1192 2678 1316 2710 mirabili,
1327 2687 1356 2705 ac
1370 2676 1464 2708 Cumis
1472 2679 1496 2702 δι
1510 2676 1626 2703 Puteolis
1637 2677 1663 2703 in
1675 2678 1743 2703 Am-

192 2715 345 2754 phitheatro
353 2715 425 2753 quod
436 2714 560 2743 Scholam
573 2716 677 2756 Virgilii
687 2718 781 2757 vulgus
791 2726 870 2745 vocat
878 2738 885 2750 ,
903 2719 929 2746 in
943 2719 1048 2746 castello
1057 2729 1131 2757 aquae
1143 2720 1215 2758 quod
1231 2717 1414 2750 labvrinthurn
1422 2716 1523 2749 dicunt,
1534 2716 1565 2743 ad
1575 2725 1682 2745 antrum
1692 2718 1742 2754 Sy-

193 2756 273 2794 byllae
283 2766 365 2794 prope
377 2758 514 2783 Avernum
524 2756 619 2787 lacum.
629 2761 654 2785 δε
664 2756 774 2785 infinitis
783 2757 836 2785 aliis
849 2758 924 2786 locis.
946 2759 1036 2799 Vulgo
1046 2759 1246 2799 amygdalarum
1255 2753 1318 2797 opus
1331 2767 1449 2786 vocatur.

155 2795 184 2832 b]
211 2797 359 2824 Philander.
383 2797 412 2824 ld
422 2796 471 2827 est,
493 2805 522 2823 ut
532 2798 738 2826 unumduorum
749 2808 941 2827 mementorum
951 2799 1068 2839 angulis,
1086 2809 1166 2838 atque
1182 2800 1248 2827 adeo
1261 2799 1397 2826 caementis
1417 2797 1474 2836 ipfis
1486 2796 1632 2831 invehatur,
1644 2797 1744 2826 sedeat-

195 2847 245 2874 que
254 2836 398 2865 imbricum
417 2837 568 2876 tegularum
585 2838 668 2866 modo
680 2859 686 2865 .
707 2841 772 2867 Sunt
790 2848 880 2867 autem
896 2839 1020 2867 imbrices
1039 2841 1136 2879 tegulx
1147 2840 1278 2867 advoluta:
1297 2842 1322 2867 δε
1341 2838 1437 2874 canalis
1454 2840 1478 2865 in
1491 2839 1602 2866 modurn
1620 2840 1704 2868 duCtae
1717 2843 1744 2867 δε

194 2877 278 2904 veluti
295 2877 447 2905 semitubuli
459 2898 466 2909 ,
484 2878 512 2905 id
522 2879 572 2910 est,
592 2889 650 2916 quae
662 2889 769 2907 crurum
784 2879 946 2907 tuendorum
961 2889 1033 2907 arma
1052 2880 1170 2916 (tibialia
1186 2888 1265 2907 vocat
1277 2879 1371 2908 Paulus
1387 2881 1435 2908 1C.
1451 2880 1572 2907 Pandec't.
1589 2880 1635 2907 lib.
1646 2885 1690 2913 48.
1710 2880 1743 2907 de

197 2925 225 2943 re
235 2917 339 2945 militari
350 2919 361 2952 >
372 2918 521 2946 imitantur.
535 2919 625 2947 Docte
637 2920 735 2948 Plinius
752 2930 854 2960 ungues
872 2921 960 2949 Simia:
977 2919 1075 2960 scriplit
1093 2917 1144 2951 else
1155 2920 1310 2950 imbricatos
1320 2921 1366 2950 lib.
1378 2931 1417 2950 xx.
1428 2929 1498 2955 045-
1509 2921 1541 2950 Et
1552 2919 1597 2948 lib.
1608 2931 1652 2949 xv.
1664 2931 1687 2948 cv
1699 2929 1741 2954 45-

202 2957 328 2995 Cypriam
335 2958 438 2988 laurum
447 2956 515 2987 folio
525 2955 576 2988 effe
585 2970 631 2999 pet
641 2961 774 3002 margines
783 2960 937 2990 imbricato.

1628 3002 1653 3034 c]
1666 2999 1749 3028 Idem.
