2023 3162
294 94 368 132 133
639 78 1502 121 M.V1TRUV11POLL10NIS

290 162 386 191 vero
406 162 495 188 cum
514 149 758 189 inducuntur,
776 146 839 185 etsi
851 159 929 184 non
941 147 987 184 ab
1008 157 1084 184 arte
1100 145 1322 197 suntpofita3
1345 147 1663 197 fulgentestamen
1676 151 1881 190 oculorum

295 207 456 246 reddunt
465 207 558 244 visus
570 236 581 252 ‚
600 208 637 243 ὅ(
648 206 734 242 ideo
744 202 848 254 quod
859 200 1013 254 pretiosa
1023 201 1104 240 sunt
1115 228 1124 243 ,
1147 203 1287 252 legibus
1297 205 1550 253 excipiuntur,
1573 213 1612 241 ut
1632 204 1652 240 a
1672 205 1712 250 [l
1719 212 1738 253 ]
1758 208 1881 245 domi-

297 275 351 301 no
363 292 374 308 ‚
394 274 473 299 non
493 263 514 299 a
536 262 788 310 redemptore,
802 257 1112 308 repraesententur.
1145 260 1240 311 Qiae
1251 258 1581 296 commonefacere
1594 264 1700 310 potui
1713 274 1752 300 ut
1762 265 1806 301 ab
1824 276 1881 300 er-

293 332 380 357 rore
392 317 591 355 discedatur
602 342 608 356 ‚
620 319 659 354 in
669 327 782 366 opere
793 315 952 351 mitono
962 314 1043 351 satis
1055 315 1216 365 exposui.
1248 316 1361 352 Nunc
1376 315 1421 353 de
1433 316 1743 365 apparationibus,
1754 329 1792 356 ut
1801 319 1876 356 suc-

295 386 443 412 currere
453 376 640 424 potuerint
650 400 660 416 ,
673 370 816 408 dicam:
836 368 874 406 ὃς
882 372 1062 421 primum,
1075 372 1258 420 quoniam
1271 370 1315 408 de
1328 372 1427 410 calce
1439 371 1546 408 initio
1557 369 1607 408 est
1617 371 1768 413 dietum,
1779 386 1879 412 nune

296 430 342 468 de
351 440 538 468 marmore
549 426 750 465 dicendum
759 425 875 464 restat.

947 530 1089 568 Cap
1147 530 1223 570 VI.

517 628 599 680 De
614 643 867 680 marmore,
890 624 1128 698 quomodo
1143 640 1348 700 paretur
1366 623 1438 677 ad
1448 628 1656 678 tedi‘oria.

296 755 404 839 M
415 755 453 793 A
468 769 488 792 n
498 767 526 792 M
536 765 562 792 ο
574 768 595 791 R
615 764 695 791 non
705 752 843 791 eodem
853 764 986 803 genere
998 753 1176 791 omnibus
1187 752 1403 803 regionibus
1413 762 1648 804 procreatur,
1665 751 1723 790 sed
1734 751 1881 802 quibus-

415 811 499 848 dam
509 810 605 847 locis
614 810 729 859 glebae
753 809 765 856 (
781 820 821 846 ut
833 808 908 847 salis
922 810 934 856 )
948 811 1062 846 micas
1075 810 1284 859 perlucidas
1298 808 1473 847 habentes
1486 835 1495 848 ‚
1508 812 1564 855 [a]
1577 807 1784 847 nascuntur,
1797 820 1880 856 quse

294 866 455 904 contusae
468 866 504 902 Sc
516 866 656 903 molitae
668 892 676 905 ‚
699 864 863 916 praestant
882 864 1045 902 testonis
1057 867 1094 902 ὃ(
1109 866 1311 902 coronariis
1324 866 1495 916 operibus
1508 867 1717 903 utilitatem.
1733 864 1881 919 Qbus

293 932 420 960 autem
432 922 524 960 locis
537 921 589 958 11ae
601 922 720 972 copiae
744 933 823 957 non
834 920 934 964 sunt,
955 930 1135 958 caementa
1146 932 1353 958 marmorea
1366 950 1376 965 ‚
1398 920 1469 958 five
1481 918 1539 966 [b]
1559 919 1673 958 affulae
1692 920 1878 960 dicuntur,

292 991 372 1026 quae
392 978 624 1015 marmorarii
641 989 684 1013 ex
703 976 881 1026 operibus
903 976 1081 1022 dejiciunt
1094 1001 1102 1014 ‚
1125 977 1204 1027 pilis
1226 976 1348 1013 ferreis
1363 976 1661 1020 contunduntur,
1685 975 1882 1024 cribrisque

291 1044 548 1071 excernuntur.
581 1033 639 1069 Eae
651 1042 777 1069 autem
790 1041 945 1069 excretae
955 1032 1072 1068 tribus
1084 1030 1277 1081 generibus
1289 1030 1530 1082 seponuntur,
1544 1031 1580 1068 &
1591 1044 1670 1081 quae
1684 1043 1767 1083 pars
1778 1042 1881 1080 gran-

290 1089 373 1125 dior
392 1088 500 1125 fuerit
512 1118 521 1132 ‚
539 1087 865 1137 quemadmodum
876 1086 976 1137 supra
987 1086 1159 1137 scriptum
1171 1087 1220 1124 est
1233 1117 1243 1131 ,
1264 1098 1413 1126 arenato
1431 1090 1592 1137 primum
1606 1099 1695 1124 cum
1714 1087 1882 1124 calcein-

288 1145 458 1181 ducitur.
473 1143 604 1180 deinde
617 1142 770 1192 sequens
783 1168 789 1181 ‚
803 1155 846 1180 ac
857 1144 970 1181 tertio
984 1174 994 1191 ‚
1008 1155 1088 1192 quae
1099 1143 1265 1181 subtilior
1275 1142 1396 1180 fuerit.
1430 1144 1579 1193 Qibus
1590 1143 1747 1180 induitis
1767 1144 1804 1179 ὅ(
1825 1141 1881 1177 di-

287 1201 417 1248 ligenti
433 1200 676 1236 testoriorum
686 1198 882 1236 fricatione
894 1200 1064 1248 laevigatis
1076 1228 1086 1244 ‚
1101 1198 1146 1236 de
1156 1198 1346 1236 coloribus
1359 1200 1453 1236 ratio
1469 1198 1648 1237 habeatur
1662 1227 1672 1243 ‚
1692 1200 1746 1236 uti
1766 1199 1805 1234 in
1822 1196 1881 1234 his

288 1256 518 1305 perlucentes
535 1256 743 1306 exprimant
753 1254 976 1305 splendores.
990 1256 1171 1307 Qorum
1182 1255 1263 1293 haec
1274 1257 1341 1292 erit
1352 1253 1559 1292 differentia
1569 1257 1606 1292 ὃς
1617 1255 1817 1305 apparatio.

930 1366 965 1404 C
996 1376 1024 1404 A
1054 1379 1085 1403 P.
1148 1366 1247 1405 VII.

634 1454 717 1506 De
730 1450 974 1513 coloribus,
991 1451 1053 1510 Εἴ
1064 1456 1284 1528 primum
1295 1453 1352 1506 de
1366 1451 1523 1506 ochra.

293 1578 373 1661 C
386 1580 423 1617 O
439 1593 457 1617 L
471 1592 494 1616 0
508 1593 529 1617 R
542 1593 560 1616 E
570 1590 586 1616 s
606 1580 669 1626 [a]
685 1581 744 1618 alii
755 1578 837 1618 sunt
848 1582 912 1630 qui
921 1593 985 1632 per
1004 1580 1038 1618 se
1059 1582 1165 1619 certis
1178 1582 1274 1620 locis
1285 1590 1525 1633 procreantur
1535 1606 1545 1622 2
1570 1579 1608 1617 &
1619 1579 1704 1618 inde
1726 1580 1880 1620 fodiun-

388 1646 462 1673 tur:
484 1636 712 1673 nonnulliex
723 1637 801 1672 aliis
812 1636 919 1674 rebus
932 1666 941 1681 ‚
959 1636 1260 1682 tractationibus,
1278 1648 1343 1675 aut
1363 1636 1610 1675 mixtionibus
1623 1662 1631 1674 ‚
1658 1637 1717 1674 seu
1735 1648 1879 1687 tempe-

292 1693 420 1728 raturis
433 1689 637 1741 compositi
648 1690 899 1743 perficiuntur,
921 1694 973 1730 uti
992 1693 1158 1742 praestent
1167 1693 1375 1731 eandemin
1386 1694 1560 1743 operibus
1577 1693 1781 1730 utilitatem.
1805 1693 1879 1729 Pri-

293 1757 405 1784 mum
415 1755 540 1784 autem
549 1758 783 1797 exponemus
793 1759 865 1797 que
876 1760 941 1800 per
951 1747 985 1786 se
997 1747 1178 1787 nascentia
1190 1747 1473 1787 fodiuntur.Uti
1484 1748 1712 1798 quodGrece
1720 1743 1877 1799 [b]m}5ae

1733 1803 1877 1840 dicitur.

288 1889 312 1926 l]
351 1891 436 1920 Idem.
459 1892 489 1920 ld
499 1893 544 1924 est,
562 1894 708 1932 quirecipit
719 1895 893 1923 extruendam
904 1899 928 1922 &
940 1895 1116 1923 inducendam
1124 1896 1246 1929 domum,
1259 1898 1323 1935 cogi
1334 1907 1387 1924 non
1399 1896 1482 1934 potest
1492 1895 1550 1935 lege
1560 1895 1586 1921 iri
1597 1894 1787 1934 pingendo‚uti
1797 1894 1877 1934 chry-

327 1931 442 1964 socolla,
461 1933 531 1960 ostro
543 1936 567 1961 &
578 1936 714 1961 armenio:
733 1935 949 1972 quandoquidem
960 1935 985 1962 id
994 1945 1079 1974 genus
1092 1936 1194 1963 colores
1205 1930 1377 1973 precioiiores
1388 1936 1446 1964 sunt
1456 1956 1463 1968 ,
1482 1944 1562 1972 quam
1573 1943 1602 1962 ut
1618 1936 1687 1962 inter
1700 1935 1815 1973 reliquos
1827 1935 1876 1963 ha-

327 1971 503 2000 beridebeant
515 1994 521 2005 ,
534 1973 579 2000 nili
590 1973 615 2001 id
625 1975 730 2012 pastum
742 1974 781 2001 tit.
803 1975 869 2001 Plin.
881 1975 927 2002 lib.
938 1984 1019 2002 xxxv.
1030 1985 1086 2012 cap.
1096 1981 1122 2001 6.
1143 1976 1251 2003 floridos
1262 1977 1366 2004 colores
1383 1976 1449 2004 dicit
1466 1973 1517 2003 ess'e
1534 1984 1590 2007 eos,
1605 1984 1670 2012 quos
1681 1975 1805 2003 dominus
1814 1976 1876 2014 pin-

327 2013 404 2052 genti
414 2014 525 2052 praestat,
538 2014 660 2046 minium,
670 2014 827 2047 armenium,
838 2014 1008 2047 cinnabarim,
1018 2014 1221 2054 chrysocollam,
1232 2016 1350 2044 indicum
1359 2020 1382 2044 δέ
1394 2011 1581 2054 purpuriffum.

156 2070 269 2105 Cnpmr.
289 2069 319 2103 a]
341 2066 426 2094 Idem.
439 2069 609 2095 Coronarum
619 2077 683 2105 opus
693 2067 833 2106 dupliciter
844 2067 1058 2107 intelligitur.aut
1070 2067 1141 2095 enim
1152 2078 1201 2106 pro
1212 2078 1370 2097 ornamento
1382 2076 1545 2097 camerarum
1556 2066 1663 2097 dicitur,
1674 2076 1703 2095 ut
1714 2067 1765 2096 hoc
1777 2077 1833 2107 cap.
1848 2071 1875 2097 δι

330 2115 426 2146 quarto
436 2128 443 2140 ‚
454 2107 486 2134 de
496 2107 590 2145 quibus
600 2109 706 2135 coronis
716 2108 813 2146 scripsst
822 2118 929 2146 cap-iii.
939 2116 984 2135 aut
995 2117 1043 2144 pro
1053 2109 1160 2136 coronis
1171 2107 1292 2141 sumitur,
1301 2110 1400 2148 quibus
1407 2109 1607 2147 praecinguntur
1617 2109 1738 2147 parietes.
1749 2109 1826 2148 idque
1836 2110 1873 2137 est

331 2147 437 2184 duplex,
446 2148 599 2176 intestinum
609 2151 633 2175 &
641 2148 778 2181 albarium,
789 2149 814 2176 id
825 2149 869 2180 est,
883 2159 914 2176 ex
925 2148 1035 2176 materie
1044 2152 1067 2176 δι
1079 2159 1111 2176 ex
1123 2148 1204 2181 ealce,
1214 2158 1242 2177 ut
1254 2150 1299 2177 lib.
1309 2160 1335 2177 x.
1346 2160 1403 2189 cap.
1416 2159 1451 2177 ii.

290 2188 318 2223 b]
350 2189 431 2216 Idem.
455 2184 555 2217 Assulas
566 2196 645 2216 vocat
655 2209 661 2221 ,
676 2199 739 2227 quas
749 2190 836 2217 Graeei
851 2188 941 2226 ‹mv‘gsq
955 2189 1058 2221 dicunt,
1069 2189 1094 2216 id
1108 2189 1152 2221 est,
1162 2187 1321 2229 fragmenta,
1334 2190 1384 2218 five
1394 2189 1510 2223 frustula,
1522 2200 1579 2228 qua:
1590 2188 1729 2226 scalpendo
1740 2199 1874 2218 marmora

331 2228 466 2257 excidunt.
484 2230 549 2256 Sunt
560 2229 632 2257 enim
643 2232 667 2256 &
676 2227 763 2257 affulae
773 2251 780 2261 ,
791 2232 862 2257 Sext.
875 2229 1003 2267 Pompeio
1015 2230 1088 2262 teste,
1100 2239 1158 2267 quae
1168 2228 1226 2257 sunt
1243 2230 1374 2259 securibus
1385 2229 1497 2259 excussa?
1509 2251 1515 2260 ‚
1534 2232 1573 2258 uti
1583 2230 1650 2268 apud
1662 2230 1783 2257 Plin.1ib.
1797 2240 1874 2258 xxix.

331 2278 389 2306 cap.
401 2278 424 2295 ιι
432 2288 438 2294 .
458 2268 513 2295 Alii
522 2269 605 2306 assulis
616 2269 677 2297 uda
685 2270 802 2308 fitbjefiis
813 2267 958 2305 &subinde
966 2269 1088 2304 instratis,
1103 2269 1152 2297 oleo
1161 2271 1289 2308 asperfizm
1300 2272 1464 2299 accendunt).
1482 2274 1553 2300 Nam
1564 2273 1589 2298 in
1599 2266 1726 2307 impressis
1735 2270 1874 2298 codicibus

331 2308 435 2344 hastulis
445 2308 553 2347 legitur.
570 2310 606 2337 Ea
622 2308 772 2349 fragmenta
785 2308 874 2338 ferreis
883 2309 981 2348 pistillis
993 2311 1148 2342 tunduntur,
1162 2314 1186 2338 ὃς
1196 2310 1302 2339 setaceis
1313 2312 1481 2340 incerniculis
1491 2312 1589 2350 triplici
1599 2308 1747 2339 differentia
1756 2310 1877 2339 cribrari-

331 2357 377 2376 tur
394 2348 426 2377 ad
440 2350 569 2376 tectoria:
588 2350 660 2387 quod
676 2347 859 2379 craffiffimum
869 2349 957 2383 fuerit,
970 2349 1246 2379 subaCtuminducitur
1258 2353 1357 2389 primo:
1371 2354 1397 2380 id
1407 2352 1451 2381 ubi
1471 2353 1577 2385 aruerit,
1588 2352 1717 2379 mediocri
1732 2349 1762 2378 fit
1779 2350 1874 2379 secun-

330 2389 396 2417 dum
406 2389 519 2417 corium:
533 2387 816 2419 subtiliffimotertium
828 2392 933 2419 corium
943 2391 1075 2430 dirigitur.
1100 2391 1143 2419 Ab
1151 2389 1236 2419 assulis
1247 2393 1352 2420 Plautus
1364 2395 1390 2420 iri
1403 2394 1523 2431 Captivis
1535 2393 1602 2420 dixit
1612 2388 1751 2419 assulatim.
1772 2391 1872 2420 Plinius

331 2429 504 2458 verolib.xii.
514 2439 616 2465 cap.zz.
626 2428 744 2459 assulose.
756 2432 851 2459 Claud.
862 2430 999 2469 Salmasius
1008 2432 1033 2459 in
1043 2431 1163 2459 Solinum
1173 2442 1296 2472 pag.502.
1308 2434 1397 2462 Astula
1406 2433 1511 2473 proprie
1519 2434 1545 2461 w*
1554 2431 1730 2468 ὠκπτλέκημςι.
1738 2432 1875 2460 Paulinus:

777 2474 840 2499 vicit
849 2471 932 2500 brevis
942 2472 1024 2507 astula
1026 2471 1177 2509 flammam.

331 2510 398 2538 Aliis
405 2507 492 2539 affula.
511 2510 615 2538 Festus:
635 2513 752 2545 Fomites,
764 2513 824 2547 fimt
832 2512 910 2549 affitla
920 2523 950 2539 ex
960 2512 1098 2545 arboribus,
1110 2513 1172 2541 dum
1181 2513 1315 2546 caduntur,
1328 2514 1432 2551 excnfflz.
1453 2515 1493 2541 Ita
1505 2516 1529 2541 δε
1539 2513 1606 2551 apud
1618 2513 1737 2541 Servium
1748 2523 1780 2541 ex
1791 2513 1873 2542 Clau-

329 2551 392 2578 dio:
410 2551 489 2589 afficlae
507 2550 632 2586 ambusta.
654 2552 728 2579 Hinc
746 2552 874 2589 assulatim
892 2552 1007 2580 dedolare
1024 2553 1123 2589 vifiera
1133 2574 1139 2585 ,
1155 2553 1259 2581 Plauto.
1281 2555 1352 2592 quod
1370 2557 1523 2581 minutatim
1534 2555 1644 2592 exponit
1655 2555 1768 2582 Nonius.
1789 2552 1873 2582 redte.

330 2590 404 2619 Hinc
415 2591 494 2629 affulae
504 2601 658 2620 marmorea,
670 2591 738 2629 apud
750 2593 911 2624 Vitruvium.
926 2591 958 2620 πὶ
972 2592 1167 2628 ώιπελεκῆμμῖμ
1176 2614 1184 2624 ,
1195 2604 1227 2622 ex
1240 2595 1454 2626 marmore,dum
1465 2595 1582 2625 caeditun
1593 2591 1707 2621 excuffa.
1733 2603 1781 2622 nec
1796 2596 1873 2632 quic-

327 2640 406 2667 quam
419 2633 584 2661 mutandum.
608 2629 721 2660 Gloffae:
741 2628 891 2665 λ’γηπελεκιῖ,
902 2632 997 2669 defhmo
1008 2653 1015 2662 ,
1031 2633 1122 2660 dedolo.
1147 2636 1296 2673 Vtrumque
1308 2635 1454 2668 dicebatur,
1464 2635 1556 2670 astula,
1565 2638 1589 2662 ἃ
1601 2634 1690 2671 affula,
1703 2644 1751 2672 pro
1763 2636 1867 2663 eodem.

329 2671 363 2698 iic
374 2673 481 2707 mersus,
495 2680 593 2701 mertus
605 2686 611 2705 ς
624 2673 711 2711 fiffus,
723 2673 795 2708 fistus
808 2686 814 2706 i
832 2673 914 2708 ήκω,
933 2673 1014 2706 fiHus.
1036 2677 1061 2701 δε
1073 2673 1175 2701 nmilia.

153 2725 277 2760 Cup-vir.
290 2723 329 2756 a]
360 2724 506 2754 Philander.
527 2727 659 2754 Colorum
669 2726 749 2764 aliqui
764 2725 822 2754 sunt
833 2726 933 2757 nativi,
955 2726 1024 2753 idest
1034 2746 1041 2758 ‚
1062 2734 1091 2753 ut
1101 2725 1195 2764 vulgus
1207 2735 1300 2759 vocat,
1323 2726 1476 2759 numerales,
1498 2727 1545 2765 qui
1564 2725 1719 2754 fodiuntur:
1733 2737 1800 2765 quos
1820 2737 1873 2755 nu-

329 2773 412 2792 merat
424 2766 489 2794 Plin.
501 2766 703 2804 lib.xxxv.cap.
715 2772 741 2793 6.
769 2765 1063 2805 Sinopiin‚rubricarii‚
1081 2767 1273 2804 paraetonium.
1294 2767 1433 2795 ererliriam
1452 2770 1476 2794 &
1493 2768 1729 2806 auripigmentum.
1747 2767 1870 2796 Aliisunt

327 2801 438 2836 factitii.
456 2807 502 2844 qui
512 2807 659 2835 mixtura&
669 2816 724 2834 arte
732 2806 878 2847 finguntur.
899 2810 940 2835 De
951 2807 981 2834 iis
993 2827 999 2838 ‚
1019 2808 1064 2845 qui
1076 2807 1230 2839 nascuntur,
1248 2807 1299 2836 hoc
1311 2819 1368 2847 cap.
1389 2810 1413 2835 &
1425 2806 1528 2836 duobus
1539 2807 1665 2846 proximis
1683 2807 1815 2846 loquitur:
1837 2807 1872 2836 de

329 2844 384 2872 aliis
395 2846 439 2883 qui
449 2845 516 2873 fiunt
526 2867 532 2876 ,
542 2847 646 2884 reliquis
659 2848 788 2885 capitibus
799 2847 885 2875 sermo
893 2847 952 2875 crit.

289 2887 325 2923 b]
346 2886 430 2913 Idem.
442 2886 533 2914 Ochra
544 2886 613 2914 lutea
623 2887 741 2925 est‚quod
751 2892 775 2916 δ(
785 2898 883 2916 nomen
894 2886 1050 2915 indicattsed
1058 2896 1120 2915 cum
1133 2886 1258 2917 uritur.fit
1271 2888 1482 2916 riibrazrestinzfla
1491 2898 1554 2915 vero
1563 2896 1789 2926 acet0,purpurea.
1799 2889 1871 2917 scria

331 2927 370 2954 bit
384 2926 448 2953 Plin.
458 2926 531 2954 dieto
540 2933 625 2964 cap.6.
637 2927 757 2955 Oeliram
768 2930 847 2956 etiam
858 2927 914 2956 fieri
930 2929 1015 2955 exusta
1026 2928 1128 2955 rubrica
1138 2929 1164 2954 in
1175 2928 1233 2955 ollis
1244 2940 1329 2961 novis,
1344 2929 1401 2956 luto
1411 2928 1575 2955 circumlitis.
1586 2930 1656 2956 Nam
1669 2933 1692 2956 ἃ
1705 2931 1730 2956 in
1744 2931 1869 2968 Topazio

325 2965 407 2995 insula
417 2965 502 2995 Rubri
512 2976 589 2994 maris
599 2966 666 2996 nasci
677 2989 684 3001 ‚
704 2969 774 2998 idem
784 2979 815 2997 ex
826 2969 967 2997 autoritate
978 2968 1048 2997 Iuba:
1059 2966 1147 2996 refert.
1167 2970 1234 3006 Qo
1245 2971 1271 2997 in
1283 2970 1345 2997 loco
1355 2968 1472 2997 defidcro
1483 2970 1510 2996 in
1522 2969 1607 2997 Plinio
1623 2969 1802 3009 diligentiam.
1826 2971 1867 2997 Pit

1791 3020 1864 3039 enim
