2023 3162
463 102 1085 143 DEARcut’rr-:CTVRA
1142 99 1263 141 L113.
1300 101 1378 143 IV.
1689 111 1736 153 65

147 171 273 212 ass‘eres
289 180 420 210 contra
432 171 659 221 fastigiorum
670 171 813 208 frontes
826 170 1109 210 distribuuntur,
1127 182 1198 208 nec
1210 171 1359 221 poffunt
1369 170 1587 222 prominere
1599 198 1607 213 ‚
1623 170 1681 210 sed
1694 174 1741 212 ad

145 227 323 267 stillicidia
342 228 542 278 proclinati
561 228 807 264 collocantur.
840 228 914 270 Ita,
935 226 1040 276 quod
1052 238 1129 264 non
1140 226 1307 276 potestin
1319 229 1470 265 veritate
1481 227 1558 265 fieri
1570 254 1578 268 ‚
1601 228 1638 265 id
1659 241 1739 267 non

145 293 370 336 putaverunt
382 286 416 320 in
429 282 648 332 imaginibus
660 281 798 319 factum
812 310 822 326 ‚
842 282 941 333 posse
952 293 1091 320 certam
1103 284 1288 320 rationem
1308 283 1455 321 habere.
1484 285 1628 322 Omnia
1639 286 1740 321 enim

145 350 248 378 certa
269 340 507 389 proprietate,
536 338 572 374 δι’.
593 338 613 375 a
628 339 720 374 veris
740 347 873 375 naturae
893 338 1056 375 deduCtis
1067 338 1256 383 moribus,
1272 338 1566 377 traduxeruntin
1578 350 1740 389 operum

145 395 394 448 perfefflones
408 408 415 430 ε
437 397 473 431 ὃ(
485 405 527 430 ea
537 392 804 442 probaverunt,
816 405 979 441 quorum
991 394 1255 443 explicationes
1265 395 1304 431 in
1315 394 1617 446 disputationibus
1628 396 1739 432 ratio·
1752 420 1781 444 V,
1802 418 1881 455 expli-

147 464 235 490 nem
256 450 405 501 poffunt
419 449 551 493 habere
568 450 741 486 veritatis.
772 450 901 497 Itaque
913 460 956 485 ex
967 450 1009 485 iis
1022 450 1230 497 originibus
1240 450 1466 498 symmetrias
1477 453 1514 488 &
1526 452 1738 502 proportio·
1751 459 1864 486 canonas.

146 520 211 546 nes
230 504 510 553 uniuscujusque
530 505 672 553 generis
696 503 910 541 constitutas
927 504 1181 553 reliquerunt:
1203 517 1370 554 quorum
1387 504 1739 556 ingreffuspersecu-

149 573 207 600 tus
219 591 228 607 ‚
251 562 295 598 de
307 559 490 598 Ionicis&
504 559 713 596 Corinthiis
726 559 1018 596 institutionibus
1038 557 1140 609 supra
1158 559 1252 600 dixi,
1272 573 1372 600 nunc
1385 573 1475 601 vero
1487 563 1670 600 Doricam
1688 573 1740 600 ra-

149 621 294 657 tionem
305 643 314 658 ,
338 617 596 665 summamque
608 617 682 663 ejus
703 615 863 666 speciem
876 616 1034 652 breviter
1043 625 1239 666 exponam.

782 733 816 770 C
847 747 870 771 A
903 746 934 770 P.
993 732 1077 771 111.

683 821 765 874 De
790 822 979 874 ratione
1005 821 1213 874 Dorica.

152 945 402 1031 Nonnulli
418 945 563 994 antiqui
587 941 794 982 Architesti
815 954 1042 995 negaverunt
1060 944 1210 981 Dorico
1228 955 1363 993 genere
1381 943 1474 982 aedes
1493 945 1608 982 sacras
1627 958 1742 996 opor-

244 1014 320 1040 tere
340 1000 438 1045 fieri,
458 1000 563 1049 quod
574 999 760 1037 mendosae
770 1002 808 1039 ὅ(
821 1001 1135 1038 inconvenientes
1146 1001 1182 1036 in
1194 1000 1250 1037 his
1261 999 1478 1049 symmetria:
1491 1000 1745 1044 conficieban-

152 1069 221 1096 tur.
253 1059 377 1106 Itaque
393 1058 542 1106 negavit
554 1055 796 1096 Tarchesius,
817 1058 909 1094 item
921 1056 1088 1096 Pitheus‚
1109 1067 1187 1092 non
1199 1057 1321 1093 minus
1333 1057 1607 1107 Hermogenes.
1638 1057 1745 1095 Nam

154 1116 206 1160 is,
229 1125 316 1151 cum
336 1122 501 1163 paratam
520 1110 695 1149 habuisset
724 1113 919 1149 marmoris
939 1113 1089 1162 copiam
1102 1141 1112 1157 ‚
1135 1113 1172 1147 in
1190 1112 1344 1149 Doricae
1366 1112 1453 1150 aedis
1473 1112 1744 1164 perfeffionem

154 1170 412 1208 commutavit,
432 1169 470 1205 &
491 1180 536 1204 ex
557 1167 689 1203 eadem
702 1168 814 1217 copia
832 1179 916 1204 eam
928 1168 1095 1205 Ionicam
1114 1166 1254 1204 Libero
1265 1170 1358 1217 patri
1377 1167 1478 1205 fecit.
1508 1168 1581 1205 Sed
1598 1179 1741 1213 tamen,
1756 1179 1810 1207 Lib.
1829 1188 1852 1213 ς.

154 1237 233 1263 non
253 1223 356 1274 quod
375 1223 562 1260 invenusta
582 1222 631 1259 est
642 1222 776 1274 species
792 1253 800 1265 ‚
812 1234 875 1261 aut
884 1235 1021 1272 genus,
1033 1233 1097 1260 aut
1108 1222 1238 1259 formae
1251 1223 1425 1272 dignitas:
1447 1222 1505 1260 sed
1515 1223 1618 1273 quod
1629 1224 1743 1274 impe·
1756 1230 1776 1266 ⁶:
1790 1231 1815 1247 2·
1829 1219 1864 1254 ὁ·

155 1281 231 1319 dira
250 1279 299 1317 est
310 1278 517 1316 distributio
531 1307 541 1322 ,
564 1280 600 1316 δε
615 1279 865 1316 incommoda
876 1281 912 1315 in
924 1291 1039 1330 opere
1050 1277 1326 1328 triglyphorum
1336 1278 1373 1316 δε
1384 1281 1446 1325 [a]
1466 1279 1745 1318 lacunariorum
1755 1259 1857 1339 {¹ssoess

155 1336 417 1374 distributione.
447 1335 628 1383 Namque
640 1335 780 1372 necesse
793 1335 842 1373 est
853 1335 1058 1386 triglyphos
1071 1333 1247 1372 constitui
1263 1345 1395 1372 contra
1415 1335 1558 1372 medios
1570 1345 1746 1373 tetrantes

154 1392 439 1430 columnarum.
462 1389 722 1440 metopasque,
745 1403 827 1440 quae
847 1392 941 1428 inter
962 1390 1164 1442 triglyphos
1177 1389 1277 1431 fient,
1292 1403 1396 1440 aeque
1407 1391 1540 1440 longas
1551 1390 1746 1440 essequam

153 1450 242 1487 altas
262 1461 269 1484 :
300 1458 507 1496 contraque
529 1448 567 1483 in
584 1447 776 1496 angulares
799 1448 993 1485 columnas
1004 1446 1177 1497 triglyphi
1196 1447 1235 1484 in
1247 1448 1422 1484 extremis
1433 1447 1594 1497 partibus
1608 1446 1746 1484 consti-

154 1512 309 1542 tuuntur
321 1531 330 1546 ‚
352 1505 389 1540 ὃς
405 1514 480 1539 non
495 1513 624 1540 contra
637 1503 781 1539 medios
792 1513 977 1540 tetrantes.
1007 1504 1059 1540 Ita
1071 1513 1250 1553 metopae,
1273 1515 1353 1552 quae
1373 1504 1545 1553 proxime
1565 1502 1611 1539 ad
1629 1514 1746 1551 angu-

154 1560 247 1597 lares
259 1559 463 1608 triglyphos
475 1557 569 1595 fiunt
579 1584 587 1598 ‚
602 1571 680 1595 non
693 1569 829 1596 exeunt
839 1558 1041 1608 quadratae.
1056 1558 1115 1595 sed
1130 1559 1376 1608 oblongiores
1390 1557 1580 1608 triglyphis
1593 1557 1748 1595 dimidia

154 1612 218 1661 [b]
232 1614 431 1651 latitudine.
464 1614 515 1651 At
534 1615 598 1662 qui
611 1626 779 1664 metopas
793 1615 952 1664 :equales
962 1615 1097 1652 volunt
1113 1613 1249 1659 facere,
1273 1615 1565 1651 intercolumnia
1584 1623 1747 1650 extrema

155 1669 382 1708 contrahunt
399 1670 572 1718 triglyphi
590 1670 740 1707 dimidia
760 1671 967 1708 altitudine.
1000 1670 1089 1707 Hoc
1110 1680 1235 1717 autem
1254 1668 1327 1707 sive
1346 1670 1384 1705 in
1402 1679 1639 1719 metoparum
1659 1670 1746 1706 lon-

156 1725 323 1774 gitudine
345 1754 354 1769 ‚
384 1724 456 1763 sive
476 1727 855 1762 intercolumniorum
877 1725 1199 1763 contractionibus
1218 1723 1416 1765 efficiatur,
1441 1724 1491 1761 est
1502 1723 1722 1761 mendosum
1735 1751 1744 1760 .

158 1784 396 1837 Qipropter
407 1782 547 1829 antiqui
560 1782 696 1818 evitare
706 1780 766 1817 vifi
779 1781 857 1817 sunt
867 1782 902 1817 in
916 1780 1052 1817 aedibus
1065 1780 1316 1831 sacrisDorice
1328 1779 1534 1828 symmetrie
1546 1780 1743 1816 rationem.
1757 1793 1787 1817 v.
1799 1791 1870 1818 vita-

157 1838 244 1875 Nos
263 1846 387 1872 autem
408 1837 644 1885 exponimus,
666 1838 718 1873 uri
730 1836 828 1873 ordo
840 1836 1012 1886 postulat,
1024 1834 1377 1885 quemadmodum&
1386 1833 1675 1884 praeceptoribus
1685 1846 1742 1871 ac·
1757 1839 1811 1858 ffl-

157 1886 348 1943 cepimus:
371 1901 411 1928 ut
431 1890 454 1927 fi
477 1892 557 1939 quis
576 1892 734 1928 voluerit
752 1892 808 1928 his
825 1891 1027 1929 rationibus
1046 1890 1239 1928 attendens
1259 1891 1308 1926 ita
1326 1890 1489 1940 ingredi,
1509 1890 1641 1928 habeat
1660 1901 1745 1941 pro-

158 1949 350 2000 portiones
372 1948 590 1998 explicatas‚
617 1946 751 1996 quibus
770 1946 980 1985 emendatas
1000 1946 1038 1983 &
1059 1945 1133 1983 fine
1144 1947 1235 1984 vitio
1249 1944 1396 1984 efficere
1415 1944 1527 1996 possit
1545 1945 1680 1984 aedium
1699 1944 1752 1982 sa-

221 2012 224 2015 ·
1113 2003 1129 2039 I
1603 2013 1751 2038 crarum

200 2094 284 2124 ullum
292 2095 420 2132 judicium
431 2105 520 2124 mcum
531 2096 778 2135 interponere-,fides
789 2096 819 2124 fit
831 2106 909 2134 penes
920 2106 1025 2125 autores
1036 2096 1114 2135 ipsos.
1128 2098 1283 2133 Numquam
1294 2095 1366 2122 euim
1378 2093 1442 2120 mihi
1452 2092 1550 2131 placuit
1558 2090 1750 2119 audaculorum

200 2136 378 2174 quorumdam
390 2137 458 2164 ratio
467 2157 473 2167 ,
493 2137 587 2175 quibus
597 2137 660 2165 nihil
669 2138 703 2165 est
713 2147 770 2165 tam
780 2137 923 2165 obscurum
933 2158 940 2169 ‚
960 2146 1067 2175 tamque
1076 2135 1220 2164 abstrusum
1232 2139 1256 2163 δι
1268 2134 1361 2173 procul
1372 2134 1403 2161 ab
1412 2133 1552 2160 hominum
1562 2131 1691 2159 memoria
1701 2138 1751 2167 po-

204 2176 281 2204 fitum
293 2197 300 2208 ,
316 2177 389 2214 quod
400 2186 453 2203 nou
471 2176 516 2205 fiat
526 2177 626 2205 clarum
639 2198 645 2209 ‚
662 2187 784 2215 apertum
795 2181 819 2205 &
831 2178 983 2217 cognitum.
1005 2178 1130 2205 Nimium
1143 2175 1255 2204 credulis
1275 2174 1388 2213 ingeniis
1399 2177 1422 2200 δε
1434 2171 1550 2200 discendi
1570 2171 1751 2209 cupidioribus

203 2217 293 2256 rogati
304 2216 408 2244 ultrove
419 2218 555 2256 praestigiis
575 2221 599 2245 δι
612 2215 717 2246 offuciis
727 2219 869 2256 imponunt
880 2238 886 2249 ,
907 2218 1075 2245 mentiuntur
1089 2214 1181 2244 cffoffa
1192 2225 1333 2246 marmora,
1346 2223 1425 2251 atque
1436 2212 1501 2239 adeo
1519 2211 1654 2251 inscriptas
1663 2220 1750 2239 urnas,

203 2267 262 2296 quae
272 2256 399 2294 nusquam
416 2254 514 2284 fuerint
527 2277 533 2288 ,
552 2258 607 2285 imo
619 2268 677 2295 quae
694 2267 741 2285 nec
753 2268 798 2295 per
815 2257 936 2285 somnum
947 2258 1054 2296 quidem
1073 2257 1197 2285 viderint.
1218 2254 1403 2282 Temerarium
1414 2252 1556 2281 hominum
1566 2262 1650 2291 genus
1660 2272 1667 2283 ,
1686 2249 1753 2278 nihil

203 2299 275 2325 enirn
285 2298 392 2335 gravius
403 2296 490 2324 dicam
500 2317 506 2327 ‚
527 2301 552 2326 ὅ(
561 2298 655 2335 quovis
677 2297 759 2324 modo
770 2297 959 2325 coercendum.
982 2298 1032 2325 Sed
1044 2306 1073 2325 ut
1092 2297 1123 2324 ad
1133 2306 1189 2324 rem
1199 2296 1302 2323 redeam
1314 2315 1321 2327 ,
1338 2297 1451 2323 Veronae
1471 2293 1551 2321 etiam
1568 2303 1595 2320 in
1604 2290 1755 2320 fornicibus

202 2336 307 2365 duobus
318 2359 324 2369 ,
346 2338 460 2364 Arimini
469 2339 549 2365 etiam
559 2339 586 2365 in
598 2347 652 2365 uno
664 2337 767 2365 vetusto
776 2337 846 2364 idem
858 2337 984 2365 invenias.

162 2380 195 2414 a]
223 2377 372 2405 Philander.
395 2379 538 2406 Lacunaria
549 2399 557 2410 ‚
574 2388 631 2416 quae
644 2378 809 2416 &laquearia
821 2377 926 2405 &lacus
937 2377 1064 2405 dicuntur
1073 2378 1181 2406 austore
1190 2376 1282 2405 Servio
1293 2397 1300 2410 ‚
1322 2374 1380 2404 sunt
1391 2374 1629 2415 contignationum
1640 2374 1751 2407 coelum‚
1765 2382 1888 2418 cap,111‚

203 2419 271 2447 unde
283 2418 410 2458 laqueata:
422 2420 582 2446 caenationes
593 2418 765 2456 appellantur.
779 2418 893 2446 Lucilius
902 2418 969 2454 apud
979 2418 1068 2445 Ilidor.
1082 2418 1128 2446 lib.
1140 2428 1181 2450 19.

556 2458 688 2495 Resultant
707 2458 810 2496 adefilue
828 2458 973 2496 Iacufiquo.

204 2498 291 2538 Qod
302 2508 390 2527 autem
401 2499 431 2527 ad
445 2502 653 2527 Lacunariorum
661 2499 874 2526 distributionem
885 2499 992 2531 attinet,
1004 2498 1139 2527 sciendum
1154 2498 1287 2527 lacunaria
1296 2498 1349 2526 dici
1361 2497 1447 2537 &ipsa
1459 2498 1533 2537 tigna
1545 2500 1568 2526 ἃς
1588 2495 1753 2535 intertignia.

205 2541 299 2577 Itaque
310 2549 371 2568 cum
382 2540 511 2580 triglyphi
523 2537 636 2567 referant
649 2540 807 2567 exteriorem
819 2539 955 2578 lignorum
967 2549 1068 2578 partem
1078 2560 1085 2572 ‚
1097 2543 1120 2567 ὃς
1132 2549 1190 2578 quae
1199 2540 1267 2567 inter
1278 2539 1332 2567 duo
1342 2539 1399 2567 sunt
1410 2538 1548 2566 intervalla
1559 2537 1617 2576 ipsae
1627 2545 1751 2573 metopx,

204 2578 340 2608 siillo’rum
352 2590 405 2608 erat
419 2581 545 2618 impedita
553 2580 704 2608 distributio
723 2584 747 2608 δε
765 2580 1122 2608 interiorumlacunariorum
1141 2577 1242 2608 neceffe
1253 2581 1288 2608 est
1306 2577 1381 2607 fuiffe
1397 2579 1560 2618 impeditam.
1583 2577 1651 2604 Illud
1659 2577 1753 2604 addam

205 2622 314 2649 austasii
335 2621 397 2648 loco
413 2641 418 2651 ,
433 2623 604 2659 antiquorum
623 2621 752 2649 luxuriam
770 2619 897 2648 versatilia
914 2622 1102 2649 coenationum
1121 2621 1250 2659 laquearia
1267 2618 1357 2648 feciffc
1368 2641 1374 2651 ,
1397 2624 1420 2648 ἃ
1439 2629 1474 2646 ita
1492 2613 1704 2657 coagmenraffe,
1724 2625 1754 2644 ut

204 2660 315 2689 subinde
326 2662 375 2688 alia
384 2659 463 2689 facies
472 2671 550 2700 atque
562 2662 609 2689 alia
620 2661 780 2691 succederet,
794 2665 818 2688 S<
829 2661 1022 2700 te&a,quoties
1032 2659 1139 2694 fercula,
1151 2670 1327 2689 mutarentur.
1351 2662 1453 2688 Ausim
1463 2659 1517 2694 ejus
1529 2660 1563 2686 rei
1575 2660 1666 2686 Senec.
1678 2657 1758 2695 Epist.

208 2701 253 2729 lib.
266 2713 323 2729 κ’ν.

167 2739 196 2776 b]
224 2742 309 2770 ldem.
332 2741 496 2770 liiomnibus
509 2741 646 2779 codicibus
657 2742 698 2769 hic
712 2743 785 2770 locus
796 2742 945 2781 inquinatus
956 2747 981 2772 δι
993 2742 1139 2771 maculosus
1150 2743 1195 2770 est.
1207 2740 1561 2779 scribendum,c·blougiores
1574 2739 1703 2780 triglyphi
1714 2739 1754 2766 di-

209 2783 435 2811 midialatitudine
447 2804 453 2813 ‚
472 2793 499 2810 u:
512 2783 540 2810 {ir
554 2782 638 2810 (i‘nsus
647 2803 653 2813 .
666 2782 722 2810 sunt
733 2783 870 2823 longiores
881 2804 886 2816 ‚
904 2794 983 2822 quana
994 2783 1070 2811 decet
1080 2804 1087 2816 ,
1107 2783 1283 2811 semimodulo
1293 2802 1300 2812 ,
1316 2782 1344 2809 iis
1354 2793 1366 2809 e
1377 2791 1429 2809 urio
1441 2789 1565 2809 tetrante.
1589 2782 1659 2809 Nam
1671 2790 1756 2818 opor-

210 2822 283 2850 tebat
294 2821 344 2851 else
355 2822 459 2861 paribus
480 2823 604 2851 lateribur
614 2823 749 2861 quadratas
763 2844 769 2855 ,
786 2829 809 2852 r&
822 2833 951 2862 occupare
961 2824 1044 2852 solum
1056 2824 1172 2862 primum
1191 2824 1377 2851 columnarum
1394 2830 1537 2849 tetrantem
1550 2842 1557 2854 ‚
1578 2821 1679 2848 medios
1688 2821 1757 2848 duos

210 2861 302 2890 servari
312 2873 435 2892 extremo
446 2863 507 2892 hinc
517 2873 596 2901 atque
615 2865 675 2891 hinc
688 2864 836 2903 triglypho.
861 2866 884 2892 Si
897 2874 960 2892 vero
971 2864 1099 2904 triglyphi
1118 2864 1191 2902 super
1203 2871 1338 2891 extremos
1355 2862 1419 2890 duos
1432 2871 1559 2890 tetrantes
1577 2862 1756 2892 collocentur,

211 2900 311 2931 nccelsc
321 2905 355 2932 est
366 2914 486 2943 metopas
498 2915 607 2944 proci-‘i
621 2915 644 2931 in
657 2904 722 2932 duos
733 2907 842 2942 priores.
855 2905 940 2942 Qod
950 2914 1040 2933 autem
1050 2904 1161 2932 dimidia
1172 2903 1311 2931 latitudine
1322 2903 1366 2930 hic
1377 2906 1401 2930 δε
1413 2903 1490 2940 paulo
1502 2903 1557 2941 post
1568 2901 1757 2930 restituendum

214 2941 255 2971 fit,
265 2940 339 2971 facile
349 2945 474 2979 judicabit
487 2966 493 2975 ,
512 2946 557 2983 qui
566 2946 587 2972 s.
605 2946 670 2972 verit
680 2945 882 2985 triglyphorum
894 2945 1007 2973 mediam
1017 2945 1186 2974 altitudinem
1194 2941 1246 2974 effe
1261 2943 1428 2973 semimoduli
1438 2947 1571 2983 &quartae
1589 2943 1668 2982 partis
1680 2941 1757 2970 unius

213 2982 316 3011 ffl0duli
326 3003 333 3017 ›
350 2994 410 3014 curn
421 2986 480 3026 ipsae
488 2995 604 3026 metopae
614 2985 671 3022 solo
680 2984 857 3016 semimodulo
869 2986 998 3026 quadrum
1007 2984 1137 3025 superent.

1635 3024 1660 3057 c]
1677 3020 1760 3050 Idem,
