2023 3162
437 111 1066 151 DEAchrTECTvRA
1123 109 1393 151 L113.V11.
1650 126 1721 160 131

130 194 283 234 gentur:
305 193 431 232 eaeque
444 193 584 221 catenae
595 193 639 219 ex
653 193 694 219 ea
713 178 776 227 [d]
789 181 944 218 materia
954 191 1239 231 comparentur,
1265 182 1325 218 cui
1336 191 1406 217 nec
1427 181 1541 218 caries
1553 209 1564 225 ,
1582 192 1654 219 nec
1664 193 1726 219 ve-

129 240 261 282 tustaS‚
283 251 352 276 nec
374 239 510 276 humor
529 237 638 289 possit
657 248 818 282 nocere,
849 238 886 274 id
906 236 955 274 est
977 239 1047 284 [e]
1073 236 1197 282 buxo,
1218 238 1408 288 junipero,
1432 237 1516 275 olea
1536 264 1546 280 ,
1560 237 1721 283 robore,

130 294 294 346 cupresso
307 323 315 335 ‚
341 294 546 344 caeterisquc
565 293 744 330 similibus
756 322 764 337 ,
784 303 913 343 praeter
932 304 1115 342 quercum
1129 322 1138 338 ‚
1151 293 1257 341 quod
1269 305 1313 331 ea
1329 293 1363 331 sc
1382 292 1602 342 torquendo
1613 294 1722 330 rimas

128 351 218 388 facit
245 352 380 400 quibus
400 350 489 388 inest
506 349 690 400 operibus.
712 349 900 386 Asseribus
920 347 1099 399 dispositis
1113 377 1129 399 ,Ι
1151 359 1231 386 tum
1259 348 1334 400 [f]
1365 350 1509 386 tomice
1537 361 1581 386 ex
1601 346 1722 398 sparto

131 408 334 458 Hispanico
353 407 545 444 arundines
565 405 702 442 Graecae
723 404 804 442 tusae
818 405 863 442 ad
873 412 938 441 eos
957 403 1033 450 (uti
1051 403 1172 442 forma
1193 405 1379 455 postulat)
1397 405 1608 456 religentur.
1628 405 1722 442 Item

128 463 233 512 supra
252 474 441 500 cameram
458 462 626 499 materies
645 472 689 497 ex
709 463 811 498 calce
825 463 862 498 ὅ(
875 472 985 498 arena
1004 461 1120 497 mixta
1140 460 1289 498 subinde
1306 461 1519 505 inducatur,
1532 471 1573 498 ut
1594 459 1618 496 si
1639 472 1720 509 quae

128 518 226 556 ssiliae
246 531 289 556 ex
309 517 660 568 contignationibus
671 526 732 553 aut
750 517 854 554 testis
866 517 1067 554 ceciderint
1082 545 1090 559 ‚
1103 515 1348 554 sustineantur.
1383 518 1447 554 Sin
1468 526 1593 554 autern
1615 528 1718 554 arun-

131 575 226 611 dinis
255 576 390 613 Graecae
421 575 532 623 copia
551 584 631 609 non
651 574 741 616 erit,
761 572 806 610 de
828 572 1022 622 paludibus
1041 582 1168 609 tenues
1190 575 1435 622 colligantur,
1469 575 1507 611 ὃς
1538 574 1612 625 [g]
1644 583 1722 610 ma-

129 642 222 669 taxae
246 631 283 667 ὃ(
300 631 447 668 tornicae
473 628 517 665 ad
539 629 663 673 iustam
685 628 961 677 longitudinem
986 640 1057 665 una
1078 627 1311 665 crassitudine
1335 628 1608 678 alligationibus
1628 638 1721 664 tem-

130 697 323 737 petentur,
350 685 437 722 dum
460 697 506 721 ne
525 686 605 734 plus
625 686 719 720 inter
740 684 835 721 duos
855 683 978 720 nodos
1005 683 1279 732 alligationibus
1302 684 1410 720 binos
1439 684 1550 735 pedes
1571 683 1719 721 distent:

133 744 171 780 &
192 742 245 779 ha:
266 742 310 778 ad
329 740 452 779 asseres
471 740 481 787 (
498 742 552 777 uti
570 738 672 790 supra
690 739 865 789 seriptum
885 739 957 788 est)
989 735 1065 789 [h]
1095 742 1236 775 tomice
1254 741 1476 788 religentur,
1507 742 1568 785 [z]
1592 740 1724 777 cultel-

128 800 228 848 lique
246 800 354 848 lignei
374 798 410 834 in
430 808 489 834 eas
512 794 758 844 configantur.
789 795 934 832 Caetera
952 796 1081 832 omnia
1094 797 1107 841 s
1120 797 1172 830 uti
1193 792 1294 843 supra
1313 795 1490 844 scriptum
1511 795 1584 840 est)
1607 807 1720 846 expe-

131 855 286 891 diantur.
318 854 479 890 Cameris
498 851 675 902 dispositis
695 853 733 888 ὅ(
751 852 918 891 intextis,
943 848 1023 896 [k]
1043 851 1167 887 imum
1189 850 1336 887 coelum
1358 862 1484 887 earum
1497 850 1718 890 trullissetur,

131 910 263 947 deinde
275 921 380 947 arena
399 908 571 957 dirigatur
586 935 592 947 ,
609 906 735 957 postea
753 916 817 944 aut
828 917 926 944 creta
938 935 948 951 ,
965 917 1026 944 aut
1037 918 1226 944 marmore
1241 907 1411 956 poliatur.
1444 906 1545 943 Cum
1565 918 1720 944 camerae

131 967 256 1017 politae
274 965 423 1003 fuerint,
444 963 507 1000 sub
527 975 588 1001 eas
609 960 661 1016 [l]
683 974 832 1001 coronae
845 962 924 1001 sunt
935 961 1186 1009 subjiciendae,
1207 975 1335 1011 eaeque
1353 973 1468 1012 quam
1486 964 1646 999 maxime
1665 973 1719 999 te-

132 1033 222 1059 nues
242 1021 277 1057 &
288 1021 432 1058 subtiles
446 1031 621 1070 oportere
633 1021 709 1057 fieri
730 1019 909 1057 videntur.
921 1019 1022 1056 Cum
1032 1020 1130 1056 enim
1143 1019 1298 1068 grandes
1311 1017 1404 1062 sunt,
1418 1018 1585 1068 pondere
1604 1017 1719 1054 dedu-

133 1087 284 1120 cuntur,
303 1088 370 1114 nec
391 1077 539 1128 possunt
558 1076 590 1112 se
612 1076 802 1121 sustinere,
823 1077 859 1112 in
881 1074 1004 1124 hisque
1023 1075 1179 1112 minime
1201 1076 1265 1118 [m
1280 1077 1288 1122 ]
1304 1074 1453 1124 gypsum
1476 1073 1586 1110 debet
1603 1073 1719 1110 adini-

130 1132 237 1175 sceri,
257 1132 314 1169 scd
334 1143 484 1170 excreto
499 1144 685 1169 marmore
707 1144 786 1168 uno
807 1141 937 1168 tenore
955 1130 1130 1180 perduci,
1148 1132 1202 1168 uti
1221 1143 1266 1167 nc
1288 1130 1539 1182 praecipiendo
1558 1141 1636 1166 non
1656 1141 1719 1179 pa-

129 1190 236 1227 tiatur
254 1192 337 1226 uno'
353 1199 480 1225 tenore
499 1201 592 1237 opus
611 1187 825 1226 inarescere.
856 1187 1055 1236 Etiamque
1065 1187 1238 1225 cavenda:
1249 1186 1326 1223 sunt
1346 1187 1384 1222 in
1406 1187 1563 1224 cameris
1581 1183 1721 1235 prisco-

132 1257 212 1282 rum
225 1243 488 1294 dispositiones‚
503 1244 610 1292 quod
627 1256 754 1281 earum
764 1244 922 1294 planitiae
944 1255 1176 1281 coronarum
1196 1245 1298 1292 gravi
1317 1241 1482 1293 pondere
1497 1241 1720 1292 impenden-

130 1310 203 1340 tes,
226 1300 305 1338 sunt
316 1299 539 1350 periculosae.
571 1301 818 1338 Coronarum
839 1310 964 1337 autem
975 1299 1054 1336 alise
1071 1299 1152 1337 sunt
1162 1311 1280 1349 purae,
1302 1300 1379 1336 aliae
1390 1298 1533 1336 caelatae.
1555 1293 1735 1335 Concla-'

131 1357 235 1395 vibus
248 1386 257 1402 ,
276 1367 337 1394 aut
350 1357 412 1394 ubi
424 1357 514 1406 ignis
527 1352 589 1395 a'ur
600 1358 703 1409 plura
713 1357 853 1394 lumina
863 1355 944 1396 sunt
960 1357 1155 1406 ponenda,
1166 1367 1264 1406 purae
1274 1354 1352 1392 fieri
1363 1354 1501 1392 debent
1513 1381 1521 1395 ‚
1544 1364 1584 1392 ut
1603 1364 1652 1389 eae
1665 1352 1719 1389 fa-

1068 1412 1107 1448 R
1144 1427 1165 1449 z
1612 1409 1718 1445 cilius

166 1491 278 1520 humido
288 1493 514 1528 loco‚praestare.&
526 1505 589 1532 pene
600 1503 713 1522 aetcrnos
725 1490 928 1522 effeflabemus
938 1492 1009 1519 enim
1019 1491 1108 1519 clavos
1118 1500 1199 1521 aereos
1208 1488 1222 1517 ὲ
1231 1490 1291 1517 navi
1302 1490 1444 1526 Trajani‚si
1454 1487 1584 1515 credimus
1595 1486 1713 1523 Baptistg

168 1532 294 1564 Albcrto,
307 1534 323 1561 si
337 1535 447 1564 Blondo.
464 1537 583 1566 Tiberii,
595 1545 651 1574 qua:
662 1537 688 1563 in
699 1535 758 1562 lacu
777 1532 936 1563 Nemorensi
946 1533 977 1560 ad
988 1541 1081 1559 eorum
1091 1531 1322 1566 aetatemjacuerat
1334 1551 1340 1562 ,
1359 1531 1428 1559 nulla
1437 1528 1560 1567 rubigine
1568 1524 1719 1570 *labefacta-

167 1582 220 1601 tos.
243 1575 487 1603 Animadvertimus
499 1586 629 1603 marmora
639 1577 717 1604 clavis
728 1573 817 1603 ferreis
830 1573 970 1607 maculari,
983 1569 1135 1603 labefactari
1144 1576 1169 1601 Sc
1183 1572 1328 1610 corrumpi.
1351 1571 1517 1610 Rubiginem
1528 1577 1573 1606 qui
1583 1566 1716 1595 verebun-

169 1613 330 1646 tur,ceruss.1
341 1637 347 1647 ,
370 1616 486 1654 gypso&
499 1616 555 1654 pice
565 1617 666 1654 liquido
685 1618 826 1655 inungant.

126 1655 157 1690 d]
188 1655 270 1683 ldem.
290 1656 484 1684 Plin.lib.xv1.
497 1667 553 1696 cap.
564 1668 603 1684 xi.
616 1649 818 1689 tradincariem,
830 1656 1041 1696 vetustatemque
1050 1665 1104 1684 non
1115 1654 1218 1687 sentire,
1231 1650 1391 1692 cupressum,
1403 1651 1523 1681 cedrum,
1534 1648 1658 1681 ebenum,
1673 1647 1716 1675 10-

168 1696 447 1729 ton.buxum.raxum,
459 1699 618 1736 juniperum,
630 1698 770 1726 oleastrum
780 1702 804 1726 δι
816 1697 919 1726 oleam:
932 1708 964 1726 cx
975 1698 1080 1736 reliquis
1092 1693 1362 1727 tardiffimelan'cem,
1374 1692 1464 1727 robur,
1473 1691 1557 1725 suber,
1569 1690 1715 1718 castancam

107 1770 110 1773 ¹
131 1743 134 1746 ’
170 1739 194 1763 &
205 1737 368 1776 juglandem.

126 1777 153 1810 e]
194 1778 276 1804 ldem.
301 1779 347 1805 Ista
359 1779 466 1807 materie
476 1778 531 1807 fieti
540 1788 664 1818 oportere
673 1788 778 1808 catenas
790 1778 878 1807 scribit
887 1778 1015 1807 Palladius
1026 1777 1073 1806 lib.
1084 1787 1104 1805 t.
1116 1786 1171 1815 cap.
1183 1785 1220 1810 13.

121 1817 158 1854 s]
189 1817 273 1844 Idem.
295 1819 467 1848 Scribendum
479 1829 597 1851 tomice,
610 1829 664 1852 aut,
674 1830 702 1848 ut
715 1821 792 1858 paulo
801 1820 856 1857 post
868 1840 875 1851 ‚
886 1821 997 1851 tomica.
1007 1817 1140 1847 auferendi
1154 1817 1222 1845 casu.
1241 1818 1306 1844 Sunt
1317 1824 1406 1845 autem
1417 1813 1533 1843 tomices
1543 1812 1594 1841 five
1607 1812 1718 1841 tomicae

166 1856 260 1885 leviter
268 1861 431 1887 tortaerestcs
442 1871 472 1887 ex
485 1860 580 1897 sparto,
591 1860 790 1892 harundinibus,
801 1861 882 1895 junco
894 1879 902 1889 ‚
920 1860 1005 1898 palma
1014 1881 1021 1892 ,
1043 1870 1073 1887 ex
1086 1858 1198 1887 cannabi
1210 1857 1424 1895 etiamimpolito
1436 1859 1459 1884 &
1470 1855 1526 1887 lino
1538 1875 1545 1888 ‚
1563 1862 1591 1881 ut
1604 1863 1635 1882 ex
1646 1853 1717 1882 Plin.

166 1897 212 1925 lib.
224 1908 293 1926 xvii.
305 1909 361 1937 cap.
371 1910 395 1927 x.
421 1901 572 1928 Columella
587 1901 632 1928 lib.
643 1911 697 1929 xii.
715 1912 772 1940 cap.
786 1910 828 1935 32-
850 1900 965 1928 Palladio
978 1900 1024 1928 lib.
1037 1910 1056 1927 1.
1074 1908 1177 1938 cap.i3.
1197 1901 1221 1926 &
1233 1898 1288 1925 aliis
1307 1895 1479 1936 scriptoribus
1496 1894 1715 1934 deprehenditur.

166 1939 234 1967 Vide
246 1940 373 1967 Lexicou.

123 1981 155 2017 g]
188 1979 270 2007 Idem.
293 1982 368 2020 Lego
378 2002 384 2012 ,
405 1985 429 2009 Sc
447 1990 550 2010 mataxa
563 1986 587 2010 ὃς
604 1983 704 2010 tomice
717 2003 724 2014 ‚
745 1990 774 2010 ut
785 1981 815 2010 fit
835 1990 939 2009 mataxa
955 1982 1026 2010 restis
1045 1980 1087 2009 seu
1104 1978 1215 2009 funiculi
1230 1978 1335 2018 species.
1359 1977 1477 2006 Lucilius
1494 1976 1562 2016 apud
1582 1976 1713 2004 Isidorum

166 2019 212 2047 lib.
225 2022 380 2061 Etymolog.
389 2032 438 2049 xix
450 2032 506 2060 cap.
514 2033 541 2051 4.
554 2022 803 2061 Plumbipauxillum
814 2022 892 2053 rudia,
902 2022 996 2061 linique
1003 2029 1150 2050 mataxam.
1163 2019 1295 2049 Describit
1305 2019 1376 2047 enim
1386 2018 1514 2050 bolidem,
1526 2018 1551 2045 id
1562 2017 1607 2050 est,
1619 2017 1714 2045 instru-

167 2069 289 2088 mentum
300 2072 353 2100 quo
365 2064 441 2090 maris
452 2063 566 2091 altitudo
574 2073 702 2092 tentatur.
722 2063 794 2091 Idem
805 2063 849 2091 lib.
859 2063 1004 2091 memorati
1021 2073 1077 2101 cap.
1088 2072 1132 2094 29.
1149 2062 1246 2090 dissam
1256 2060 1386 2088 existimat
1397 2058 1411 2087 ὲ
1423 2059 1536 2087 circuitu
1546 2057 1654 2086 filorum
1667 2077 1674 2088 ,
1695 2054 1712 2084 ἃ.

167 2110 249 2133 meta,
261 2102 299 2129 vel
310 2102 381 2140 quod
391 2101 570 2136 transferatur,
578 2105 648 2142 quasi
658 2113 800 2135 metaxam;
812 2103 854 2132 sed
865 2114 913 2142 pro
921 2114 951 2132 ea
961 2113 1039 2142 quarn
1052 2103 1178 2142 Aquitani
1189 2100 1331 2138 madaiffan
1340 2121 1346 2133 ,
1359 2100 1502 2131 Hetrures,
1512 2097 1642 2132 Cajetani,
1655 2099 1715 2124 Ro-

167 2143 238 2169 mani
248 2146 271 2171 Sc
283 2152 347 2179 pene
362 2143 478 2171 univers-1
491 2145 566 2172 ltalia
576 2144 712 2183 mataffam
724 2153 820 2172 vocarit
832 2165 838 2177 ,
856 2154 935 2183 quam
953 2144 1053 2171 scilicet
1065 2141 1176 2171 faeminae
1196 2141 1325 2170 verrendo
1339 2140 1455 2167 rhombo
1472 2137 1619 2165 machinula
1631 2135 1712 2175 perfi-

168 2183 251 2210 ciunt.
274 2182 443 2223 Rhodiginus
452 2194 509 2223 cap.
521 2195 559 2212 xt.
570 2185 615 2212 lib.
625 2195 665 2218 17·
679 2185 739 2214 lest.
749 2186 928 2223 antiquarum,
938 2185 999 2223 quid
1007 2184 1058 2211 hoc
1071 2184 1180 2211 nomine
1190 2181 1384 2221 significaretur
1396 2201 1402 2210 ,
1422 2189 1476 2206 nori
1486 2177 1636 2206 intellexit:
1655 2177 1712 2211 ejus

168 2221 224 2250 haec
236 2222 292 2250 suut
302 2223 397 2256 verba;
414 2226 549 2253 Vitruvius
562 2234 651 2253 tamen
663 2225 710 2253 lib.
721 2235 760 2252 vt.
776 2226 806 2252 de
813 2225 949 2262 paludibm
960 2245 966 2254 ,
977 2225 1073 2263 inquit,
1084 2231 1171 2251 tenues
1183 2224 1331 2259 colligantur
1341 2227 1455 2247 metam.
1476 2218 1559 2256 Atqui
1571 2239 1577 2251 ‚
1597 2228 1650 2245 non
1659 2217 1711 2246 hoc

167 2262 233 2291 dicit
246 2265 349 2291 Vitruv.
360 2263 411 2294 sed,
421 2273 511 2293 tenues
520 2265 676 2293 harundines
693 2266 815 2304 palustres
826 2274 884 2293 tum
903 2264 1062 2292 adhibendas
1073 2261 1124 2291 effe
1137 2283 1143 2295 ,
1164 2273 1225 2290 cum
1236 2265 1335 2289 Graecae
1346 2269 1398 2287 non
1410 2258 1611 2299 suppeditabunt
1625 2271 1632 2291 ς
1655 2268 1712 2286 ma-

167 2312 239 2331 taxas
252 2314 323 2335 vcro.
336 2304 500 2343 comitasque
511 2306 691 2341 temperandas·
701 2326 707 2335 ,
723 2315 753 2333 ac
763 2305 794 2332 ad
804 2303 897 2332 asseres
909 2305 1065 2343 religandas.
1087 2303 1152 2330 Vide
1163 2312 1258 2330 caetera
1268 2302 1294 2329 in
1307 2300 1417 2328 Lexico.

125 2345 157 2380 h]
189 2345 346 2384 Legendum
357 2346 392 2373 est
404 2354 504 2373 tomice
515 2344 649 2374 auferendi
658 2344 725 2374 casu.
749 2346 833 2384 Qod
844 2348 867 2372 &
879 2344 1018 2372 Philauder
1028 2343 1185 2372 observavit.

123 2388 155 2421 i]
187 2386 267 2413 Idem.
291 2388 356 2414 Sunt
368 2386 491 2414 verucula
502 2386 589 2424 lignea
600 2407 606 2418 .
629 2386 724 2425 quibus
735 2385 928 2424 transfiguntur
938 2384 1154 2416 tomices,veluti
1163 2383 1303 2422 s'pzitliellae.

125 2429 153 2462 k]
188 2426 334 2454 Pliilander.
359 2427 439 2458 idest,
451 2420 536 2467 gypso
555 2426 702 2455 in'ducatur.
728 2426 799 2454 Alias
808 2427 842 2453 est
854 2422 1005 2454 trullissatio
1022 2425 1100 2453 trulla
1110 2424 1297 2463 cujuscumque
1308 2422 1414 2451 teetorii
1425 2421 1556 2451 industio.
1577 2419 1626 2448 Sed
1639 2419 1712 2459 quod

166 2467 245 2505 paulo
256 2468 312 2505 post
322 2467 397 2507 gypsi
408 2469 591 2499 ineminit.ceu
603 2478 655 2495 non
667 2466 824 2495 admiscendi
834 2467 952 2499 coronis,
962 2466 1120 2494 credidimus
1131 2465 1243 2504 ipsarum
1255 2473 1419 2492 camerarum
1430 2463 1614 2491 industionem
1626 2460 1713 2500 gypso

166 2506 233 2539 ficri,
243 2517 321 2546 atque
331 2518 367 2536 ita
377 2505 591 2536 trulliffin‘onem
603 2509 768 2546 interpretati
778 2506 873 2535 sumus.
898 2508 951 2535 Hic
961 2516 1048 2535 tamen
1060 2507 1134 2534 locus
1145 2527 1151 2538 ,
1170 2506 1215 2534 nisi
1226 2503 1303 2533 fallor
1314 2526 1320 2537 ,
1341 2504 1508 2532 occasionem
1520 2503 1591 2530 dedit
1603 2502 1713 2534 Budaeo,

167 2549 226 2575 viro
234 2548 350 2586 alioquin
361 2549 461 2584 judicio
470 2550 600 2577 acerrimo
612 2571 619 2581 ,
636 2548 779 2586 suspicandi
800 2543 1014 2575 trullissationem
1031 2546 1087 2575 fieri
1098 2546 1197 2587 gypso,
1215 2556 1263 2574 ceu
1275 2556 1304 2573 ea
1313 2545 1413 2583 semper
1424 2543 1552 2579 ejusmodi
1564 2539 1637 2570 effer.
1661 2544 1715 2569 Ve-

166 2599 225 2617 rum
235 2598 322 2627 potuit
334 2599 393 2617 eum
401 2590 544 2618 admonere
554 2591 627 2618 locus
638 2588 651 2618 ὲ
664 2590 787 2628 proximo
798 2589 885 2616 statim
896 2599 953 2628 cap.
962 2596 1005 2627 pro
1015 2595 1120 2616 armato
1130 2588 1193 2624 testa
1203 2587 1358 2625 trulliffi’tur.
1369 2589 1393 2614 ὃς
1402 2585 1449 2612 lib.
1461 2594 1486 2612 v.
1499 2593 1556 2622 cap.
1568 2584 1714 2620 impr-imum

167 2630 230 2663 testa
241 2640 298 2657 cum
309 2630 374 2657 calce
391 2631 544 2668 trullffetur.

123 2670 145 2705 l]
186 2671 269 2698 Idem.
293 2674 491 2699 Ornamentum
502 2667 553 2699 effe
565 2681 729 2699 camerarum
741 2680 854 2698 coronas
864 2667 1023 2709 apertissime
1035 2670 1148 2698 ostendit
1159 2679 1217 2708 cap.
1228 2678 1266 2697 tv.
1279 2678 1323 2696 nec
1337 2675 1497 2695 camerarum
1508 2665 1633 2693 coronario
1643 2671 1713 2702 opere

159 2710 260 2746 fiabtilis
271 2720 385 2739 ornatus.
397 2715 437 2740 De
448 2712 598 2741 caelataruui
611 2711 751 2752 generibus
760 2711 844 2749 scripsi
856 2712 900 2738 lib.
914 2721 934 2739 1.
943 2721 999 2750 cap.
1012 2721 1033 2738 1.

127 2753 166 2787 m]
187 2752 269 2780 idem.
290 2753 389 2780 Plinius
401 2762 490 2780 tamen
501 2753 545 2780 lib.
558 2763 652 2781 xxxvi.
664 2762 720 2790 cap.
733 2763 777 2785 24.
797 2751 910 2791 gypsum
921 2752 986 2779 dicit
996 2751 1104 2779 coronis
1115 2746 1166 2778 effe
1176 2747 1365 2789 gratissimum.
1388 2747 1513 2775 Proxima
1524 2756 1588 2775 vero
1599 2745 1663 2774 calci
1674 2755 1715 2773 res

167 2792 277 2831 gypsum
288 2792 317 2820 fit
329 2804 360 2820 ex
371 2795 452 2822 costo
462 2794 554 2832 lapide.
568 2798 590 2822 ἃ
604 2791 705 2821 foditur
715 2791 729 2820 e
741 2785 826 2825 terrJ,
845 2793 909 2820 utin
922 2794 1026 2831 Cypro.
1049 2794 1146 2819 Praeter
1157 2792 1182 2818 id
1194 2791 1265 2829 quod
1275 2789 1382 2817 densum
1396 2790 1430 2816 est
1443 2808 1449 2820 ,
1469 2788 1523 2816 vidi
1533 2788 1594 2816 duas
1605 2786 1713 2825 species,

168 2841 220 2859 non
239 2832 367 2862 absimiles
379 2834 549 2866 alabastritae3
568 2833 718 2870 Scagliolam
739 2833 797 2860 Itali
809 2854 815 2864 ,
834 2833 904 2871 quasi
922 2833 1011 2860 dicant
1028 2831 1207 2871 squamcolam
1219 2852 1225 2862 ,
1243 2839 1382 2867 utramque
1401 2838 1500 2857 vocant
1513 2849 1519 2861 ,
1535 2828 1608 2867 quod
1628 2826 1712 2854 veluti

167 2870 275 2908 squamis
286 2875 415 2905 constent,
425 2874 467 2903 sed
477 2886 526 2902 una
539 2874 776 2909 iiiajoribus‚alter.1
789 2873 1011 2901 minoribus.Hac
1022 2883 1076 2900 non
1091 2872 1135 2898 nisi
1147 2872 1178 2898 ad
1189 2870 1303 2910 gypsum
1314 2879 1434 2901 utuntur,
1447 2869 1520 2897 illam
1532 2869 1612 2897 etiam
1622 2867 1711 2896 secant

170 2912 296 2941 incrustas
304 2915 336 2942 ad
348 2917 460 2943 testona
471 2920 495 2944 δε
507 2915 677 2943 obducendas
689 2916 748 2942 vitri
758 2915 821 2942 loco
831 2911 962 2944 fenestras,
974 2914 1046 2952 quod
1056 2912 1185 2951 pellucida
1196 2911 1308 2943 [munde
1319 2915 1343 2940 ὅ(
1355 2910 1491 2949 specularis
1502 2909 1592 2948 lapidis
1604 2909 1713 2936 nornine

168 2951 300 2982 intellefia
310 2959 334 2982 δε
346 2955 378 2983 ab
387 2956 521 2995 aliquibus
534 2958 558 2984 in
570 2955 728 2984 aluminibus
738 2954 987 2993 habitaixlultiplici
999 2955 1023 2981 in
1037 2953 1179 2981 Germania
1189 2952 1317 2990 reperitur
1329 2952 1426 2980 coloris
1437 2947 1641 2979 differentiaAEst
1651 2958 1715 2975 can-

169 2991 297 3026 didum‚ifi
307 2996 417 3025 candido
426 2998 712 3030 cinereuni‚cinereuni
723 2996 804 3037 nigris
815 2995 926 3025 maculis
938 2994 1288 3028 interstinc‘tum‚c1ncreum
1300 2988 1564 3027 tantum‚subruffum
1575 2994 1598 3019 &
1610 2988 1701 3065 Ξίιτὲὁε.

1595 3040 1611 3057 n
1663 3036 1715 3056 em-
