2023 3162
262 96 335 135 243
828 80 1346 115 EPITOME

473 155 491 215 ς
508 148 641 183 Aeliana
653 171 662 187 ‚
687 159 757 194 quae
768 147 854 192 capit
865 145 1048 179 medimnos
1061 146 1192 180 Atticos
1203 156 1261 189 45.

255 200 380 236 Rrsicae
395 198 463 234 sunt
509 198 651 234 Artaba,
677 199 745 244 'quae
758 196 840 242 capit
854 195 1052 229 medimnum
1064 208 1160 228 unum
1173 196 1341 233 Atticum,
1363 197 1394 228 &
1409 202 1469 227 tres
1483 193 1645 229 choenicas
1659 196 1795 230 Atticas.

473 225 672 293 [Capithai
693 258 761 292 quat
773 245 858 291 capit
868 244 946 277 duas
959 244 1122 278 clieenicas
1133 245 1270 278 Atticas.

484 297 628 331 Maxima
639 307 735 342 capax
748 294 920 332 medimni‚
945 297 975 328 δέ
988 293 1083 326 trium
1095 293 1278 327 choenicum
1290 293 1473 328 Atticarum
1483 314 1493 329 ,
1517 304 1586 339 quae
1596 291 1640 326 est
1652 294 1779 328 Persica.

486 345 591 381 Media
602 357 698 390 capax
713 342 868 377 medimni
881 343 1005 386 Attici,
1025 355 1092 390 quae
1104 341 1149 376 est
1160 342 1287 376 Medica
1297 365 1306 381 ,
1334 342 1351 376 31
1364 342 1472 376 Medis
1486 341 1582 375 Persis
1592 341 1735 378 finitimis
1745 370 1753 382 ‚
1775 350 1806 382 &
1819 344 1852 379 in

534 393 646 427 eodem
658 405 767 440 regno.

487 442 622 477 Minima
634 468 643 480 ,
663 455 760 489 capax
774 441 914 490 quinque
926 441 1110 476 modiorum
1123 468 1132 481 ‚
1152 454 1217 476 uno
1230 439 1347 476 scilicet
1358 440 1469 475 modio
1482 440 1588 474 minor
1601 452 1697 487 quam
1708 441 1847 487 Medica,

535 496 566 527 ὅ(
580 490 623 525 cst
635 492 789 540 AEgyptia.

539 541 662 575 Artaba
674 567 682 579 ‚
706 542 744 575 de
756 554 818 589 qua
828 541 904 576 dixi.

542 590 745 637 Aporrliyma
759 617 765 627 ‚
779 591 866 638 quod
878 590 960 638 capit
970 588 1120 625 sextarios
1132 589 1280 624 undecim
1314 588 1445 623 dimidia
1455 588 1537 623 saitae
1553 599 1623 636 pars
1639 600 1646 620 :
1666 586 1755 622 saites
1765 588 1849 623 enim

263 641 415 688 AEgyptiae
429 638 495 673 sunt
588 638 794 674 sextariorum
805 640 850 674 est
863 652 912 673 22.

542 689 675 736 Oephin
685 701 781 735 capax
795 700 931 737 quatuor
941 689 1126 725 choenicum
1137 713 1146 729 ‚
1173 689 1234 724 sive
1245 687 1449 722 sextariorum
1464 690 1496 721 S.

542 739 646 772 lnium
658 738 701 773 cst
711 737 872 775 sextarius,

486 790 623 823 Metreta
633 785 839 822 sextariorum
851 800 861 820 1
872 800 925 822 20.

485 838 674 872 Collathum
685 860 695 875 ‚
718 835 920 872 sextariorum
935 848 982 884 25.
996 839 1100 874 media
1109 836 1201 871 bathi
1213 849 1294 885 pars.

487 886 617 920 Sabitha
627 910 636 925 ‚
656 885 862 921 sextariorum
885 899 939 920 22.

487 935 631 970 Choenix
646 934 768 970 fortaffe
779 934 982 970 sextariorum
1003 946 1035 979 4.

856 989 873 1030 J
893 985 1106 1032 Liquidarum
1120 997 1234 1019 rerum.

830 1035 839 1047 ’
850 1030 881 1078 Χ
894 1034 1065 1068 Aridarum
1077 1047 1193 1068 rerum.

520 1083 605 1118 Batli
616 1110 624 1121 ‚
644 1083 707 1119 {ive
718 1083 838 1118 Bathus
849 1109 858 1122 ‚
871 1084 904 1119 id
916 1082 960 1118 est
972 1106 982 1122 ,
993 1084 1148 1131 amphora
1160 1081 1283 1118 Attica.
1302 1081 1386 1129 capit
1396 1081 1480 1115 enim
1495 1078 1544 1116 sex
1557 1081 1648 1115 hinas
1659 1103 1668 1120 ‚
1682 1080 1743 1116 five
1755 1078 1857 1115 sexta-

262 1131 477 1180 Liquidorum
570 1133 635 1167 rios
656 1145 711 1178 72.

285 1180 354 1216 sunt
523 1181 612 1221 Hin,
634 1183 666 1216 id
677 1182 740 1222 est,
760 1182 825 1217 duo
838 1182 978 1231 Congii.
1002 1182 1083 1230 capit
1095 1182 1179 1215 enim
1190 1181 1284 1229 logos
1304 1191 1351 1213 12.
1371 1180 1403 1214 id
1415 1179 1477 1218 est,
1500 1178 1651 1214 sextarios
1666 1191 1716 1216 12.

486 1194 597 1279 lLog
612 1257 619 1269 ‚
640 1232 672 1266 id
684 1231 727 1266 est
739 1255 748 1271 ,
767 1230 931 1266 sextarius.

482 1282 627 1319 Consum
641 1282 851 1328 CoruS‚capit
861 1282 970 1315 decem
983 1280 1164 1314 medimnos
1177 1279 1314 1313 Atticos.
1331 1283 1501 1314 vocatur&
1514 1280 1546 1313 in
1558 1277 1727 1325 Prophetis
1735 1277 1859 1312 homer.

263 1306 481 1453 AridorumB

263 368 386 405 Artaba
399 366 441 401 est

287 419 397 466 triplex

263 867 356 914 Syria:
368 864 436 900 sunt

264 1004 433 1040 Hebra'icae
445 1002 594 1042 mensura:
606 1005 675 1040 sunt
687 1007 826 1053 duplices

484 1330 619 1367 Lethec,
633 1330 695 1364 sive
708 1331 829 1364 letheca
840 1331 933 1377 capit.
952 1341 980 1375 5.
993 1330 1178 1364 medimnos
1189 1329 1331 1362 Atticos.

487 1380 585 1427 Epha.
601 1380 685 1427 capit
696 1379 896 1413 medimnum
909 1379 1070 1413 Atticum.

288 1446 358 1482 sunt
485 1434 558 1467 Sat,
584 1428 645 1465 five
656 1427 755 1462 satum
768 1453 776 1462 .
796 1429 883 1476 capit
894 1439 1031 1476 quatuor
1040 1429 1136 1462 choas
1148 1428 1278 1463 Atticos
1294 1449 1304 1465 ‚
1321 1426 1382 1461 five
1392 1427 1538 1474 congios.

487 1480 593 1514 Omer
608 1502 619 1517 ‚
641 1478 726 1525 capit
738 1489 770 1522 7.
784 1477 936 1512 sextarios
948 1478 1096 1517 Atticos,
1118 1482 1150 1513 δε
1170 1478 1319 1526 quintam
1330 1488 1463 1525 partem.
1490 1479 1611 1523 lnterp.
1630 1487 1650 1508 L
1662 1487 1684 1509 x
1695 1486 1734 1509 x.
1751 1486 1865 1523 gomer

533 1527 669 1562 reddunt
682 1554 689 1565 ‚
703 1527 853 1575 Iosephus
863 1526 1050 1561 assaronem.
1130 1559 1137 1563 ,
1279 1545 1282 1549 ’

489 1576 560 1612 Cab
572 1599 582 1616 ,
602 1576 663 1611 five
674 1576 770 1611 cabus
782 1602 789 1608 .
811 1577 895 1624 capit
913 1587 950 1622 4.
970 1574 1131 1611 sextarios.

401 1665 588 1711 cArabum
596 1667 664 1721 ftu
683 1675 914 1710 maurorum
932 1667 1096 1721 mensitrae
1113 1667 1232 1707 verbi,-
1250 1667 1407 1724 expreffie
1418 1667 1547 1722 partim
1565 1662 1736 1707 barbam,

913 1724 1215 1769 partiquepravaris.

976 1798 1151 1837 Liquidorum.

273 1851 407 1885 Dorach
420 1852 566 1887 Italicum
578 1878 586 1890 ‚
608 1851 697 1887 idest
708 1853 863 1900 ampliora
874 1877 884 1892 ‚
908 1855 993 1903 capit
1007 1856 1140 1903 congios
1155 1856 1187 1889 8.

273 1900 397 1938 lohein,
409 1901 440 1935 id
454 1900 498 1934 est
508 1902 653 1947 congius,
665 1902 747 1948 capit
758 1904 908 1938 sextarios
920 1908 952 1938 6.
963 1904 1049 1948 cujus
1059 1905 1226 1939 dimidiam
1237 1914 1359 1951 partem
1370 1901 1476 1938 Graeci
1488 1904 1592 1941 νῖμῖκεν-
1611 1897 1737 1933 A1'2b35
1749 1905 1862 1931 neutro

315 1961 428 1995 genere
441 1948 631 1986 missicliaus,
643 1951 688 1983 uti
698 1951 780 1996 apud
795 1954 1007 1998 Serapionem.

270 1996 351 2034 Kist,
364 1997 571 2044 depravatum
583 1996 599 2029 a
611 2002 687 2038 ξὲφγς,
698 1999 870 2032 Avicennae
881 1999 968 2034 acsac
979 2005 1011 2034 &
1022 1999 1108 2038 evib,
1122 2001 1284 2047 Serapioni
1294 1999 1386 2036 aben,
1401 1998 1515 2033 Latine
1526 1995 1673 2032 sextarius
1683 2020 1692 2036 ,
1710 1996 1794 2044 capit
1807 1995 1863 2030 he-

312 2046 413 2079 minas
425 2046 511 2081 duas.
529 2058 586 2093 pro
598 2058 665 2092 quo
677 2046 757 2079 male
768 2047 942 2093 Stephanus
955 2048 1031 2082 Hali
1040 2048 1191 2095 interpres
1203 2050 1294 2083 vertit
1302 2048 1431 2083 cadum.

274 2092 424 2130 Corboni
435 2117 445 2133 ,
464 2095 525 2129 hoc
535 2093 581 2129 est
593 2094 731 2133 hemina,
743 2096 917 2130 Halimena
927 2120 937 2135 ‚
955 2096 1072 2132 Rhazae
1084 2098 1196 2145 pliyala
1207 2120 1217 2136 ‚
1237 2100 1410 2134 Avicenna:
1421 2097 1539 2141 cotyla,
1551 2096 1635 2143 capit
1646 2094 1821 2144 quartarios
1833 2105 1863 2127 2.

275 2145 401 2179 Ceiliati
410 2171 418 2183 ,
437 2144 470 2178 id
482 2143 526 2178 est
536 2144 710 2192 quartarius
721 2166 731 2182 ‚
751 2145 868 2179 Rhazae
879 2147 959 2180 calix
972 2170 982 2184 ‚
1002 2147 1174 2181 Avicennae
1186 2148 1291 2182 media
1302 2147 1417 2192 cotyla,
1430 2147 1513 2193 capit
1524 2145 1689 2179 acetabula
1704 2157 1733 2177 2·

274 2191 393 2233 Kasfuf,
407 2193 579 2228 Avicennae
591 2191 755 2231 anecsune‚
773 2194 909 2229 Andreae
922 2193 973 2230 As
969 2207 1053 2242 pago
1063 2194 1233 2236 hacsunes1‚
1244 2197 1407 2244 interpreti
1419 2194 1596 2242 Serapionis
1605 2193 1714 2229 acsaffe
1725 2219 1734 2232 ‚
1748 2191 1864 2227 Latine

318 2242 518 2277 acetabulum
529 2265 540 2281 ‚
562 2242 643 2289 capit
653 2239 917 2290 sesquicyathum.

275 2291 440 2326 Cuathum
450 2314 460 2330 ‚
472 2294 675 2339 depravatum
687 2291 703 2325 a
715 2293 846 2337 cyathus
857 2316 866 2332 ,
888 2294 972 2341 capit
983 2293 1158 2329 cochlearia
1168 2305 1204 2340 4.
1228 2294 1321 2330 Idem
1331 2293 1514 2329 alcuathum
1525 2293 1639 2329 dicitur
1649 2292 1768 2328 Rhazae
1779 2312 1790 2331 ,
1807 2290 1866 2325 ad-

323 2341 394 2375 dito
403 2341 548 2377 articulo.
564 2340 725 2387 interpreti
736 2343 910 2377 Avicenna:
920 2343 1030 2377 briala.

277 2389 434 2436 Falgerin,
447 2389 610 2436 serapioni
619 2388 742 2424 fahaliel
754 2416 763 2429 ‚
783 2396 815 2427 δε
828 2392 1037 2427 coclanarium
1048 2415 1059 2432 ‚
1079 2393 1192 2428 Latine
1201 2393 1364 2429 cochleare
1373 2415 1383 2433 ‚
1405 2393 1520 2428 libram
1540 2389 1749 2426 mensuralem
1767 2388 1866 2439 capit.

321 2439 439 2473 Rhazae
449 2440 601 2486 interpres
611 2440 704 2473 vertit
714 2441 864 2475 rotulum.

995 2498 1019 2558 ς
1033 2492 1138 2538 Majus
1148 2505 1245 2541 capax
1259 2492 1357 2527 tertiae
1369 2492 1466 2540 partis
1477 2490 1623 2526 heminae.

276 2538 412 2573 Addunt
431 2541 464 2573 &
475 2550 512 2572 ex
525 2536 623 2572 Paulo
631 2537 774 2585 AEgineta
791 2541 906 2587 mystra
916 2540 981 2577 duo

1000 2568 1142 2629 {Minus
1153 2595 1250 2631 capax
1262 2581 1385 2617 dimidii
1400 2580 1516 2627 cyathi.

279 2637 434 2683 Mystrum
447 2649 553 2673 autem
565 2640 713 2687 Serapion
725 2652 818 2676 vocat
829 2643 1002 2678 mustarum
1012 2665 1022 2682 ‚
1042 2644 1212 2680 Avicenna
1222 2655 1316 2683 vero,
1336 2642 1400 2679 five
1410 2639 1513 2679 Alscir
1522 2666 1532 2681 ,
1552 2638 1734 2676 mestarum.

773 2692 853 2727 Kist.

733 2693 937 2834 §Coi-boni.

462 2810 641 2849 Aridorum
651 2811 720 2848 sunt
737 2834 739 2836 -
776 2792 917 2825 C⁰¹¹¹³²th

774 2837 893 2875 Casfuf.
1002 2816 1047 2852 “ti
1058 2816 1140 2865 apud
1149 2817 1330 2853 Romanos·

730 2842 989 2992 {Ctiathmng

773 2939 928 2986 Falgerin.
