<?xml version="1.0" encoding="UTF-8"?>
<!DOCTYPE html PUBLIC "-//W3C//DTD XHTML 1.0 Transitional//EN"
    "http://www.w3.org/TR/xhtml1/DTD/xhtml1-transitional.dtd">
<html xmlns="http://www.w3.org/1999/xhtml" xml:lang="en" lang="en">
 <head>
  <title>
</title>
<meta http-equiv="Content-Type" content="text/html;charset=utf-8" />
  <meta name='ocr-system' content='tesseract 3.04.00' />
  <meta name='ocr-capabilities' content='ocr_page ocr_carea ocr_par ocr_line ocrx_word'/>
</head>
<body>
  <div class='ocr_page' id='page_1' title='image "./vitruviipollioni00vitr_0569.png"; bbox 0 0 2023 3162; ppageno 0'>
   <div class='ocr_carea' id='block_1_1' title="bbox 439 50 1764 101">
    <p class='ocr_par' dir='ltr' id='par_1_1' title="bbox 439 50 1764 101">
     <span class='ocr_line' id='line_1_1' title="bbox 439 50 1764 101; baseline -0.002 -8"><span class='ocrx_word' id='word_1_1' title='bbox 439 56 954 94; x_wconf 73' lang='lat' dir='ltr'>COMMENTARIVS</span> <span class='ocrx_word' id='word_1_2' title='bbox 1004 60 1073 89; x_wconf 78' lang='lat' dir='ltr'>DE</span> <span class='ocrx_word' id='word_1_3' title='bbox 1118 50 1489 94; x_wconf 79' lang='lat' dir='ltr'>SCALPTVRA.</span> <span class='ocrx_word' id='word_1_4' title='bbox 1723 68 1764 101; x_wconf 75' lang='lat'>55</span> 
     </span>
    </p>
   </div>
   <div class='ocr_carea' id='block_1_2' title="bbox 506 179 1417 216">
    <p class='ocr_par' dir='ltr' id='par_1_2' title="bbox 506 179 1417 216">
     <span class='ocr_line' id='line_1_2' title="bbox 506 179 1417 216; baseline -0.002 0"><span class='ocrx_word' id='word_1_5' title='bbox 506 183 581 216; x_wconf 86' lang='lat' dir='ltr'>DE</span> <span class='ocrx_word' id='word_1_6' title='bbox 630 179 1001 214; x_wconf 81' lang='lat' dir='ltr'><em>GEMMARVM</em></span> <span class='ocrx_word' id='word_1_7' title='bbox 1043 180 1417 216; x_wconf 76' lang='lat' dir='ltr'><em>SCALPTVRA.</em></span> 
     </span>
    </p>
   </div>
   <div class='ocr_carea' id='block_1_3' title="bbox 143 281 1761 1399">
    <p class='ocr_par' dir='ltr' id='par_1_3' title="bbox 143 281 1761 1399">
     <span class='ocr_line' id='line_1_3' title="bbox 156 281 1761 366; baseline 0.002 -44"><span class='ocrx_word' id='word_1_8' title='bbox 156 283 388 366; x_wconf 81' lang='lat' dir='ltr'>GEmmis</span> <span class='ocrx_word' id='word_1_9' title='bbox 399 285 584 333; x_wconf 77' lang='lat' dir='ltr'>imagines</span> <span class='ocrx_word' id='word_1_10' title='bbox 606 283 781 321; x_wconf 81' lang='lat' dir='ltr'>caelantur</span> <span class='ocrx_word' id='word_1_11' title='bbox 794 311 804 327; x_wconf 89' lang='lat'>‚</span> <span class='ocrx_word' id='word_1_12' title='bbox 824 292 886 320; x_wconf 93' lang='lat' dir='ltr'>aut</span> <span class='ocrx_word' id='word_1_13' title='bbox 895 281 1114 332; x_wconf 89' lang='lat' dir='ltr'>scalpuntur.</span> <span class='ocrx_word' id='word_1_14' title='bbox 1145 283 1292 321; x_wconf 84' lang='lat' dir='ltr'>Caelatae</span> <span class='ocrx_word' id='word_1_15' title='bbox 1302 283 1492 324; x_wconf 80' lang='lat' dir='ltr'>dicuntur,</span> <span class='ocrx_word' id='word_1_16' title='bbox 1519 283 1544 321; x_wconf 85' lang='lat' dir='ltr'>fi</span> <span class='ocrx_word' id='word_1_17' title='bbox 1558 282 1577 321; x_wconf 83' lang='grc' dir='ltr'>ὲ</span> <span class='ocrx_word' id='word_1_18' title='bbox 1589 288 1699 336; x_wconf 90' lang='lat' dir='ltr'>plana</span> <span class='ocrx_word' id='word_1_19' title='bbox 1709 288 1761 326; x_wconf 86' lang='lat' dir='ltr'>su-</span> 
     </span>
     <span class='ocr_line' id='line_1_4' title="bbox 247 338 1760 391; baseline 0.003 -14"><span class='ocrx_word' id='word_1_20' title='bbox 247 340 394 391; x_wconf 83' lang='lat' dir='ltr'>perficie</span> <span class='ocrx_word' id='word_1_21' title='bbox 407 351 503 390; x_wconf 90' lang='lat' dir='ltr'>opus</span> <span class='ocrx_word' id='word_1_22' title='bbox 515 341 694 377; x_wconf 81' lang='lat' dir='ltr'>emineat.</span> <span class='ocrx_word' id='word_1_23' title='bbox 724 340 871 389; x_wconf 72' lang='lat' dir='ltr'>scalptae</span> <span class='ocrx_word' id='word_1_24' title='bbox 885 348 1020 376; x_wconf 89' lang='lat' dir='ltr'>contra</span> <span class='ocrx_word' id='word_1_25' title='bbox 1031 338 1056 375; x_wconf 84' lang='lat' dir='ltr'>si</span> <span class='ocrx_word' id='word_1_26' title='bbox 1071 350 1167 388; x_wconf 89' lang='lat' dir='ltr'>opus</span> <span class='ocrx_word' id='word_1_27' title='bbox 1181 339 1350 388; x_wconf 80' lang='lat' dir='ltr'>refugiat.</span> <span class='ocrx_word' id='word_1_28' title='bbox 1374 341 1480 386; x_wconf 88' lang='lat' dir='ltr'>cujus</span> <span class='ocrx_word' id='word_1_29' title='bbox 1490 351 1618 379; x_wconf 86' lang='lat' dir='ltr'>tamen</span> <span class='ocrx_word' id='word_1_30' title='bbox 1635 342 1760 382; x_wconf 90' lang='lat' dir='ltr'>forma</span> 
     </span>
     <span class='ocr_line' id='line_1_5' title="bbox 152 394 1757 447; baseline 0.004 -16"><span class='ocrx_word' id='word_1_31' title='bbox 152 398 274 447; x_wconf 83' lang='lat' dir='ltr'>excipi</span> <span class='ocrx_word' id='word_1_32' title='bbox 294 395 405 447; x_wconf 79' lang='lat' dir='ltr'>possit</span> <span class='ocrx_word' id='word_1_33' title='bbox 425 407 530 434; x_wconf 81' lang='lat' dir='ltr'>cera,</span> <span class='ocrx_word' id='word_1_34' title='bbox 553 396 692 433; x_wconf 82' lang='lat' dir='ltr'>velalia</span> <span class='ocrx_word' id='word_1_35' title='bbox 712 394 811 432; x_wconf 89' lang='lat' dir='ltr'>facili</span> <span class='ocrx_word' id='word_1_36' title='bbox 830 397 995 433; x_wconf 89' lang='lat' dir='ltr'>materia.</span> <span class='ocrx_word' id='word_1_37' title='bbox 1028 394 1210 444; x_wconf 86' lang='lat' dir='ltr'>Utroque</span> <span class='ocrx_word' id='word_1_38' title='bbox 1228 407 1363 445; x_wconf 82' lang='lat' dir='ltr'>genere</span> <span class='ocrx_word' id='word_1_39' title='bbox 1376 406 1517 435; x_wconf 86' lang='lat' dir='ltr'>veteres</span> <span class='ocrx_word' id='word_1_40' title='bbox 1541 399 1757 445; x_wconf 70' lang='lat' dir='ltr'>inclaruisse,</span> 
     </span>
     <span class='ocr_line' id='line_1_6' title="bbox 151 450 1758 502; baseline 0.004 -14"><span class='ocrx_word' id='word_1_41' title='bbox 151 453 212 488; x_wconf 86' lang='lat' dir='ltr'>vel</span> <span class='ocrx_word' id='word_1_42' title='bbox 225 465 308 501; x_wconf 82' lang='lat' dir='ltr'>quae</span> <span class='ocrx_word' id='word_1_43' title='bbox 331 451 454 489; x_wconf 83' lang='lat' dir='ltr'>adhuc</span> <span class='ocrx_word' id='word_1_44' title='bbox 466 451 650 502; x_wconf 79' lang='lat' dir='ltr'>supersunt</span> <span class='ocrx_word' id='word_1_45' title='bbox 667 463 802 488; x_wconf 91' lang='lat' dir='ltr'>eorum</span> <span class='ocrx_word' id='word_1_46' title='bbox 815 463 928 501; x_wconf 89' lang='lat' dir='ltr'>opera</span> <span class='ocrx_word' id='word_1_47' title='bbox 943 450 1128 488; x_wconf 86' lang='lat' dir='ltr'>testantur.</span> <span class='ocrx_word' id='word_1_48' title='bbox 1158 453 1212 490; x_wconf 89' lang='lat' dir='ltr'>Ex</span> <span class='ocrx_word' id='word_1_49' title='bbox 1232 455 1393 501; x_wconf 88' lang='lat' dir='ltr'>gemmis</span> <span class='ocrx_word' id='word_1_50' title='bbox 1420 453 1569 490; x_wconf 84' lang='lat' dir='ltr'>achates</span> <span class='ocrx_word' id='word_1_51' title='bbox 1591 457 1758 494; x_wconf 82' lang='lat' dir='ltr'>maxime</span> 
     </span>
     <span class='ocr_line' id='line_1_7' title="bbox 152 506 1758 559; baseline 0.003 -16"><span class='ocrx_word' id='word_1_52' title='bbox 152 506 295 558; x_wconf 81' lang='lat' dir='ltr'>semper</span> <span class='ocrx_word' id='word_1_53' title='bbox 305 519 493 559; x_wconf 88' lang='lat' dir='ltr'>oportuna</span> <span class='ocrx_word' id='word_1_54' title='bbox 505 507 576 544; x_wconf 82' lang='lat' dir='ltr'>visa</span> <span class='ocrx_word' id='word_1_55' title='bbox 589 507 639 544; x_wconf 88' lang='lat' dir='ltr'>est</span> <span class='ocrx_word' id='word_1_56' title='bbox 650 508 827 545; x_wconf 79' lang='lat' dir='ltr'>caelaturae</span> <span class='ocrx_word' id='word_1_57' title='bbox 839 532 847 546; x_wconf 87' lang='lat'>‚</span> <span class='ocrx_word' id='word_1_58' title='bbox 871 517 1025 559; x_wconf 89' lang='lat' dir='ltr'>propter</span> <span class='ocrx_word' id='word_1_59' title='bbox 1037 508 1215 545; x_wconf 86' lang='lat' dir='ltr'>colorum</span> <span class='ocrx_word' id='word_1_60' title='bbox 1227 509 1442 548; x_wconf 87' lang='lat' dir='ltr'>varietatem</span> <span class='ocrx_word' id='word_1_61' title='bbox 1453 534 1463 547; x_wconf 79' lang='lat'>,</span> <span class='ocrx_word' id='word_1_62' title='bbox 1489 511 1552 559; x_wconf 87' lang='lat' dir='ltr'>qui</span> <span class='ocrx_word' id='word_1_63' title='bbox 1564 520 1640 548; x_wconf 85' lang='lat' dir='ltr'>arte</span> <span class='ocrx_word' id='word_1_64' title='bbox 1652 522 1758 549; x_wconf 88' lang='lat' dir='ltr'>natu-</span> 
     </span>
     <span class='ocr_line' id='line_1_8' title="bbox 151 561 1758 616; baseline 0.004 -17"><span class='ocrx_word' id='word_1_65' title='bbox 151 575 233 600; x_wconf 87' lang='lat' dir='ltr'>ram</span> <span class='ocrx_word' id='word_1_66' title='bbox 244 563 474 601; x_wconf 85' lang='lat' dir='ltr'>informante</span> <span class='ocrx_word' id='word_1_67' title='bbox 486 566 678 601; x_wconf 84' lang='lat' dir='ltr'>incurrunt</span> <span class='ocrx_word' id='word_1_68' title='bbox 696 561 874 614; x_wconf 86' lang='lat' dir='ltr'>plerisque</span> <span class='ocrx_word' id='word_1_69' title='bbox 885 564 981 600; x_wconf 91' lang='lat' dir='ltr'>locis</span> <span class='ocrx_word' id='word_1_70' title='bbox 992 573 1070 601; x_wconf 90' lang='lat' dir='ltr'>tam</span> <span class='ocrx_word' id='word_1_71' title='bbox 1084 563 1253 615; x_wconf 84' lang='lat' dir='ltr'>apposite</span> <span class='ocrx_word' id='word_1_72' title='bbox 1265 576 1344 614; x_wconf 90' lang='lat' dir='ltr'>quo</span> <span class='ocrx_word' id='word_1_73' title='bbox 1357 564 1468 603; x_wconf 86' lang='lat' dir='ltr'>trahit</span> <span class='ocrx_word' id='word_1_74' title='bbox 1481 577 1548 603; x_wconf 89' lang='lat' dir='ltr'>cos</span> <span class='ocrx_word' id='word_1_75' title='bbox 1560 568 1758 616; x_wconf 82' lang='lat' dir='ltr'>ingenium</span> 
     </span>
     <span class='ocr_line' id='line_1_9' title="bbox 150 617 1758 671; baseline 0.003 -15"><span class='ocrx_word' id='word_1_76' title='bbox 150 618 313 658; x_wconf 87' lang='lat' dir='ltr'>artificis,</span> <span class='ocrx_word' id='word_1_77' title='bbox 329 630 369 657; x_wconf 87' lang='lat' dir='ltr'>ut</span> <span class='ocrx_word' id='word_1_78' title='bbox 381 617 476 656; x_wconf 86' lang='lat' dir='ltr'>asciti</span> <span class='ocrx_word' id='word_1_79' title='bbox 487 621 610 671; x_wconf 85' lang='lat' dir='ltr'>potius</span> <span class='ocrx_word' id='word_1_80' title='bbox 622 631 737 669; x_wconf 88' lang='lat' dir='ltr'>quam</span> <span class='ocrx_word' id='word_1_81' title='bbox 752 620 1088 664; x_wconf 85' lang='lat' dir='ltr'>innativideantur‚</span> <span class='ocrx_word' id='word_1_82' title='bbox 1104 629 1233 658; x_wconf 85' lang='lat' dir='ltr'>natura</span> <span class='ocrx_word' id='word_1_83' title='bbox 1253 623 1366 658; x_wconf 83' lang='lat' dir='ltr'>ctiam</span> <span class='ocrx_word' id='word_1_84' title='bbox 1379 617 1496 671; x_wconf 85' lang='lat' dir='ltr'>ipsain</span> <span class='ocrx_word' id='word_1_85' title='bbox 1509 622 1563 659; x_wconf 87' lang='lat' dir='ltr'>his</span> <span class='ocrx_word' id='word_1_86' title='bbox 1577 625 1758 661; x_wconf 89' lang='lat' dir='ltr'>colorum</span> 
     </span>
     <span class='ocr_line' id='line_1_10' title="bbox 149 674 1755 726; baseline 0.004 -16"><span class='ocrx_word' id='word_1_87' title='bbox 149 676 385 713; x_wconf 84' lang='lat' dir='ltr'>varietatibus</span> <span class='ocrx_word' id='word_1_88' title='bbox 405 674 680 713; x_wconf 82' lang='lat' dir='ltr'>disseminandis</span> <span class='ocrx_word' id='word_1_89' title='bbox 699 676 749 711; x_wconf 87' lang='lat' dir='ltr'>ita</span> <span class='ocrx_word' id='word_1_90' title='bbox 770 674 956 712; x_wconf 90' lang='lat' dir='ltr'>interdum</span> <span class='ocrx_word' id='word_1_91' title='bbox 975 674 1146 721; x_wconf 86' lang='lat' dir='ltr'>ludente,</span> <span class='ocrx_word' id='word_1_92' title='bbox 1166 688 1206 714; x_wconf 87' lang='lat' dir='ltr'>ut</span> <span class='ocrx_word' id='word_1_93' title='bbox 1225 676 1410 726; x_wconf 60' lang='lat' dir='ltr'>picturam</span> <span class='ocrx_word' id='word_1_94' title='bbox 1423 676 1579 715; x_wconf 76' lang='lat' dir='ltr'>vicissim</span> <span class='ocrx_word' id='word_1_95' title='bbox 1591 680 1755 719; x_wconf 86' lang='lat' dir='ltr'>aemulari</span> 
     </span>
     <span class='ocr_line' id='line_1_11' title="bbox 148 730 1756 783; baseline 0.002 -15"><span class='ocrx_word' id='word_1_96' title='bbox 148 730 332 769; x_wconf 85' lang='lat' dir='ltr'>videatur.</span> <span class='ocrx_word' id='word_1_97' title='bbox 351 732 439 768; x_wconf 86' lang='lat' dir='ltr'>utin</span> <span class='ocrx_word' id='word_1_98' title='bbox 450 743 604 780; x_wconf 87' lang='lat' dir='ltr'>gemma</span> <span class='ocrx_word' id='word_1_99' title='bbox 615 733 676 768; x_wconf 80' lang='lat' dir='ltr'>illa</span> <span class='ocrx_word' id='word_1_100' title='bbox 688 730 834 778; x_wconf 75' lang='lat' dir='ltr'>Pyrrhi,</span> <span class='ocrx_word' id='word_1_101' title='bbox 846 731 884 767; x_wconf 91' lang='lat' dir='ltr'>in</span> <span class='ocrx_word' id='word_1_102' title='bbox 897 742 974 779; x_wconf 90' lang='lat' dir='ltr'>qua</span> <span class='ocrx_word' id='word_1_103' title='bbox 984 742 1124 768; x_wconf 87' lang='lat' dir='ltr'>novem</span> <span class='ocrx_word' id='word_1_104' title='bbox 1142 732 1259 770; x_wconf 85' lang='lat' dir='ltr'>Musa:</span> <span class='ocrx_word' id='word_1_105' title='bbox 1273 762 1282 777; x_wconf 87' lang='lat'>‚</span> <span class='ocrx_word' id='word_1_106' title='bbox 1298 734 1335 771; x_wconf 65' lang='grc' dir='ltr'>δε</span> <span class='ocrx_word' id='word_1_107' title='bbox 1349 734 1497 783; x_wconf 89' lang='lat' dir='ltr'>Apollo</span> <span class='ocrx_word' id='word_1_108' title='bbox 1509 735 1691 772; x_wconf 82' lang='lat' dir='ltr'>citharam</span> <span class='ocrx_word' id='word_1_109' title='bbox 1703 746 1756 773; x_wconf 90' lang='lat' dir='ltr'>re-</span> 
     </span>
     <span class='ocr_line' id='line_1_12' title="bbox 147 784 1758 841; baseline 0.004 -18"><span class='ocrx_word' id='word_1_110' title='bbox 147 798 252 826; x_wconf 72' lang='lat' dir='ltr'>nem,</span> <span class='ocrx_word' id='word_1_111' title='bbox 264 786 587 837; x_wconf 66' lang='lat' dir='ltr'>spestabarunnon</span> <span class='ocrx_word' id='word_1_112' title='bbox 597 786 749 828; x_wconf 83' lang='lat' dir='ltr'>arte,sed</span> <span class='ocrx_word' id='word_1_113' title='bbox 762 785 892 835; x_wconf 86' lang='lat' dir='ltr'>sponte</span> <span class='ocrx_word' id='word_1_114' title='bbox 902 787 950 822; x_wconf 89' lang='lat' dir='ltr'>ita</span> <span class='ocrx_word' id='word_1_115' title='bbox 961 784 1248 825; x_wconf 85' lang='lat' dir='ltr'>discurrentibus</span> <span class='ocrx_word' id='word_1_116' title='bbox 1259 789 1586 834; x_wconf 81' lang='lat' dir='ltr'>maculis,utMufis</span> <span class='ocrx_word' id='word_1_117' title='bbox 1598 802 1758 841; x_wconf 84' lang='lat' dir='ltr'>quoque</span> 
     </span>
     <span class='ocr_line' id='line_1_13' title="bbox 147 841 1755 895; baseline 0.002 -15"><span class='ocrx_word' id='word_1_118' title='bbox 147 841 298 892; x_wconf 84' lang='lat' dir='ltr'>singulis</span> <span class='ocrx_word' id='word_1_119' title='bbox 307 843 365 880; x_wconf 87' lang='lat' dir='ltr'>sua</span> <span class='ocrx_word' id='word_1_120' title='bbox 377 842 616 879; x_wconf 87' lang='lat' dir='ltr'>redderentur</span> <span class='ocrx_word' id='word_1_121' title='bbox 626 841 889 891; x_wconf 83' lang='lat' dir='ltr'>infignia.Sunt</span> <span class='ocrx_word' id='word_1_122' title='bbox 900 842 1015 879; x_wconf 90' lang='lat' dir='ltr'>etiam</span> <span class='ocrx_word' id='word_1_123' title='bbox 1025 842 1218 880; x_wconf 88' lang='lat' dir='ltr'>interdum</span> <span class='ocrx_word' id='word_1_124' title='bbox 1229 845 1266 880; x_wconf 92' lang='lat' dir='ltr'>in</span> <span class='ocrx_word' id='word_1_125' title='bbox 1278 844 1407 882; x_wconf 86' lang='lat' dir='ltr'>achate</span> <span class='ocrx_word' id='word_1_126' title='bbox 1420 848 1525 883; x_wconf 77' lang='lat' dir='ltr'>varia:</span> <span class='ocrx_word' id='word_1_127' title='bbox 1538 858 1635 895; x_wconf 71' lang='lat' dir='ltr'>zone</span> <span class='ocrx_word' id='word_1_128' title='bbox 1649 847 1755 885; x_wconf 86' lang='lat' dir='ltr'>trans-</span> 
     </span>
     <span class='ocr_line' id='line_1_14' title="bbox 145 897 1758 948; baseline 0.002 -13"><span class='ocrx_word' id='word_1_129' title='bbox 145 899 201 935; x_wconf 88' lang='lat' dir='ltr'>itu</span> <span class='ocrx_word' id='word_1_130' title='bbox 215 899 392 936; x_wconf 87' lang='lat' dir='ltr'>colorum</span> <span class='ocrx_word' id='word_1_131' title='bbox 405 897 605 936; x_wconf 87' lang='lat' dir='ltr'>mirabiles:</span> <span class='ocrx_word' id='word_1_132' title='bbox 630 910 673 935; x_wconf 88' lang='lat' dir='ltr'>ex</span> <span class='ocrx_word' id='word_1_133' title='bbox 685 898 820 947; x_wconf 87' lang='lat' dir='ltr'>quibus</span> <span class='ocrx_word' id='word_1_134' title='bbox 831 897 908 935; x_wconf 81' lang='lat' dir='ltr'>aliae</span> <span class='ocrx_word' id='word_1_135' title='bbox 920 908 994 946; x_wconf 77' lang='lat' dir='ltr'>atq3</span> <span class='ocrx_word' id='word_1_136' title='bbox 1009 898 1084 934; x_wconf 86' lang='lat' dir='ltr'>aliae</span> <span class='ocrx_word' id='word_1_137' title='bbox 1096 897 1306 948; x_wconf 87' lang='lat' dir='ltr'>superficies</span> <span class='ocrx_word' id='word_1_138' title='bbox 1319 901 1443 948; x_wconf 69' lang='lat' dir='ltr'>caelatc</span> <span class='ocrx_word' id='word_1_139' title='bbox 1456 901 1542 939; x_wconf 89' lang='lat' dir='ltr'>dant</span> <span class='ocrx_word' id='word_1_140' title='bbox 1554 906 1678 941; x_wconf 78' lang='lat' dir='ltr'>varios</span> <span class='ocrx_word' id='word_1_141' title='bbox 1690 915 1758 940; x_wconf 88' lang='lat' dir='ltr'>co-</span> 
     </span>
     <span class='ocr_line' id='line_1_15' title="bbox 145 952 1753 1008; baseline 0.002 -17"><span class='ocrx_word' id='word_1_142' title='bbox 145 955 256 992; x_wconf 86' lang='lat' dir='ltr'>lores.</span> <span class='ocrx_word' id='word_1_143' title='bbox 270 955 439 992; x_wconf 88' lang='lat' dir='ltr'>Gemmis</span> <span class='ocrx_word' id='word_1_144' title='bbox 450 952 610 1005; x_wconf 84' lang='lat' dir='ltr'>scalptis,</span> <span class='ocrx_word' id='word_1_145' title='bbox 625 954 773 992; x_wconf 85' lang='lat' dir='ltr'>annulis</span> <span class='ocrx_word' id='word_1_146' title='bbox 783 953 933 991; x_wconf 79' lang='lat' dir='ltr'>inclusis</span> <span class='ocrx_word' id='word_1_147' title='bbox 945 963 1087 991; x_wconf 85' lang='lat' dir='ltr'>veteres</span> <span class='ocrx_word' id='word_1_148' title='bbox 1101 953 1302 1004; x_wconf 69' lang='lat' dir='ltr'>signabant.</span> <span class='ocrx_word' id='word_1_149' title='bbox 1317 966 1358 992; x_wconf 89' lang='lat' dir='ltr'>ut</span> <span class='ocrx_word' id='word_1_150' title='bbox 1369 956 1560 1006; x_wconf 84' lang='lat' dir='ltr'>Augustus</span> <span class='ocrx_word' id='word_1_151' title='bbox 1574 957 1753 1008; x_wconf 79' lang='lat' dir='ltr'>Sphinge,</span> 
     </span>
     <span class='ocr_line' id='line_1_16' title="bbox 147 1008 1757 1064; baseline 0.002 -17"><span class='ocrx_word' id='word_1_152' title='bbox 147 1009 448 1060; x_wconf 83' lang='lat' dir='ltr'>posteaimagine</span> <span class='ocrx_word' id='word_1_153' title='bbox 469 1010 677 1047; x_wconf 85' lang='lat' dir='ltr'>Alexandri</span> <span class='ocrx_word' id='word_1_154' title='bbox 696 1011 837 1059; x_wconf 81' lang='lat' dir='ltr'>Magni.</span> <span class='ocrx_word' id='word_1_155' title='bbox 867 1008 1023 1059; x_wconf 87' lang='lat' dir='ltr'>Augusti</span> <span class='ocrx_word' id='word_1_156' title='bbox 1041 1021 1133 1047; x_wconf 87' lang='lat' dir='ltr'>vero</span> <span class='ocrx_word' id='word_1_157' title='bbox 1147 1011 1308 1060; x_wconf 73' lang='lat' dir='ltr'>imagine</span> <span class='ocrx_word' id='word_1_158' title='bbox 1321 1013 1504 1064; x_wconf 81' lang='lat' dir='ltr'>principes</span> <span class='ocrx_word' id='word_1_159' title='bbox 1523 1013 1605 1062; x_wconf 85' lang='lat' dir='ltr'>post</span> <span class='ocrx_word' id='word_1_160' title='bbox 1620 1026 1704 1051; x_wconf 89' lang='lat' dir='ltr'>eum</span> <span class='ocrx_word' id='word_1_161' title='bbox 1715 1014 1757 1051; x_wconf 83' lang='lat' dir='ltr'>fi-</span> 
     </span>
     <span class='ocr_line' id='line_1_17' title="bbox 144 1064 1756 1119; baseline 0.002 -16"><span class='ocrx_word' id='word_1_162' title='bbox 144 1076 313 1115; x_wconf 79' lang='lat' dir='ltr'>gnarunt3</span> <span class='ocrx_word' id='word_1_163' title='bbox 322 1067 500 1113; x_wconf 74' lang='lat' dir='ltr'>Mecenas</span> <span class='ocrx_word' id='word_1_164' title='bbox 511 1078 608 1104; x_wconf 86' lang='lat' dir='ltr'>rana.</span> <span class='ocrx_word' id='word_1_165' title='bbox 617 1067 713 1115; x_wconf 84' lang='lat' dir='ltr'>Sylla</span> <span class='ocrx_word' id='word_1_166' title='bbox 722 1064 898 1115; x_wconf 73' lang='lat' dir='ltr'>Iugurthe</span> <span class='ocrx_word' id='word_1_167' title='bbox 910 1064 1326 1117; x_wconf 78' lang='lat' dir='ltr'>traditione‚Pompcjus</span> <span class='ocrx_word' id='word_1_168' title='bbox 1338 1067 1655 1119; x_wconf 85' lang='lat' dir='ltr'>triumphis.Magi</span> <span class='ocrx_word' id='word_1_169' title='bbox 1665 1081 1756 1107; x_wconf 84' lang='lat' dir='ltr'>vero</span> 
     </span>
     <span class='ocr_line' id='line_1_18' title="bbox 144 1121 1755 1173; baseline 0.002 -14"><span class='ocrx_word' id='word_1_170' title='bbox 144 1122 345 1172; x_wconf 82' lang='lat' dir='ltr'>scalpturas</span> <span class='ocrx_word' id='word_1_171' title='bbox 365 1122 540 1171; x_wconf 81' lang='lat' dir='ltr'>quasdam</span> <span class='ocrx_word' id='word_1_172' title='bbox 562 1122 828 1159; x_wconf 85' lang='lat' dir='ltr'>reconditioris</span> <span class='ocrx_word' id='word_1_173' title='bbox 840 1147 848 1160; x_wconf 88' lang='lat'><strong>‚</strong></span> <span class='ocrx_word' id='word_1_174' title='bbox 872 1132 913 1159; x_wconf 91' lang='lat' dir='ltr'>ut</span> <span class='ocrx_word' id='word_1_175' title='bbox 930 1123 1036 1169; x_wconf 78' lang='lat' dir='ltr'>ajunt</span> <span class='ocrx_word' id='word_1_176' title='bbox 1048 1151 1058 1167; x_wconf 93' lang='lat'><strong><em>,</em></strong></span> <span class='ocrx_word' id='word_1_177' title='bbox 1081 1121 1263 1173; x_wconf 75' lang='lat' dir='ltr'>sapientia:</span> <span class='ocrx_word' id='word_1_178' title='bbox 1276 1122 1473 1161; x_wconf 86' lang='lat' dir='ltr'>ostentant.</span> <span class='ocrx_word' id='word_1_179' title='bbox 1505 1124 1584 1161; x_wconf 90' lang='lat' dir='ltr'>Alii</span> <span class='ocrx_word' id='word_1_180' title='bbox 1607 1137 1696 1162; x_wconf 86' lang='lat' dir='ltr'>vero</span> <span class='ocrx_word' id='word_1_181' title='bbox 1708 1127 1755 1163; x_wconf 86' lang='lat' dir='ltr'>ad</span> 
     </span>
     <span class='ocr_line' id='line_1_19' title="bbox 144 1176 1754 1228; baseline 0.002 -13"><span class='ocrx_word' id='word_1_182' title='bbox 144 1178 441 1215; x_wconf 66' lang='lat' dir='ltr'>oble&amp;ati0nem</span> <span class='ocrx_word' id='word_1_183' title='bbox 459 1188 606 1216; x_wconf 85' lang='lat' dir='ltr'>tantum</span> <span class='ocrx_word' id='word_1_184' title='bbox 626 1176 836 1225; x_wconf 85' lang='lat' dir='ltr'>hujusmodi</span> <span class='ocrx_word' id='word_1_185' title='bbox 855 1189 1028 1227; x_wconf 82' lang='lat' dir='ltr'>gemmas</span> <span class='ocrx_word' id='word_1_186' title='bbox 1045 1180 1083 1215; x_wconf 90' lang='lat' dir='ltr'>in</span> <span class='ocrx_word' id='word_1_187' title='bbox 1095 1178 1381 1228; x_wconf 64' lang='lat' dir='ltr'>dactyliothecis</span> <span class='ocrx_word' id='word_1_188' title='bbox 1403 1182 1630 1219; x_wconf 85' lang='lat' dir='ltr'>etiamnunc</span> <span class='ocrx_word' id='word_1_189' title='bbox 1648 1181 1754 1219; x_wconf 77' lang='lat' dir='ltr'>ass&#39;er-</span> 
     </span>
     <span class='ocr_line' id='line_1_20' title="bbox 143 1232 1753 1287; baseline 0.001 -15"><span class='ocrx_word' id='word_1_190' title='bbox 143 1244 241 1272; x_wconf 88' lang='lat' dir='ltr'>vant.</span> <span class='ocrx_word' id='word_1_191' title='bbox 271 1234 436 1271; x_wconf 81' lang='lat' dir='ltr'>Adamas</span> <span class='ocrx_word' id='word_1_192' title='bbox 455 1234 523 1271; x_wconf 90' lang='lat' dir='ltr'>suis</span> <span class='ocrx_word' id='word_1_193' title='bbox 537 1234 675 1284; x_wconf 90' lang='lat' dir='ltr'>opibus</span> <span class='ocrx_word' id='word_1_194' title='bbox 696 1232 842 1272; x_wconf 84' lang='lat' dir='ltr'>tantum</span> <span class='ocrx_word' id='word_1_195' title='bbox 864 1234 1123 1272; x_wconf 86' lang='lat' dir='ltr'>commendari</span> <span class='ocrx_word' id='word_1_196' title='bbox 1142 1236 1266 1273; x_wconf 90' lang='lat' dir='ltr'>voluit</span> <span class='ocrx_word' id='word_1_197' title='bbox 1278 1250 1285 1279; x_wconf 78' lang='lat'><em>3</em></span> <span class='ocrx_word' id='word_1_198' title='bbox 1310 1247 1391 1273; x_wconf 88' lang='lat' dir='ltr'>non</span> <span class='ocrx_word' id='word_1_199' title='bbox 1412 1246 1488 1274; x_wconf 87' lang='lat' dir='ltr'>arte</span> <span class='ocrx_word' id='word_1_200' title='bbox 1500 1266 1511 1282; x_wconf 87' lang='lat'><em>,</em></span> <span class='ocrx_word' id='word_1_201' title='bbox 1535 1248 1617 1274; x_wconf 90' lang='lat' dir='ltr'>non</span> <span class='ocrx_word' id='word_1_202' title='bbox 1636 1236 1753 1287; x_wconf 84' lang='lat' dir='ltr'>figura</span> 
     </span>
     <span class='ocr_line' id='line_1_21' title="bbox 144 1289 1752 1342; baseline 0.004 -16"><span class='ocrx_word' id='word_1_203' title='bbox 144 1290 219 1327; x_wconf 87' lang='lat' dir='ltr'>ulla</span> <span class='ocrx_word' id='word_1_204' title='bbox 229 1290 382 1327; x_wconf 79' lang='lat' dir='ltr'>ascititia</span> <span class='ocrx_word' id='word_1_205' title='bbox 396 1319 405 1334; x_wconf 93' lang='lat'>,</span> <span class='ocrx_word' id='word_1_206' title='bbox 425 1289 494 1327; x_wconf 87' lang='lat' dir='ltr'>hac</span> <span class='ocrx_word' id='word_1_207' title='bbox 505 1302 660 1340; x_wconf 86' lang='lat' dir='ltr'>quoque</span> <span class='ocrx_word' id='word_1_208' title='bbox 672 1300 775 1342; x_wconf 86' lang='lat' dir='ltr'>parte</span> <span class='ocrx_word' id='word_1_209' title='bbox 792 1289 1014 1328; x_wconf 84' lang='lat' dir='ltr'>indomitus.</span> <span class='ocrx_word' id='word_1_210' title='bbox 1049 1290 1175 1328; x_wconf 89' lang='lat' dir='ltr'>Hodie</span> <span class='ocrx_word' id='word_1_211' title='bbox 1187 1292 1268 1329; x_wconf 86' lang='lat' dir='ltr'>talis</span> <span class='ocrx_word' id='word_1_212' title='bbox 1289 1291 1435 1329; x_wconf 89' lang='lat' dir='ltr'>futurus</span> <span class='ocrx_word' id='word_1_213' title='bbox 1450 1321 1459 1336; x_wconf 93' lang='lat'>‚</span> <span class='ocrx_word' id='word_1_214' title='bbox 1479 1291 1545 1329; x_wconf 82' lang='lat' dir='ltr'>nisi</span> <span class='ocrx_word' id='word_1_215' title='bbox 1565 1292 1752 1332; x_wconf 86' lang='lat' dir='ltr'>artificum</span> 
     </span>
     <span class='ocr_line' id='line_1_22' title="bbox 143 1345 1750 1399; baseline 0.004 -18"><span class='ocrx_word' id='word_1_216' title='bbox 143 1345 291 1383; x_wconf 85' lang='lat' dir='ltr'>solertia</span> <span class='ocrx_word' id='word_1_217' title='bbox 304 1348 341 1382; x_wconf 91' lang='lat' dir='ltr'>in</span> <span class='ocrx_word' id='word_1_218' title='bbox 354 1346 593 1384; x_wconf 83' lang='lat' dir='ltr'>adamantem</span> <span class='ocrx_word' id='word_1_219' title='bbox 606 1347 722 1399; x_wconf 87' lang='lat' dir='ltr'>ipsum</span> <span class='ocrx_word' id='word_1_220' title='bbox 733 1347 974 1384; x_wconf 86' lang='lat' dir='ltr'>adamantem</span> <span class='ocrx_word' id='word_1_221' title='bbox 986 1346 1144 1385; x_wconf 80' lang='lat' dir='ltr'>acuiffet.</span> <span class='ocrx_word' id='word_1_222' title='bbox 1156 1359 1236 1398; x_wconf 90' lang='lat' dir='ltr'>quo</span> <span class='ocrx_word' id='word_1_223' title='bbox 1248 1349 1403 1385; x_wconf 81' lang='lat' dir='ltr'>invento</span> <span class='ocrx_word' id='word_1_224' title='bbox 1414 1348 1600 1386; x_wconf 86' lang='lat' dir='ltr'>indomita</span> <span class='ocrx_word' id='word_1_225' title='bbox 1610 1349 1672 1386; x_wconf 91' lang='lat' dir='ltr'>illa</span> <span class='ocrx_word' id='word_1_226' title='bbox 1685 1361 1750 1387; x_wconf 88' lang='lat' dir='ltr'>na-</span> 
     </span>
    </p>
   </div>
   <div class='ocr_carea' id='block_1_4' title="bbox 68 1401 1749 1454">
    <p class='ocr_par' dir='ltr' id='par_1_4' title="bbox 68 1401 1749 1454">
     <span class='ocr_line' id='line_1_23' title="bbox 68 1401 1749 1454; baseline 0.003 -16"><span class='ocrx_word' id='word_1_227' title='bbox 68 1412 74 1418; x_wconf 79' lang='lat'>·</span> <span class='ocrx_word' id='word_1_228' title='bbox 128 1411 235 1443; x_wconf 18' lang='lat' dir='ltr'>*turae</span> <span class='ocrx_word' id='word_1_229' title='bbox 247 1403 310 1440; x_wconf 85' lang='lat' dir='ltr'>vis,</span> <span class='ocrx_word' id='word_1_230' title='bbox 324 1401 409 1439; x_wconf 85' lang='lat' dir='ltr'>ferri</span> <span class='ocrx_word' id='word_1_231' title='bbox 420 1404 457 1440; x_wconf 73' lang='grc' dir='ltr'>δε</span> <span class='ocrx_word' id='word_1_232' title='bbox 469 1404 562 1452; x_wconf 84' lang='lat' dir='ltr'>ignis</span> <span class='ocrx_word' id='word_1_233' title='bbox 574 1403 841 1452; x_wconf 82' lang='lat' dir='ltr'>contemptrix,</span> <span class='ocrx_word' id='word_1_234' title='bbox 855 1401 923 1440; x_wconf 86' lang='lat' dir='ltr'>suis</span> <span class='ocrx_word' id='word_1_235' title='bbox 934 1401 1072 1441; x_wconf 85' lang='lat' dir='ltr'>viribus</span> <span class='ocrx_word' id='word_1_236' title='bbox 1083 1404 1198 1440; x_wconf 78' lang='lat' dir='ltr'>excisa</span> <span class='ocrx_word' id='word_1_237' title='bbox 1210 1404 1270 1442; x_wconf 89' lang='lat' dir='ltr'>est.</span> <span class='ocrx_word' id='word_1_238' title='bbox 1288 1405 1422 1454; x_wconf 88' lang='lat' dir='ltr'>Itaque</span> <span class='ocrx_word' id='word_1_239' title='bbox 1434 1403 1615 1443; x_wconf 86' lang='lat' dir='ltr'>artificum</span> <span class='ocrx_word' id='word_1_240' title='bbox 1629 1407 1749 1443; x_wconf 87' lang='lat' dir='ltr'>mani-</span> 
     </span>
    </p>
   </div>
   <div class='ocr_carea' id='block_1_5' title="bbox 139 1457 1750 2402">
    <p class='ocr_par' dir='ltr' id='par_1_5' title="bbox 139 1457 1750 2402">
     <span class='ocr_line' id='line_1_24' title="bbox 144 1457 1744 1511; baseline 0.004 -18"><span class='ocrx_word' id='word_1_241' title='bbox 144 1457 212 1495; x_wconf 87' lang='lat' dir='ltr'>bus</span> <span class='ocrx_word' id='word_1_242' title='bbox 223 1457 374 1494; x_wconf 90' lang='lat' dir='ltr'>tandem</span> <span class='ocrx_word' id='word_1_243' title='bbox 394 1470 519 1508; x_wconf 86' lang='lat' dir='ltr'>parere</span> <span class='ocrx_word' id='word_1_244' title='bbox 538 1459 680 1496; x_wconf 90' lang='lat' dir='ltr'>didicit.</span> <span class='ocrx_word' id='word_1_245' title='bbox 710 1459 806 1496; x_wconf 87' lang='lat' dir='ltr'>adeo</span> <span class='ocrx_word' id='word_1_246' title='bbox 825 1457 915 1495; x_wconf 88' lang='lat' dir='ltr'>nihil</span> <span class='ocrx_word' id='word_1_247' title='bbox 937 1458 1044 1495; x_wconf 86' lang='lat' dir='ltr'>labor</span> <span class='ocrx_word' id='word_1_248' title='bbox 1062 1459 1257 1511; x_wconf 88' lang='lat' dir='ltr'>improbus</span> <span class='ocrx_word' id='word_1_249' title='bbox 1275 1461 1490 1511; x_wconf 82' lang='lat' dir='ltr'>pervincere</span> <span class='ocrx_word' id='word_1_250' title='bbox 1511 1472 1591 1498; x_wconf 90' lang='lat' dir='ltr'>non</span> <span class='ocrx_word' id='word_1_251' title='bbox 1611 1460 1744 1511; x_wconf 87' lang='lat' dir='ltr'>potest.</span> 
     </span>
     <span class='ocr_line' id='line_1_25' title="bbox 143 1513 1746 1566; baseline 0.003 -17"><span class='ocrx_word' id='word_1_252' title='bbox 143 1514 250 1550; x_wconf 87' lang='lat' dir='ltr'>Olim</span> <span class='ocrx_word' id='word_1_253' title='bbox 262 1515 498 1554; x_wconf 87' lang='lat' dir='ltr'>innotuerat,</span> <span class='ocrx_word' id='word_1_254' title='bbox 521 1516 595 1552; x_wconf 88' lang='lat' dir='ltr'>alio</span> <span class='ocrx_word' id='word_1_255' title='bbox 605 1516 802 1552; x_wconf 83' lang='lat' dir='ltr'>adamante</span> <span class='ocrx_word' id='word_1_256' title='bbox 813 1513 991 1564; x_wconf 84' lang='lat' dir='ltr'>perforari</span> <span class='ocrx_word' id='word_1_257' title='bbox 1003 1513 1102 1566; x_wconf 77' lang='lat' dir='ltr'>posse</span> <span class='ocrx_word' id='word_1_258' title='bbox 1115 1528 1122 1551; x_wconf 93' lang='lat'>:</span> <span class='ocrx_word' id='word_1_259' title='bbox 1144 1515 1221 1553; x_wconf 87' lang='lat' dir='ltr'>hoc</span> <span class='ocrx_word' id='word_1_260' title='bbox 1235 1516 1308 1553; x_wconf 82' lang='lat' dir='ltr'>levi</span> <span class='ocrx_word' id='word_1_261' title='bbox 1317 1518 1471 1554; x_wconf 82' lang='lat' dir='ltr'>vulnere</span> <span class='ocrx_word' id='word_1_262' title='bbox 1482 1518 1683 1566; x_wconf 82' lang='lat' dir='ltr'>cognitum</span> <span class='ocrx_word' id='word_1_263' title='bbox 1695 1517 1746 1554; x_wconf 86' lang='lat' dir='ltr'>est</span> 
     </span>
     <span class='ocr_line' id='line_1_26' title="bbox 141 1569 1750 1623; baseline 0.003 -17"><span class='ocrx_word' id='word_1_264' title='bbox 141 1569 244 1619; x_wconf 77' lang='lat' dir='ltr'>poss&#39;e</span> <span class='ocrx_word' id='word_1_265' title='bbox 254 1571 363 1607; x_wconf 81' lang='lat' dir='ltr'>etiam</span> <span class='ocrx_word' id='word_1_266' title='bbox 374 1570 530 1608; x_wconf 84' lang='lat' dir='ltr'>domari.</span> <span class='ocrx_word' id='word_1_267' title='bbox 563 1572 752 1611; x_wconf 86' lang='lat' dir='ltr'>Omnium</span> <span class='ocrx_word' id='word_1_268' title='bbox 766 1573 830 1619; x_wconf 83' lang='lat' dir='ltr'>qui</span> <span class='ocrx_word' id='word_1_269' title='bbox 843 1571 936 1607; x_wconf 90' lang='lat' dir='ltr'>olim</span> <span class='ocrx_word' id='word_1_270' title='bbox 959 1572 1147 1617; x_wconf 60' lang='lat' dir='ltr'>caelarunt,</span> <span class='ocrx_word' id='word_1_271' title='bbox 1166 1570 1450 1622; x_wconf 85' lang='lat' dir='ltr'>scalpseruntve‚</span> <span class='ocrx_word' id='word_1_272' title='bbox 1470 1572 1750 1623; x_wconf 80' lang='lat' dir='ltr'>probatissimus</span> 
     </span>
     <span class='ocr_line' id='line_1_27' title="bbox 142 1625 1748 1678; baseline 0.003 -16"><span class='ocrx_word' id='word_1_273' title='bbox 142 1626 289 1663; x_wconf 87' lang='lat' dir='ltr'>habitus</span> <span class='ocrx_word' id='word_1_274' title='bbox 301 1625 350 1662; x_wconf 85' lang='lat' dir='ltr'>est</span> <span class='ocrx_word' id='word_1_275' title='bbox 360 1627 572 1675; x_wconf 77' lang='lat' dir='ltr'>Pyrgoteles</span> <span class='ocrx_word' id='word_1_276' title='bbox 585 1656 595 1670; x_wconf 95' lang='lat'>‚</span> <span class='ocrx_word' id='word_1_277' title='bbox 620 1627 827 1665; x_wconf 80' lang='lat' dir='ltr'>Alexandri</span> <span class='ocrx_word' id='word_1_278' title='bbox 837 1627 969 1677; x_wconf 81' lang='lat' dir='ltr'>Magni</span> <span class='ocrx_word' id='word_1_279' title='bbox 980 1627 1138 1674; x_wconf 78' lang='lat' dir='ltr'>judicio,</span> <span class='ocrx_word' id='word_1_280' title='bbox 1148 1629 1212 1676; x_wconf 93' lang='lat' dir='ltr'>qui</span> <span class='ocrx_word' id='word_1_281' title='bbox 1223 1629 1344 1666; x_wconf 84' lang='lat' dir='ltr'>vetuit</span> <span class='ocrx_word' id='word_1_282' title='bbox 1355 1628 1488 1666; x_wconf 80' lang='lat' dir='ltr'>ab&#39;alio</span> <span class='ocrx_word' id='word_1_283' title='bbox 1499 1628 1533 1667; x_wconf 87' lang='lat' dir='ltr'>se</span> <span class='ocrx_word' id='word_1_284' title='bbox 1544 1630 1580 1665; x_wconf 91' lang='lat' dir='ltr'>in</span> <span class='ocrx_word' id='word_1_285' title='bbox 1594 1641 1748 1678; x_wconf 88' lang='lat' dir='ltr'>gemma</span> 
     </span>
     <span class='ocr_line' id='line_1_28' title="bbox 140 1681 1748 1735; baseline 0.003 -18"><span class='ocrx_word' id='word_1_286' title='bbox 140 1681 251 1731; x_wconf 82' lang='lat' dir='ltr'>scalpi</span> <span class='ocrx_word' id='word_1_287' title='bbox 261 1694 333 1731; x_wconf 87' lang='lat' dir='ltr'>qua</span> <span class='ocrx_word' id='word_1_288' title='bbox 341 1695 376 1719; x_wconf 92' lang='lat' dir='ltr'>m</span> <span class='ocrx_word' id='word_1_289' title='bbox 391 1682 410 1718; x_wconf 72' lang='lat' dir='ltr'>a</span> <span class='ocrx_word' id='word_1_290' title='bbox 422 1683 626 1732; x_wconf 80' lang='lat' dir='ltr'>Pyrgotele:</span> <span class='ocrx_word' id='word_1_291' title='bbox 636 1695 712 1733; x_wconf 88' lang='lat' dir='ltr'>quo</span> <span class='ocrx_word' id='word_1_292' title='bbox 724 1682 939 1732; x_wconf 75' lang='lat' dir='ltr'>proejudicio</span> <span class='ocrx_word' id='word_1_293' title='bbox 950 1684 1112 1733; x_wconf 87' lang='lat' dir='ltr'>primam</span> <span class='ocrx_word' id='word_1_294' title='bbox 1123 1683 1272 1725; x_wconf 87' lang='lat' dir='ltr'>laudem</span> <span class='ocrx_word' id='word_1_295' title='bbox 1284 1684 1381 1733; x_wconf 89' lang='lat' dir='ltr'>apud</span> <span class='ocrx_word' id='word_1_296' title='bbox 1392 1684 1559 1735; x_wconf 86' lang='lat' dir='ltr'>posteros</span> <span class='ocrx_word' id='word_1_297' title='bbox 1571 1687 1748 1722; x_wconf 88' lang='lat' dir='ltr'>omnium</span> 
     </span>
     <span class='ocr_line' id='line_1_29' title="bbox 140 1736 1746 1789; baseline 0.004 -17"><span class='ocrx_word' id='word_1_298' title='bbox 140 1736 315 1787; x_wconf 82' lang='lat' dir='ltr'>suffragiis</span> <span class='ocrx_word' id='word_1_299' title='bbox 328 1739 480 1788; x_wconf 82' lang='lat' dir='ltr'>adeptus</span> <span class='ocrx_word' id='word_1_300' title='bbox 493 1739 552 1775; x_wconf 88' lang='lat' dir='ltr'>est.</span> <span class='ocrx_word' id='word_1_301' title='bbox 584 1740 750 1776; x_wconf 86' lang='lat' dir='ltr'>Proximi</span> <span class='ocrx_word' id='word_1_302' title='bbox 761 1739 780 1775; x_wconf 73' lang='lat' dir='ltr'>a</span> <span class='ocrx_word' id='word_1_303' title='bbox 796 1740 990 1788; x_wconf 76' lang='lat' dir='ltr'>Pyrgotele</span> <span class='ocrx_word' id='word_1_304' title='bbox 1002 1738 1103 1776; x_wconf 88' lang='lat' dir='ltr'>fuere</span> <span class='ocrx_word' id='word_1_305' title='bbox 1123 1739 1394 1789; x_wconf 79' lang='lat' dir='ltr'>ApollonideS,</span> <span class='ocrx_word' id='word_1_306' title='bbox 1413 1740 1449 1777; x_wconf 69' lang='grc' dir='ltr'>ὅ(</span> <span class='ocrx_word' id='word_1_307' title='bbox 1463 1741 1659 1778; x_wconf 80' lang='lat' dir='ltr'>Cromius.</span> <span class='ocrx_word' id='word_1_308' title='bbox 1681 1742 1746 1779; x_wconf 95' lang='lat' dir='ltr'>Vi-</span> 
     </span>
     <span class='ocr_line' id='line_1_30' title="bbox 140 1786 1746 1846; baseline 0.003 -17"><span class='ocrx_word' id='word_1_309' title='bbox 140 1786 264 1830; x_wconf 84' lang='lat' dir='ltr'>dimus</span> <span class='ocrx_word' id='word_1_310' title='bbox 278 1793 529 1843; x_wconf 81' lang='lat' dir='ltr'>Amethyston</span> <span class='ocrx_word' id='word_1_311' title='bbox 541 1796 676 1833; x_wconf 87' lang='lat' dir='ltr'>unciali</span> <span class='ocrx_word' id='word_1_312' title='bbox 687 1796 954 1844; x_wconf 82' lang='lat' dir='ltr'>magnitudine,</span> <span class='ocrx_word' id='word_1_313' title='bbox 970 1794 1215 1845; x_wconf 88' lang='lat' dir='ltr'>Apollonidis</span> <span class='ocrx_word' id='word_1_314' title='bbox 1227 1808 1343 1833; x_wconf 89' lang='lat' dir='ltr'>manu</span> <span class='ocrx_word' id='word_1_315' title='bbox 1354 1796 1548 1846; x_wconf 82' lang='lat' dir='ltr'>scalptam:</span> <span class='ocrx_word' id='word_1_316' title='bbox 1570 1798 1608 1834; x_wconf 92' lang='lat' dir='ltr'>in</span> <span class='ocrx_word' id='word_1_317' title='bbox 1619 1809 1661 1834; x_wconf 88' lang='lat' dir='ltr'>ea</span> <span class='ocrx_word' id='word_1_318' title='bbox 1673 1796 1746 1834; x_wconf 88' lang='lat' dir='ltr'>effi-</span> 
     </span>
     <span class='ocr_line' id='line_1_31' title="bbox 139 1849 1747 1945; baseline 0.003 -61"><span class='ocrx_word' id='word_1_319' title='bbox 139 1849 240 1897; x_wconf 88' lang='lat' dir='ltr'>giem</span> <span class='ocrx_word' id='word_1_320' title='bbox 254 1850 394 1888; x_wconf 81' lang='lat' dir='ltr'>Dianae,</span> <span class='ocrx_word' id='word_1_321' title='bbox 410 1862 506 1901; x_wconf 85' lang='lat' dir='ltr'>opus</span> <span class='ocrx_word' id='word_1_322' title='bbox 516 1850 612 1888; x_wconf 87' lang='lat' dir='ltr'>adeo</span> <span class='ocrx_word' id='word_1_323' title='bbox 627 1851 787 1902; x_wconf 86' lang='lat' dir='ltr'>partibus</span> <span class='ocrx_word' id='word_1_324' title='bbox 799 1850 1030 1889; x_wconf 85' lang='lat' dir='ltr'>absolutum,</span> <span class='ocrx_word' id='word_1_325' title='bbox 1045 1861 1086 1887; x_wconf 90' lang='lat' dir='ltr'>ut</span> <span class='ocrx_word' id='word_1_326' title='bbox 1098 1851 1515 1945; x_wconf 53' lang='lat' dir='ltr'>nihilsupra.Eflrtificis</span> <span class='ocrx_word' id='word_1_327' title='bbox 1527 1865 1672 1890; x_wconf 89' lang='lat' dir='ltr'>nomen</span> <span class='ocrx_word' id='word_1_328' title='bbox 1684 1852 1747 1889; x_wconf 85' lang='lat' dir='ltr'>ad-</span> 
     </span>
     <span class='ocr_line' id='line_1_32' title="bbox 139 1903 1746 1956; baseline 0.003 -16"><span class='ocrx_word' id='word_1_329' title='bbox 139 1903 316 1954; x_wconf 84' lang='lat' dir='ltr'>scriptum</span> <span class='ocrx_word' id='word_1_330' title='bbox 328 1905 396 1944; x_wconf 89' lang='lat' dir='ltr'>est,</span> <span class='ocrx_word' id='word_1_331' title='bbox 419 1916 496 1943; x_wconf 88' lang='lat' dir='ltr'>tam</span> <span class='ocrx_word' id='word_1_332' title='bbox 511 1907 666 1945; x_wconf 85' lang='lat' dir='ltr'>exilibus</span> <span class='ocrx_word' id='word_1_333' title='bbox 677 1908 791 1944; x_wconf 87' lang='lat' dir='ltr'>literis</span> <span class='ocrx_word' id='word_1_334' title='bbox 802 1932 810 1945; x_wconf 93' lang='lat'>‚</span> <span class='ocrx_word' id='word_1_335' title='bbox 833 1917 872 1944; x_wconf 90' lang='lat' dir='ltr'>ut</span> <span class='ocrx_word' id='word_1_336' title='bbox 883 1906 958 1944; x_wconf 87' lang='lat' dir='ltr'>fere</span> <span class='ocrx_word' id='word_1_337' title='bbox 968 1907 1084 1943; x_wconf 84' lang='lat' dir='ltr'>visum</span> <span class='ocrx_word' id='word_1_338' title='bbox 1094 1906 1282 1955; x_wconf 85' lang='lat' dir='ltr'>effugiant.</span> <span class='ocrx_word' id='word_1_339' title='bbox 1348 1908 1373 1944; x_wconf 88' lang='lat' dir='ltr'>st</span> <span class='ocrx_word' id='word_1_340' title='bbox 1383 1919 1426 1945; x_wconf 88' lang='lat' dir='ltr'>ea</span> <span class='ocrx_word' id='word_1_341' title='bbox 1436 1920 1587 1956; x_wconf 87' lang='lat' dir='ltr'>gemma</span> <span class='ocrx_word' id='word_1_342' title='bbox 1597 1908 1746 1945; x_wconf 85' lang='lat' dir='ltr'>Horatii</span> 
     </span>
     <span class='ocr_line' id='line_1_33' title="bbox 140 1959 1746 2011; baseline 0.002 -15"><span class='ocrx_word' id='word_1_343' title='bbox 140 1959 289 2009; x_wconf 86' lang='lat' dir='ltr'>Tiguri,</span> <span class='ocrx_word' id='word_1_344' title='bbox 304 1960 667 2011; x_wconf 82' lang='lat' dir='ltr'>infignis&amp;ingenio</span> <span class='ocrx_word' id='word_1_345' title='bbox 687 1965 724 2000; x_wconf 72' lang='grc' dir='ltr'>ὃς</span> <span class='ocrx_word' id='word_1_346' title='bbox 748 1964 861 2000; x_wconf 89' lang='lat' dir='ltr'>animi</span> <span class='ocrx_word' id='word_1_347' title='bbox 874 1963 1036 2000; x_wconf 86' lang='lat' dir='ltr'>candore</span> <span class='ocrx_word' id='word_1_348' title='bbox 1048 1964 1127 2000; x_wconf 88' lang='lat' dir='ltr'>viri.</span> <span class='ocrx_word' id='word_1_349' title='bbox 1158 1965 1307 2000; x_wconf 85' lang='lat' dir='ltr'>Famam</span> <span class='ocrx_word' id='word_1_350' title='bbox 1319 1962 1746 2001; x_wconf 86' lang='lat' dir='ltr'>etiamhabuitDiosco-</span> 
     </span>
     <span class='ocr_line' id='line_1_34' title="bbox 139 2015 1745 2068; baseline 0.003 -18"><span class='ocrx_word' id='word_1_351' title='bbox 139 2015 257 2058; x_wconf 89' lang='lat' dir='ltr'>rides,</span> <span class='ocrx_word' id='word_1_352' title='bbox 278 2018 343 2063; x_wconf 85' lang='lat' dir='ltr'>qui</span> <span class='ocrx_word' id='word_1_353' title='bbox 355 2018 443 2054; x_wconf 91' lang='lat' dir='ltr'>Divi</span> <span class='ocrx_word' id='word_1_354' title='bbox 463 2017 836 2067; x_wconf 84' lang='lat' dir='ltr'>Angustiimaginem</span> <span class='ocrx_word' id='word_1_355' title='bbox 849 2016 1030 2068; x_wconf 66' lang='lat' dir='ltr'>expressit,</span> <span class='ocrx_word' id='word_1_356' title='bbox 1047 2029 1118 2066; x_wconf 88' lang='lat' dir='ltr'>qua</span> <span class='ocrx_word' id='word_1_357' title='bbox 1128 2018 1254 2068; x_wconf 89' lang='lat' dir='ltr'>postea</span> <span class='ocrx_word' id='word_1_358' title='bbox 1275 2019 1461 2068; x_wconf 87' lang='lat' dir='ltr'>Principes</span> <span class='ocrx_word' id='word_1_359' title='bbox 1473 2018 1673 2068; x_wconf 74' lang='lat' dir='ltr'>signabant.</span> <span class='ocrx_word' id='word_1_360' title='bbox 1692 2020 1745 2055; x_wconf 86' lang='lat' dir='ltr'>Si·</span> 
     </span>
     <span class='ocr_line' id='line_1_35' title="bbox 140 2071 1744 2124; baseline 0.003 -18"><span class='ocrx_word' id='word_1_361' title='bbox 140 2071 282 2108; x_wconf 79' lang='lat' dir='ltr'>milem,</span> <span class='ocrx_word' id='word_1_362' title='bbox 291 2071 314 2106; x_wconf 83' lang='lat' dir='ltr'>fi</span> <span class='ocrx_word' id='word_1_363' title='bbox 326 2083 404 2107; x_wconf 91' lang='lat' dir='ltr'>non</span> <span class='ocrx_word' id='word_1_364' title='bbox 416 2074 810 2114; x_wconf 81' lang='lat' dir='ltr'>eandem,caelaturam</span> <span class='ocrx_word' id='word_1_365' title='bbox 824 2072 935 2111; x_wconf 77' lang='lat' dir='ltr'>babet</span> <span class='ocrx_word' id='word_1_366' title='bbox 949 2073 1113 2110; x_wconf 88' lang='lat' dir='ltr'>Heroald</span> <span class='ocrx_word' id='word_1_367' title='bbox 1122 2086 1161 2110; x_wconf 90' lang='lat' dir='ltr'>us</span> <span class='ocrx_word' id='word_1_368' title='bbox 1173 2075 1498 2122; x_wconf 82' lang='lat' dir='ltr'>medicnsRegius‚</span> <span class='ocrx_word' id='word_1_369' title='bbox 1507 2085 1638 2111; x_wconf 56' lang='lat' dir='ltr'>natura?</span> <span class='ocrx_word' id='word_1_370' title='bbox 1651 2075 1744 2124; x_wconf 90' lang='lat' dir='ltr'>pari-</span> 
     </span>
     <span class='ocr_line' id='line_1_36' title="bbox 141 2125 1742 2175; baseline 0.003 -12"><span class='ocrx_word' id='word_1_371' title='bbox 141 2136 195 2163; x_wconf 85' lang='lat' dir='ltr'>tcr</span> <span class='ocrx_word' id='word_1_372' title='bbox 206 2125 243 2163; x_wconf 69' lang='lat' dir='ltr'>«Sc</span> <span class='ocrx_word' id='word_1_373' title='bbox 254 2128 338 2162; x_wconf 84' lang='lat' dir='ltr'>artis</span> <span class='ocrx_word' id='word_1_374' title='bbox 349 2127 471 2164; x_wconf 88' lang='lat' dir='ltr'>bonus</span> <span class='ocrx_word' id='word_1_375' title='bbox 485 2130 721 2165; x_wconf 88' lang='lat' dir='ltr'>existimator.</span> <span class='ocrx_word' id='word_1_376' title='bbox 740 2129 830 2166; x_wconf 85' lang='lat' dir='ltr'>Vidi</span> <span class='ocrx_word' id='word_1_377' title='bbox 841 2130 952 2165; x_wconf 88' lang='lat' dir='ltr'>etiam</span> <span class='ocrx_word' id='word_1_378' title='bbox 964 2129 1194 2165; x_wconf 86' lang='lat' dir='ltr'>Mercurium</span> <span class='ocrx_word' id='word_1_379' title='bbox 1206 2130 1368 2175; x_wconf 84' lang='lat' dir='ltr'>ejusdcm</span> <span class='ocrx_word' id='word_1_380' title='bbox 1382 2128 1614 2166; x_wconf 82' lang='lat' dir='ltr'>Dioscoridis</span> <span class='ocrx_word' id='word_1_381' title='bbox 1626 2142 1742 2168; x_wconf 89' lang='lat' dir='ltr'>manu</span> 
     </span>
     <span class='ocr_line' id='line_1_37' title="bbox 210 2181 1675 2234; baseline 0.003 -15"><span class='ocrx_word' id='word_1_382' title='bbox 210 2181 435 2231; x_wconf 87' lang='lat' dir='ltr'>exscalptum</span> <span class='ocrx_word' id='word_1_383' title='bbox 456 2195 500 2219; x_wconf 89' lang='lat' dir='ltr'>ex</span> <span class='ocrx_word' id='word_1_384' title='bbox 519 2184 629 2219; x_wconf 85' lang='lat' dir='ltr'>Sarda</span> <span class='ocrx_word' id='word_1_385' title='bbox 650 2196 813 2232; x_wconf 80' lang='lat' dir='ltr'>gemma,</span> <span class='ocrx_word' id='word_1_386' title='bbox 833 2184 894 2219; x_wconf 86' lang='lat' dir='ltr'>cui</span> <span class='ocrx_word' id='word_1_387' title='bbox 914 2182 1062 2219; x_wconf 81' lang='lat' dir='ltr'>artificis</span> <span class='ocrx_word' id='word_1_388' title='bbox 1083 2195 1226 2221; x_wconf 87' lang='lat' dir='ltr'>nomen</span> <span class='ocrx_word' id='word_1_389' title='bbox 1246 2184 1470 2234; x_wconf 82' lang='lat' dir='ltr'>adscriptum</span> <span class='ocrx_word' id='word_1_390' title='bbox 1489 2185 1557 2223; x_wconf 86' lang='lat' dir='ltr'>est.</span> <span class='ocrx_word' id='word_1_391' title='bbox 1589 2183 1675 2233; x_wconf 83' lang='lat' dir='ltr'>Ejus</span> 
     </span>
     <span class='ocr_line' id='line_1_38' title="bbox 293 2237 1584 2289; baseline 0.002 -13"><span class='ocrx_word' id='word_1_392' title='bbox 293 2237 386 2276; x_wconf 87' lang='lat' dir='ltr'>mihi</span> <span class='ocrx_word' id='word_1_393' title='bbox 397 2240 547 2289; x_wconf 89' lang='lat' dir='ltr'>copiam</span> <span class='ocrx_word' id='word_1_394' title='bbox 561 2239 757 2276; x_wconf 82' lang='lat' dir='ltr'>fecitidem</span> <span class='ocrx_word' id='word_1_395' title='bbox 772 2240 835 2287; x_wconf 83' lang='lat' dir='ltr'>qui</span> <span class='ocrx_word' id='word_1_396' title='bbox 848 2238 884 2274; x_wconf 73' lang='grc' dir='ltr'>δε</span> <span class='ocrx_word' id='word_1_397' title='bbox 906 2239 1036 2275; x_wconf 83' lang='lat' dir='ltr'>Dianae</span> <span class='ocrx_word' id='word_1_398' title='bbox 1047 2239 1144 2276; x_wconf 89' lang='lat' dir='ltr'>illius</span> <span class='ocrx_word' id='word_1_399' title='bbox 1167 2240 1423 2289; x_wconf 87' lang='lat' dir='ltr'>Apollonidis.</span> <span class='ocrx_word' id='word_1_400' title='bbox 1453 2241 1584 2278; x_wconf 78' lang='lat' dir='ltr'>Postea</span> 
     </span>
     <span class='ocr_line' id='line_1_39' title="bbox 384 2293 1496 2347; baseline 0.004 -17"><span class='ocrx_word' id='word_1_401' title='bbox 384 2295 502 2345; x_wconf 85' lang='lat' dir='ltr'>coepit</span> <span class='ocrx_word' id='word_1_402' title='bbox 513 2307 568 2333; x_wconf 90' lang='lat' dir='ltr'>ars</span> <span class='ocrx_word' id='word_1_403' title='bbox 581 2296 617 2332; x_wconf 91' lang='lat' dir='ltr'>in</span> <span class='ocrx_word' id='word_1_404' title='bbox 631 2296 733 2344; x_wconf 80' lang='lat' dir='ltr'>peius</span> <span class='ocrx_word' id='word_1_405' title='bbox 747 2306 849 2331; x_wconf 88' lang='lat' dir='ltr'>ruere</span> <span class='ocrx_word' id='word_1_406' title='bbox 861 2322 871 2338; x_wconf 93' lang='lat'>‚</span> <span class='ocrx_word' id='word_1_407' title='bbox 892 2305 962 2330; x_wconf 89' lang='lat' dir='ltr'>nec</span> <span class='ocrx_word' id='word_1_408' title='bbox 974 2293 1167 2343; x_wconf 84' lang='lat' dir='ltr'>quisquam</span> <span class='ocrx_word' id='word_1_409' title='bbox 1178 2296 1309 2333; x_wconf 88' lang='lat' dir='ltr'>exinde</span> <span class='ocrx_word' id='word_1_410' title='bbox 1329 2307 1496 2347; x_wconf 88' lang='lat' dir='ltr'>repertus</span> 
     </span>
     <span class='ocr_line' id='line_1_40' title="bbox 605 2349 1273 2402; baseline 0 -13"><span class='ocrx_word' id='word_1_411' title='bbox 605 2351 729 2401; x_wconf 85' lang='lat' dir='ltr'>estqui</span> <span class='ocrx_word' id='word_1_412' title='bbox 748 2349 886 2402; x_wconf 88' lang='lat' dir='ltr'>priscos</span> <span class='ocrx_word' id='word_1_413' title='bbox 899 2350 984 2387; x_wconf 89' lang='lat' dir='ltr'>illos</span> <span class='ocrx_word' id='word_1_414' title='bbox 1005 2349 1048 2387; x_wconf 86' lang='lat' dir='ltr'>fit</span> <span class='ocrx_word' id='word_1_415' title='bbox 1067 2353 1273 2390; x_wconf 84' lang='lat' dir='ltr'>aemulatus.</span> 
     </span>
    </p>
   </div>
   <div class='ocr_carea' id='block_1_6' title="bbox 1582 2727 1739 2782">
    <p class='ocr_par' dir='ltr' id='par_1_6' title="bbox 1582 2727 1739 2782">
     <span class='ocr_line' id='line_1_41' title="bbox 1582 2727 1739 2782; baseline 0.006 -16"><span class='ocrx_word' id='word_1_416' title='bbox 1582 2727 1739 2782; x_wconf 59' lang='lat' dir='ltr'>Illtstrif</span> 
     </span>
    </p>
   </div>
  </div>
 </body>
</html>
