2023 3162
509 97 577 125 Dr:
625 85 1128 125 Ancumizcrvm
1187 85 1378 126 L113.X.
1664 104 1744 137 237

149 153 281 194 stituit,
311 165 383 204 qua
406 150 460 206 [a]
485 155 702 205 Helepolim
721 147 1171 192 ςιάιῃεὲηίειειεεσάεοῑειῃ
1184 152 1387 206 corripuit,
1411 154 1745 208 &transtulitintra

148 222 313 247 mutum.
348 210 435 248 Hoc
447 213 635 260 exemplar
646 211 890 247 Rhodiicum
902 210 1088 254 vidifl'ent,
1110 212 1280 248 admirati
1299 211 1520 249 ademerunt
1539 213 1742 262 Diogneto

148 265 252 313 quod
264 265 385 302 fuerat
397 268 430 303 ei
441 268 639 315 quotannis
661 265 929 302 constitutum,
952 266 988 301 δέ
1008 279 1092 309 eum
1108 266 1297 304 honorem
1308 267 1355 304 ad
1379 268 1540 305 Calliam
1554 269 1742 306 transtule-

147 332 246 357 runt.
277 323 419 359 Interea
437 334 498 359 tex
522 323 755 360 Demetrius,
777 323 841 370 qui
860 332 1012 371 propter
1029 323 1142 359 animi
1162 324 1407 373 pertinaciam
1425 321 1485 369 [b]
1508 324 1744 361 Poliorcetes

148 376 199 413 est
209 378 562 426 appellatus‚contra
574 377 761 414 Rhodum
777 378 914 413 bellum
927 379 1196 428 comparando,
1211 378 1461 428 Epimachum
1472 378 1744 418 Atheniensem

146 433 319 469 nobilem
334 433 595 470 Architee'tum
607 432 730 470 secum
741 432 904 469 adduxit.
940 435 973 470 ls
987 443 1113 470 autem
1126 436 1352 485 comparavit
1367 435 1580 486 Helcpolim
1593 435 1743 486 sumpti-

149 487 473 532 busimmanibus,
492 486 665 524 industria
678 488 881 537 laboreque
900 488 1067 525 summo.
1098 491 1155 535 [c]
1171 491 1275 532 cuius
1295 491 1453 528 altitudo
1471 490 1591 528 fuerat
1602 492 1744 542 pedum

149 555 265 579 chV.
285 543 442 580 latitudo
451 544 589 593 pedum
608 555 665 580 Lx.
690 545 704 580 Ι
711 554 744 580 ta
765 555 847 580 eam
861 540 922 594 [d]
948 545 1125 581 ciliciis&
1139 546 1250 581 coriis
1274 547 1396 582 crudis
1415 546 1673 587 confirmavit,
1701 558 1744 585 ut

146 598 262 647 posset
273 601 348 649 pati
367 599 514 648 plagam
534 599 663 648 lapidis
683 597 970 636 balistaimmiffi
994 601 1128 648 pondo
1151 613 1291 638 cccrx.
1326 600 1399 650 lpsa
1417 612 1544 640 autem
1564 603 1745 640 machina

146 653 266 691 fuerat
280 655 392 691 millia
401 654 531 703 pondo
544 667 681 691 ccerx.
717 656 821 691 Cum
833 664 960 691 autem
976 656 1111 692 Callias
1123 666 1317 704 rogaretur
1331 655 1351 692 31
1364 657 1542 698 Rhodiis,
1558 668 1598 695 ut
1611 669 1746 697 contra

145 721 228 746 eam
244 710 459 760 Helepolim
471 709 680 746 machinam
692 719 846 759 pararet,
859 710 1010 746 &illam
1024 708 1294 760 (utipollicitus
1314 715 1405 761 erat)
1429 713 1636 752 transferret
1646 716 1744 752 intra

146 777 309 809 murum,
321 766 466 814 negavit
475 764 586 815 posse.
600 766 694 801 Non
708 767 806 802 enim
819 766 949 802 onmia
963 765 1100 802 eisdem
1112 767 1316 803 rationibus
1329 770 1386 816 agi
1398 769 1565 818 pofl'unt:
1590 769 1652 807 sed
1664 769 1744 808 sunt

145 823 268 871 aliqua
287 833 370 868 quae
391 820 658 870 exemplaribus
677 832 756 858 non
778 822 921 869 magnis
951 820 1114 858 similiter
1143 833 1275 875 magna
1301 821 1396 860 faeta
1417 823 1552 862 habent
1571 824 1741 863 effestus:

144 877 214 914 alia
225 886 349 913 autem
361 877 580 927 exemplaria
591 888 668 912 non
683 876 831 925 poss'unt
844 878 978 914 habere
991 906 1000 921 ,
1027 876 1085 913 sed
1097 875 1203 927 perse
1223 877 1515 916 constituuntur.
1546 882 1741 918 Nonnulla

144 943 234 968 vero
244 931 335 975 sunt,
348 945 427 981 qua:
438 933 475 968 in
486 932 756 981 exemplaribus
768 932 939 969 videntur
950 933 1156 970 verisimilia
1170 962 1178 977 ,
1192 945 1281 970 cum
1294 944 1420 971 autem
1433 935 1595 974 crescere
1608 948 1740 987 coepe-

144 998 248 1031 runt,
260 987 468 1024 dilabuntur
481 1012 489 1024 .
506 999 547 1024 ut
557 989 668 1024 etiam
682 985 869 1038 possumus
885 988 973 1025 hinc
991 990 1160 1025 animum
1180 989 1382 1027 advertere.
1403 990 1635 1029 Terebratur
1647 991 1742 1029 fora-

143 1055 234 1079 men
252 1042 492 1092 semidigitale
504 1072 514 1087 ,
524 1044 688 1093 digitalc,
701 1043 966 1093 sesquidigitale
981 1044 1022 1080 :si
1034 1044 1165 1082 eadem
1178 1047 1324 1082 ratione
1333 1047 1565 1084 voluerimus
1579 1047 1741 1098 palmare

143 1097 262 1135 facere
275 1127 284 1142 ‚
304 1110 378 1134 non
392 1099 501 1136 habet
511 1101 816 1150 explicatiorien13
830 1099 1050 1149 semipedale
1061 1111 1186 1138 autem
1200 1127 1208 1140 ‚
1234 1097 1285 1152 [e]
1303 1101 1486 1148 majusve,
1505 1115 1551 1139 ne
1571 1104 1741 1152 cogitan-

143 1153 232 1190 dum
243 1155 394 1202 quidem
413 1155 559 1192 videtur
570 1157 745 1192 omuino.
782 1155 842 1191 Sic
854 1157 944 1192 ite'm
957 1156 1285 1205 quemadmodum
1302 1159 1339 1193 in
1350 1159 1541 1195 nonnullis
1552 1160 1670 1208 parvis
1680 1171 1739 1196 ex-

142 1210 367 1259 emplaribus
379 1209 519 1248 saelum
532 1222 700 1260 apparet,
726 1214 855 1247 innon
867 1212 972 1248 valde
986 1213 1130 1261 magnis
1143 1211 1219 1249 fieri
1230 1212 1332 1262 posse
1342 1213 1486 1250 videtur
1496 1243 1506 1258 ‚
1524 1227 1601 1251 non
1613 1224 1738 1252 tamen

141 1266 277 1301 eodem
288 1266 407 1302 modo
419 1268 455 1302 in
468 1268 669 1312 majoribus
682 1268 717 1304 id
731 1267 909 1316 consequi
921 1268 1053 1317 potest.
1077 1268 1170 1304 Haec
1181 1281 1270 1306 cum
1283 1269 1619 1307 animadvertiffent
1629 1269 1739 1307 Rho-

142 1320 193 1356 dii
204 1321 335 1357 eadem
348 1323 490 1359 ratione
510 1322 676 1372 decepti,
697 1325 762 1372 qui
781 1323 954 1366 injuriam
974 1336 1062 1360 cum
1083 1325 1314 1362 contumelia
1335 1326 1535 1374 Diogneto
1555 1325 1737 1371 fecerant,

140 1375 380 1425 posteaquam
399 1378 568 1416 viderunt
589 1378 735 1415 hostem
750 1379 986 1429 pertinaciter
1003 1379 1194 1418 infestum,
1221 1380 1593 1419 &machinationem
1617 1381 1663 1417 ad
1675 1393 1736 1418 ca-

141 1432 312 1481 piendam
325 1433 456 1469 urbem
469 1445 736 1484 comparatam,
750 1436 960 1484 periculum
972 1435 1152 1478 servitutis
1163 1446 1373 1474 metuentes
1389 1462 1396 1476 ‚
1414 1439 1453 1475 ὅ(
1466 1438 1519 1474 nil
1531 1435 1595 1474 nisi
1607 1437 1736 1475 civita-

137 1489 182 1524 tis
193 1488 395 1526 vastitatem
406 1489 684 1539 expeetandam,
696 1490 988 1543 procubuerunt,
1000 1492 1239 1540 Diognetum
1249 1503 1442 1542 rogantes,
1454 1502 1495 1530 ut
1504 1493 1734 1531 auxiliaretur

1027 1548 1096 1595 Gg
1128 1561 1143 1591 3
1592 1549 1734 1598 patriae.

173 1640 291 1668 tradunt.
313 1641 450 1669 Vitruvius
459 1651 568 1670 centum
581 1646 605 1670 ὃ(
617 1644 732 1682 viginti,
753 1647 791 1674 ἃ,
811 1645 828 1672 fi
839 1645 864 1671 in
876 1644 1006 1683 aliquibus
1022 1643 1160 1672 codicibus
1171 1644 1371 1684 quadringenta
1388 1644 1536 1682 nonaginta
1546 1641 1628 1670 millia
1639 1641 1732 1680 pondo

173 1682 246 1709 reete
257 1681 370 1720 legitur,
388 1691 498 1709 centum
507 1684 704 1722 vigintipo.id0
715 1688 739 1712 ὃς
751 1683 858 1712 [εωίίῖἶς
869 1686 966 1714 statuit.
987 1687 1095 1715 Dicitur
1106 1694 1196 1714 autem
1207 1683 1254 1713 >370⁸
1264 1682 1288 1715 {5
1299 1683 1422 1712 mamm
1434 1704 1442 1715 ²
1463 1683 1516 1712 five
1528 1680 1687 1713 naastan,
1704 1681 1733 1710 id

176 1722 222 1755 est,
232 1723 362 1760 pondero,
371 1723 502 1761 appendo.

364 1809 427 1842 IN
463 1810 687 1844 TOTItIS
733 1811 944 1846 OPERIS
987 1810 1495 1847 PERORATIONEM.

231 1879 376 1915 Peroratio
391 1887 454 1913 erat
469 1880 560 1923 potius
581 1881 709 1926 rerficulo
727 1878 809 1927 ,ifine
818 1883 915 1926 quinto
926 1906 936 1922 ,
955 1883 1013 1923 ibi,
1038 1889 1119 1931 Qas
1130 1882 1209 1926 potui
1221 1893 1229 1914 :
1241 1881 1574 1927 sedmaluimmLec‘lori
1591 1881 1639 1914 in-

578 1937 709 1974 dulgentes
720 1946 847 1976 receptam
862 1940 1115 1976 Vitruviifi’c‘lionem
1129 1940 1258 1967 retineres
1267 1958 1275 1966 .

132 1999 164 2033 a]
193 1997 342 2026 Philander.
364 1997 505 2037 Helepolis
514 1997 637 2026 machina
648 1999 692 2028 est,
700 1998 732 2025 ab
743 2001 893 2028 evertendis
903 1999 1013 2028 urbibus
1023 2000 1092 2029 dicta
1104 2013 1110 2032 ς
1126 1999 1174 2027 ἐ’λω
1185 1999 1257 2027 enim
1266 2008 1361 2028 everto
1371 2000 1512 2041 fignificat.
1521 2001 1592 2029 inter
1601 1999 1734 2032 λιῖυέέλες

176 2036 192 2065 ἓι
209 2038 334 2066 Diodoro
352 2039 442 2067 Siculo
461 2039 506 2067 lib.
531 2050 580 2067 xx.
602 2038 761 2066 recensetur.
783 2040 940 2069 AEdificatur
958 2051 1047 2069 autom
1059 2062 1066 2074 ‚
1086 2050 1115 2069 ut
1133 2041 1214 2068 tradit
1229 2042 1388 2070 Ammianus
1399 2042 1544 2070 lib.xx111.
1564 2040 1616 2068 hoc
1627 2041 1712 2068 modo
1725 2062 1731 2067 .

175 2078 294 2105 Testudo
303 2081 508 2119 compaginatur
518 2080 651 2112 immanis,
661 2080 753 2108 axibus
764 2082 899 2113 roborata.
911 2079 1069 2122 longiffimis
1080 2079 1220 2120 ferreisque
1231 2081 1311 2109 clavis
1323 2091 1412 2120 aptata
1424 2103 1430 2113 ,
1441 2087 1465 2111 δ(
1479 2082 1637 2120 contegitur
1648 2082 1728 2109 coriis

175 2117 296 2145 bubulis:
313 2119 500 2158 virgarumque
508 2122 610 2148 recenti
621 2129 725 2147 textura
735 2131 814 2161 atque
825 2123 891 2150 limo
900 2122 1074 2163 asperguntur
1084 2123 1139 2157 ejus
1149 2121 1310 2160 suprema,ut
1320 2123 1456 2150 flammeos
1467 2123 1597 2150 detractet
1608 2124 1632 2149 ὅ(
1645 2118 1731 2149 miffi-

174 2159 211 2186 les
223 2158 304 2186 casus.
321 2158 505 2187 Conseruntur
515 2169 604 2187 autem
613 2160 668 2194 ejus
677 2159 835 2190 frontalibus
847 2162 959 2190 trisulcae
969 2162 1087 2200 cuspides
1098 2171 1246 2200 praeacutae,
1259 2162 1422 2200 ponderibus
1433 2161 1524 2190 ferreis
1537 2171 1631 2201 graves
1642 2181 1650 2195 ,
1661 2172 1728 2200 qua-

174 2199 209 2226 lia
227 2198 303 2226 nobis
323 2199 438 2235 pistores
448 2200 590 2228 ostendunt
599 2198 709 2228 fulmina
721 2222 727 2233 ,
749 2203 788 2230 vel
798 2201 920 2232 fluores,
942 2211 971 2229 ut
982 2203 1108 2240 quiequid
1119 2203 1224 2240 petierit
1234 2202 1330 2229 aculeis
1339 2203 1436 2230 exertis
1447 2223 1454 2235 ,
1473 2202 1625 2240 abrumpat.
1645 2202 1727 2231 Hanc

175 2240 214 2266 ira
224 2238 337 2266 validam
348 2239 448 2266 molem
458 2240 522 2266 rotis
532 2243 556 2267 &
566 2238 672 2267 funibus
683 2250 778 2280 regens
789 2240 942 2269 numerosus
964 2243 1119 2278 intrinsecus
1131 2242 1207 2269 miles
1222 2241 1384 2279 languidiori
1395 2252 1534 2271 mutorum
1550 2242 1617 2280 parti
1626 2242 1728 2271 viribus

175 2280 303 2307 admovet
324 2280 438 2307 concitis
448 2300 456 2312 ,
472 2282 498 2307 ὅ(
518 2280 566 2307 nifi
585 2279 693 2318 desuper
711 2282 941 2321 propugnantium
956 2282 1084 2310 valuerint
1105 2282 1172 2309 vires
1192 2302 1200 2315 ,
1224 2281 1320 2309 connis
1338 2282 1481 2321 parietibus
1495 2283 1581 2312 aditus
1598 2281 1726 2321 patefacit

177 2329 312 2357 lugentcs.

131 2362 162 2397 b]
198 2352 284 2388 l'dem.
305 2359 418 2387 Vrbium
429 2368 599 2400 expugnator
610 2364 704 2389 Graece
715 2360 876 2397 πλιορκκπὶς
884 2360 992 2393 dicitur,
1001 2359 1016 2389 εὶ
1029 2359 1111 2391 πέλις,
1119 2360 1186 2394 urbs,
1197 2365 1222 2390 &
1232 2360 1324 2400 ’ἐμῷ-3
1335 2364 1361 2392 id
1371 2365 1416 2397 est,
1427 2364 1578 2393 claustrum.
1600 2367 1667 2404 Qo
1677 2375 1725 2395 co-

171 2410 327 2441 gnomento
338 2401 373 2428 est
384 2401 528 2439 appellatus
539 2403 693 2429 Demetrius
704 2402 836 2442 Antigoni
845 2403 928 2441 Regis
938 2400 1016 2433 filius,
1029 2411 1056 2430 ut
1065 2401 1181 2430 scribunt
1192 2403 1347 2433 ‘Plutarchus
1357 2405 1384 2433 in
1394 2406 1449 2442 ejus
1457 2406 1522 2438 vita,
1531 2409 1556 2433 ὃ(
1567 2408 1725 2435 Ammianus

173 2440 432 2472 lib-xxrri.Riseris‚
442 2441 539 2479 puro‚fi
549 2442 616 2479 apud
628 2442 789 2481 Raplia‘elem
799 2443 1003 2470 Volaterranum
1013 2444 1039 2470 in
1048 2442 1200 2482 Philologia
1207 2443 1487 2483 legeri3‚Poliorceten
1498 2446 1649 2474 machinam
1660 2444 1724 2481 efle,

169 2494 202 2512 ex
212 2484 343 2510 Vitruvio.
362 2483 456 2520 Neque
466 2491 555 2510 tamen
567 2493 665 2522 ignoro
675 2484 710 2511 ita
722 2483 845 2521 appellari
856 2482 871 2510 a
883 2483 1025 2511 Plutarcho
1035 2483 1134 2511 ibidem
1143 2503 1150 2516 ,
1164 2494 1242 2522 quarn
1252 2486 1388 2515 Vitruvius
1399 2486 1545 2525 helepolim
1557 2495 1645 2515 vocet.

130 2526 157 2560 c]
195 2524 281 2551 Idem.
298 2524 379 2550 Hanc
391 2522 534 2560 helepolim
544 2523 633 2551 scribit
645 2525 670 2551 in
681 2534 735 2551 vira
752 2525 884 2552 Demetrii
896 2523 1050 2552 Plutarchus
1061 2521 1137 2552 fuisse
1147 2524 1251 2563 paribus
1259 2525 1386 2556 lateribus
1404 2528 1574 2566 quadratam,
1588 2527 1721 2566 gradatim

169 2565 201 2592 ad
213 2564 342 2592 verticem
362 2564 538 2591 contrastam.
552 2564 614 2599 Ejus
625 2565 794 2592 altitudinem
804 2561 880 2592 fuisse
897 2564 1050 2593 cubitorum
1063 2575 1144 2593 rxvi.
1162 2565 1332 2596 latitudinem
1353 2578 1460 2596 xrvrrr.
1478 2567 1616 2595 Diodorus
1632 2577 1722 2597 autern

167 2605 269 2633 Siculus
280 2603 453 2632 bibliothecae
461 2603 530 2632 libro
539 2605 664 2633 vit-elimo
679 2607 747 2644 (quo
758 2604 826 2633 libro
841 2605 962 2633 noudum
974 2627 980 2637 ,
995 2606 1067 2645 quod
1075 2605 1154 2634 sciam
1167 2627 1174 2639 ‚
1194 2607 1223 2633 in
1240 2606 1329 2636 lucem
1347 2608 1421 2636 edito
1436 2608 1472 2636 usi
1482 2606 1569 2635 sumus
1579 2617 1612 2635 ex
1621 2607 1722 2636 biblio-

170 2645 249 2673 theca
267 2645 408 2679 Vaticana)
427 2645 595 2673 altitudinem
606 2648 642 2673 ait
655 2647 809 2674 cubitorum
822 2656 859 2674 xc
871 2667 879 2679 ,
901 2646 1069 2675 latitudinem
1091 2647 1317 2676 va.universam
1333 2646 1409 2677 fuiffe
1420 2647 1602 2677 tabulatorum
1620 2659 1722 2678 novem

171 2685 346 2714 subrotatam.

129 2727 161 2762 d]
179 2727 274 2754 idem.
298 2728 397 2754 Praeter
407 2725 471 2753 alios
480 2725 568 2753 scribit
579 2728 683 2754 Servius
694 2729 796 2766 Gcorg.
810 2736 857 2754 111.
869 2727 963 2755 ciliciis
974 2729 1031 2767 tegi
1042 2727 1158 2757 tabulata
1167 2730 1283 2757 turrium
1294 2748 1301 2759 ‚
1322 2728 1438 2763 nejaCtis
1448 2728 1628 2769 facibusignis
1638 2728 1719 2769 possit

170 2766 311 2794 adhaerere.
327 2769 358 2794 Er
371 2767 499 2795 Asconius
510 2767 637 2794 Pedianus
649 2768 706 2795 latui
714 2778 721 2794 i
730 2778 746 2794 ι.
757 2769 782 2794 in
791 2768 910 2796 actiones
923 2769 1063 2796 Ciceronis
1075 2771 1100 2797 in
1111 2773 1223 2799 Verrem
1233 2769 1324 2801 tradit,
1336 2770 1423 2797 cilicia
1432 2766 1484 2799 effe
1493 2779 1565 2798 texta
1573 2771 1606 2798 de
1617 2772 1719 2810 pilis.in

170 2807 313 2835 castrorum
324 2806 398 2836 usum
407 2815 485 2846 atque
498 2817 647 2836 nautarum.
665 2809 745 2836 Dicta
754 2806 805 2836 effe
817 2819 832 2835 a
843 2808 971 2837 Cilicibus
984 2810 1088 2848 populis
1099 2831 1106 2843 ‚
1122 2811 1190 2849 apud
1201 2820 1268 2850 quos
1279 2809 1396 2849 primum
1404 2809 1527 2840 confedh
1535 2811 1584 2839 fint
1597 2832 1604 2845 ‚
1623 2812 1719 2841 auster

172 2848 208 2875 est
220 2850 304 2875 Varro
314 2848 360 2875 lib.
373 2857 409 2875 rt.
421 2848 454 2876 de
465 2858 491 2875 re
502 2848 604 2876 rustica.

130 2888 156 2922 e]
192 2887 274 2915 Idem.
298 2889 375 2916 Deest
387 2885 529 2916 necessaria
538 2890 649 2919 vocula,
668 2900 700 2917 ve
709 2910 716 2920 ,
741 2898 769 2916 ut
780 2888 909 2916 scribatur
928 2889 960 2916 ad
971 2889 1040 2918 hune
1050 2890 1172 2923 modum.
1184 2891 1299 2928 majusve
1310 2901 1342 2920 nc
1354 2892 1530 2931 cogitandum
1541 2893 1648 2932 quidem
1657 2915 1664 2925 ‚
1674 2903 1719 2921 aut

169 2929 494 2995 multatainterpunfflone
505 2950 512 2964 ,
530 2928 679 2970 semipedali
691 2939 779 2959 autem
790 2931 872 2966 majus
881 2951 888 2964 ,
903 2933 954 2958 &c-
978 2931 1045 2960 Haee
1056 2931 1116 2960 ille:
1134 2933 1211 2961 Prior
1224 2941 1315 2962 autem
1326 2934 1459 2962 correctio
1470 2936 1558 2974 magis
1570 2935 1718 2962 verisimilis

170 2969 205 2995 mi
228 2969 234 2995 i
245 2969 357 2998 videtur.

1581 3013 1617 3052 f]
1629 3014 1713 3043 Idem.
