2023 3162
273 90 323 116 20
629 75 1024 113 Etritrurortvu
1072 68 1496 109 Artemi-nervum

268 142 547 196 lehnographiis
558 142 594 179 ὃ(
608 139 890 190 Orthogtaphiis
902 141 916 186 >
930 137 1085 177 diversas
1096 138 1227 188 figuras
1239 151 1403 176 arearum
1414 140 1450 175 ὃ(
1464 138 1679 188 partitiones
1691 141 1728 179 ὅ(
1737 141 1854 179 varias

266 203 504 239 inventiones
519 192 667 237 :verum
677 197 892 244 Theoretbici
903 194 1096 244 scriptores
1114 195 1280 243 (qualem
1294 207 1354 231 me
1366 192 1564 244 profiteor)
1579 208 1657 232 non
1670 208 1856 246 coguntur

270 256 474 307 complesti
495 265 628 292 omnes
647 252 883 303 particulares
906 250 1006 286 casus
1027 252 1123 287 circa
1142 250 1340 294 iiibief'tum
1359 251 1466 299 quod
1487 251 1660 299 tra-Etant3
1681 254 1758 290 satis
1771 253 1819 289 est
1830 251 1856 289 fi

268 312 414 349 tradant
423 310 609 360 generales
624 308 853 345 directiones,
867 305 902 342 Sc
915 305 1036 342 obiter
1048 305 1219 354 quaedam
1233 306 1495 344 viriaindicent
1507 319 1514 341 :
1528 306 1667 354 reliqua
1677 309 1857 345 industriae

269 366 480 404 Architecti
490 365 569 402 sunt
580 361 841 411 relinquenda,
863 363 1032 409 quicum
1042 372 1132 398 areae
1150 360 1314 409 angustia
1332 361 1549 398 conflictans
1566 362 1690 411 saepius
1702 364 1745 400 ad
1755 365 1873 413 inge-s

268 423 359 460 nios
354 435 372 459 a
385 421 533 459 subsidia
545 418 735 467 confugit:
751 416 822 455 Uti
834 417 1019 453 interdum
1029 416 1072 454 ad
1085 417 1265 453 conclave
1280 416 1431 465 aliquod
1442 416 1761 466 proscribendum,
1771 420 1859 456 licet

270 479 358 515 alias
370 477 551 526 singularis
564 473 644 511 usus
658 503 667 519 ‚
686 483 726 510 ut
737 471 915 510 venustati
934 474 1093 510 aliorum
1106 471 1283 509 consulat.
1316 473 1392 509 Itali
1403 483 1540 510 vocant
1551 485 1619 508 una
1629 471 1764 531 stanJLa
1775 472 1859 511 dan·

267 535 418 577 mazam
433 543 518 569 cum
532 531 622 566 cella
634 530 807 579 penuaria
822 530 1020 575 conjicitur
1030 527 1122 565 infra
1133 529 1279 565 Scalam
1288 538 1363 572 ,aut
1373 527 1489 566 simile
1499 528 1668 577 quid‚aut
1680 539 1767 565 cum
1780 528 1859 577 haec

269 590 516 640 pulcherrima
527 585 666 623 faciunt
679 610 687 624 ,
710 597 790 633 qua:
805 586 968 621 maxime
988 584 1107 621 oculis
1124 582 1156 620 se
1168 581 1331 620 offerunt
1352 586 1389 621 ὃ(
1409 585 1548 633 reliqua
1567 583 1861 631 (instarindustrii

267 645 436 695 pistoris]
465 642 578 679 veluti
589 642 626 677 in
640 640 773 678 umbra
785 641 997 689 relinquunt
1013 669 1023 684 ‚
1043 651 1132 676 cum
1146 639 1272 676 multis
1283 640 1359 676 aliis
1372 665 1380 678 ‚
1403 651 1483 689 quae
1494 639 1657 688 persequi
1668 639 1860 687 infinitum

269 698 363 736 esset.
400 697 644 735 Concludam
656 698 777 745 itaque
801 695 896 732 hanc
910 707 1047 746 partem
1060 695 1104 731 de
1125 696 1381 747 comparatione
1393 723 1402 738 ‚
1420 706 1531 744 quam
1542 693 1762 733 festivissime
1775 694 1862 746 pos-

268 754 469 798 sum,brevi
482 752 726 802 descriptione
740 752 911 788 Triclinii
921 762 985 788 aur
995 751 1191 789 coenaculi,
1200 749 1402 788 secundum
1415 749 1685 801 AEgyptiomm
1696 762 1859 790 morem.

269 812 334 859 qui
347 810 516 848 videntur
543 809 686 855 (saltem
699 808 743 844 ad
754 818 874 844 aevurn
888 807 1062 852 Varum)
1089 806 1108 842 a
1118 806 1301 843 veteribus
1324 806 1485 844 Hebraeis
1497 808 1534 844 <Sc
1547 806 1792 845 Phoenicibus
1814 806 1862 853 (ὰ

269 866 406 915 quibus
417 865 541 901 omnis
552 863 741 913 disciplina
753 862 876 910 fluxit)
892 861 1073 899 retinuisse
1084 888 1091 901 ,
1117 873 1204 899 cum
1216 862 1293 898 aliis
1308 861 1462 898 scientiis
1476 890 1485 906 ,
1497 863 1533 898 in
1545 863 1721 899 eminenti
1733 863 1860 912 gradu,

271 921 451 972 principia
461 932 615 969 quoque
636 922 672 956 ὃς
693 920 819 968 praxin
844 917 1047 967 magniticae
1070 917 1176 963 huius
1200 917 1314 954 Artis.
1345 918 1445 954 Nam
1465 926 1647 966 quantum
1670 915 1863 963 conjicere

274 975 419 1027 possum
433 974 452 1012 ὲ
473 976 636 1026 Magistri
648 973 762 1011 nostri
774 984 876 1011 textu
888 974 992 1012 lib.6.
1006 985 1087 1024 cap.
1099 986 1129 1017 5.
1143 973 1236 1018 (ubi,
1248 972 1338 1010 ficut
1349 975 1385 1009 ὃ(
1400 974 1436 1009 in
1450 974 1525 1009 aliis
1538 974 1631 1010 locis
1642 999 1650 1012 ,
1664 974 1767 1011 torfit
1779 974 1863 1011 suos

274 1032 512 1082 interpretes)
527 1032 629 1069 nulla
640 1030 763 1067 forma
775 1030 818 1066 ad
829 1031 992 1079 regalem
1004 1029 1104 1067 hunc
1120 1027 1221 1066 usum
1232 1027 1353 1081 potest
1364 1031 1572 1079 comparari
1583 1039 1671 1065 cum
1683 1030 1744 1067 illa
1754 1031 1863 1078 hujus

274 1089 449 1126 nationis,
467 1099 577 1135 quam
590 1086 758 1124 conabor
770 1087 975 1135 explanare.

330 1143 606 1192 Concipiamus
619 1153 740 1179 aream
754 1143 930 1192 praeelarae
942 1140 1373 1193 longitudinis(exempli
1386 1143 1499 1191 gratia
1511 1141 1556 1179 ad
1567 1142 1765 1179 minimum
1778 1153 1861 1180 cxx:

274 1198 433 1249 pedum)
452 1199 487 1234 ὅ(
501 1197 705 1235 latitudinis
718 1198 888 1235 nonnihil
902 1201 1051 1243 majoris
1069 1198 1466 1247 dimidialongitudine
1481 1227 1490 1242 ‚
1513 1199 1614 1240 cuius
1626 1198 1720 1234 ratio
1739 1197 1866 1247 postea

275 1253 684 1290 reddetur.Secundum
698 1252 774 1290 duo
786 1252 998 1302 longissima
1009 1255 1176 1297 latera2&
1189 1253 1353 1290 frontem
1366 1253 1451 1290 dicti
1462 1252 1794 1296 triclinii‚di1currit
1804 1264 1866 1288 or-

275 1309 328 1346 do
341 1310 616 1346 columnarum.
628 1321 718 1357 quas
733 1307 898 1345 Palladius
910 1308 1082 1359 supponit
1098 1309 1326 1354 Corindrias,
1341 1308 1353 1354 (
1369 1318 1409 1345 ut
1422 1321 1464 1345 ex
1477 1311 1571 1346 illius
1584 1308 1874 1359 Orthographia·

278 1365 567 1405 animadverto)
590 1363 757 1414 supplens
776 1362 854 1401 hoc
868 1364 1070 1411 subjectum
1085 1362 1104 1401 ὲ
1121 1365 1278 1403 Grazco,
1301 1366 1479 1413 quianon
1496 1365 1669 1401 novimus
1691 1363 1864 1401 ordinem

278 1422 476 1470 proprium
488 1417 685 1470 AEgyptns.
707 1421 892 1473 Qiartum
914 1422 1007 1458 latus
1025 1422 1196 1469 relinquo
1217 1421 1398 1457 introitui.
1416 1421 1533 1471 Super
1545 1419 1656 1457 distas
1667 1419 1864 1456 columnas

275 1475 535 1513 collocabatur
547 1476 752 1526 epistylium
763 1491 772 1519 ·,
795 1478 897 1522 cujus
915 1478 1100 1515 utra—vim
1112 1476 1231 1514 solum
1244 1475 1331 1514 facit
1340 1477 1587 1513 mentionem.
1605 1472 1792 1520 (Palladim
1804 1475 1869 1512 ad-

272 1530 337 1568 dit,
353 1531 389 1567 &
400 1533 488 1575 iure,
500 1532 716 1582 zophorum
727 1531 765 1568 &
774 1535 989 1573 coronam.)
1010 1532 1116 1583 super
1126 1532 1229 1581 quod
1241 1531 1457 1568 ascendebat
1469 1532 1667 1569 continuus
1679 1531 1807 1580 paries,
1825 1531 1865 1568 <Sc

273 1586 311 1622 in
325 1597 373 1623 eo
385 1586 545 1624 dimidiae
558 1597 619 1624 aut
631 1589 814 1625 trientales
834 1589 1020 1625 columnae
1033 1617 1042 1632 ‚
1061 1588 1185 1626 exaCie
1204 1587 1463 1638 respondentes
1475 1587 1641 1623 infcriori
1652 1586 1774 1623 ordini
1786 1611 1792 1624 ‚
1806 1584 1868 1623 sed

277 1652 407 1689 quarta
428 1652 527 1691 parte
540 1645 722 1679 minores:
748 1644 892 1680 &inter
904 1644 968 1681 has
979 1644 1148 1681 dimidias
1161 1645 1359 1681 columnas
1374 1672 1382 1687 ,
1400 1653 1526 1680 toturn
1549 1643 1730 1679 conclave
1742 1643 1869 1679 eratin

279 1696 422 1732 ambitu
439 1696 674 1735 fenestrarum
689 1726 698 1741 ,
711 1697 843 1735 deinde
858 1699 902 1736 ab
913 1699 1149 1736 inferioribus
1164 1700 1348 1736 columnis
1361 1697 1664 1750 superstruebatur
1674 1699 1868 1746 contigua-

277 1752 336 1788 tio
347 1779 356 1795 ‚
376 1750 563 1788 sustentata
575 1753 621 1788 ab
633 1755 807 1790 exteriori
821 1755 957 1804 pariete
969 1754 1004 1790 ἃ
1018 1755 1198 1804 capitibus
1209 1754 1299 1790 colu
1306 1764 1475 1791 mnarum
1488 1782 1498 1797 ,
1519 1764 1605 1790 cum
1620 1755 1795 1789 meniano
1805 1753 1867 1789 ba-

278 1806 466 1844 laustrato,
484 1805 547 1843 snb
560 1806 624 1844 dio
636 1808 772 1856 (inquit
784 1809 967 1858 Magister,
979 1812 996 1850 )
1009 1810 1083 1858 idq3
1095 1819 1178 1847 tuto
1190 1811 1389 1860 praecipere
1401 1818 1545 1859 poterat
1556 1809 1592 1843 in
1605 1804 1792 1858 AEgypm,
1803 1808 1868 1845 ubi

279 1861 403 1898 nubila
416 1861 513 1898 haud
532 1862 748 1898 metuenda:
769 1874 997 1913 quapropter
1014 1862 1189 1899 Palladtus
1211 1866 1300 1911 (qui
1320 1865 1492 1911 relinquit
1503 1863 1577 1899 hoc
1596 1864 1815 1900 menianum
1829 1864 1867 1901 in

280 1916 409 1954 medio
421 1917 602 1954 intectum
613 1919 648 1954 ὅ(
662 1917 917 1955 balaustratum
929 1919 1189 1958 circumcirca)
1210 1916 1368 1955 fortassis
1380 1918 1486 1954 illum
1496 1919 1591 1955 reite
1602 1918 1781 1956 intellexit
1794 1949 1803 1963 ,
1822 1919 1867 1955 li-

280 1982 339 2009 cet
350 1974 386 2008 in
399 1983 446 2008 eo
458 1971 665 2023 discrepans
684 1971 704 2008 ἒι
724 1975 875 2020 caeteris3
899 1973 1025 2010 saltem
1038 1983 1192 2023 oportet
1205 1974 1408 2022 intelligere
1431 1973 1558 2020 justam
1572 1974 1735 2009 meniani
1749 1975 1870 2011 latitu-

280 2028 405 2064 dinem
427 2028 589 2065 relistam
608 2029 701 2064 inter
716 2038 923 2078 aperturam
943 2031 979 2066 &
998 2028 1190 2068 fenestras,
1212 2028 1256 2066 ad
1275 2028 1587 2066 delenamcnmm
1606 2029 1867 2078 speeiatoruni,

280 2084 345 2131 qui
357 2081 558 2134 despec'turi
568 2083 647 2121 sunt
659 2086 695 2120 in
717 2085 952 2121 Triclinium.
983 2085 1235 2121 Latitudinem
1256 2082 1445 2134 supposui,
1468 2095 1600 2121 contra
1610 2085 1750 2134 priores
1769 2083 1868 2134 pos1-

279 2139 403 2175 tiones
417 2167 426 2182 ,
446 2139 559 2188 paulo
581 2141 761 2183 majorem
783 2139 935 2177 dimidia
947 2139 1202 2188 longitudine3
1227 2141 1314 2188 quia
1325 2140 1514 2177 columnae
1527 2151 1692 2188 congrua
1703 2139 1868 2178 distantia

279 2194 324 2230 ab
335 2195 507 2230 exteriori
522 2195 655 2243 pariete
666 2196 877 2239 collocatae,
891 2207 954 2244 per
964 2195 1056 2232 visus
1065 2196 1389 2246 interceptionem.
1402 2195 1571 2231 nonnihil
1583 2194 1803 2233 videbuntur
1812 2197 1866 2232 la-

278 2249 477 2285 titudinem
491 2249 695 2287 diminuere
708 2266 716 2292 ς
738 2262 817 2300 quo
830 2251 910 2288 casu
922 2258 979 2297 (ut
989 2249 1101 2288 semel
1110 2260 1221 2299 atque
1233 2252 1370 2288 iterum
1381 2261 1463 2288 ante
1474 2252 1565 2290 dixi)
1576 2250 1770 2301 prudentia
1780 2251 1865 2301 plus

278 2303 343 2340 sibi
354 2304 471 2353 potest
485 2303 624 2341 sumere
635 2318 752 2354 quam
766 2306 851 2342 Ars.

336 2360 427 2397 Haec
438 2358 487 2395 est
498 2357 697 2409 descriptio
719 2359 884 2411 AEgyptii
897 2363 973 2399 oeci
986 2361 1056 2399 sive
1068 2362 1252 2399 Triclinii.
1285 2362 1440 2399 Circum
1454 2364 1558 2406 cuius
1570 2363 1723 2412 parietes
1738 2361 1869 2411 imagi-

278 2416 357 2452 nari
370 2414 560 2465 possumus
574 2416 732 2464 integras
743 2415 874 2454 statuas
888 2445 898 2461 ‚
918 2417 1066 2455 inferius
1076 2419 1230 2462 locatas,
1242 2417 1430 2455 illustratas
1441 2417 1461 2454 ἐι
1473 2417 1714 2456 descendente
1727 2418 1866 2454 lumine

279 2471 661 2508 &concameratione
683 2472 737 2507 uti
757 2473 795 2508 ὅ(
815 2471 974 2509 fenestris
993 2475 1086 2510 inter
1104 2474 1274 2511 dimidias
1297 2473 1495 2510 columnas
1513 2473 1735 2523 superiores:
1755 2474 1806 2510 ita
1825 2483 1867 2510 ut

276 2524 350 2562 hoc
364 2526 590 2562 Triclinium
601 2525 791 2563 abundans
802 2525 970 2564 habuerit
980 2528 1120 2567 lumen,
1139 2531 1175 2566 ἃ
1187 2538 1315 2578 praeter
1327 2538 1480 2565 caeteros
1492 2539 1656 2572 ornatUS,
1666 2528 1867 2565 neceffario

276 2581 483 2630 accipiebat
495 2592 671 2629 magnam
690 2581 905 2631 dignitatem
929 2582 974 2618 ab
992 2583 1062 2633 ipsa
1074 2584 1262 2621 altitudine
1284 2584 1460 2631 laquearis
1473 2609 1482 2625 ‚
1507 2584 1612 2633 quod
1625 2584 1868 2621 incumbebat

277 2634 425 2671 duobus
447 2636 639 2673 ordinibus
659 2638 936 2674 columnarum.
967 2638 1092 2687 Atque
1109 2639 1158 2676 ita
1178 2638 1356 2676 absolutis
1374 2649 1540 2688 quatuor
1557 2641 1717 2689 partibus
1737 2641 1865 2688 primae

277 2700 373 2726 mea:
384 2692 560 2739 generalis
570 2691 772 2736 divisionis,
785 2695 956 2730 nimirum
968 2691 1069 2729 cmnd
1077 2695 1195 2738 itione,
1208 2690 1407 2733 Parietibus,
1427 2698 1608 2745 Apertum
1621 2686 1665 2731 ὠ·
1677 2694 1869 2744 comparti-

277 2745 370 2779 tione
382 2769 390 2783 ‚
413 2746 500 2782 lieet
521 2748 595 2791 jam
616 2747 682 2784 aedi
699 2750 897 2797 imponere
917 2748 1020 2784 suum
1045 2750 1184 2799 pileum
1198 2778 1208 2793 ‚
1230 2749 1405 2786 hactenus
1425 2750 1567 2787 inmeiat
1579 2773 1588 2790 ‚
1609 2751 1646 2786 ὃ(
1669 2758 1866 2798 eapropter

278 2799 461 2837 inidoneae
471 2810 594 2849 tegere
606 2803 712 2840 alios.
749 2804 867 2855 Qod
878 2804 1078 2847 subiectum
1099 2805 1185 2841 licet
1196 2803 1237 2841 fit
1255 2804 1484 2855 postremum
1503 2804 1612 2850 hujus
1623 2805 1707 2840 artis
1726 2806 1763 2840 in
1776 2816 1864 2842 exe-

279 2855 453 2897 cutione,
475 2864 598 2891 tamen
609 2856 749 2907 semper
761 2860 809 2895 est
820 2860 982 2909 primum
1000 2860 1277 2897 inintentione.
1301 2871 1388 2896 nam
1409 2861 1490 2908 quis
1499 2860 1587 2897 velit
1605 2857 1787 2897 aedificare
1800 2859 1865 2898 nisi

277 2908 322 2946 ad
333 2910 557 2948 tuitionem?
577 2922 804 2964 quapropter
821 2924 898 2952 tam
910 2915 1040 2952 locum
1051 2925 1166 2965 quam
1184 2915 1402 2965 dignitatem
1414 2915 1587 2952 obtinens
1598 2913 1716 2952 finalis
1736 2915 1864 2961 causae,

1711 2969 1866 3021 diligen-
