2023 3162
605 55 1192 93 DESCVLPTVRA.
1660 69 1708 105 4¹

116 118 350 173 despcstum‚
371 119 595 172 suspectum,
622 120 833 171 aspectum,
852 131 896 156 ex
915 119 1074 157 dimidio
1093 147 1104 164 ‚
1130 118 1376 168 sexquioculo
1395 143 1404 158 ‚
1436 118 1587 159 vultuve
1606 131 1713 167 toto,

116 176 254 215 diverte
261 180 373 214 rimus
383 179 420 213 in
435 178 535 214 mille
546 178 751 215 varietates.

169 233 293 271 Status
317 233 413 270 unde
424 233 525 269 dietae
537 231 682 270 statuae,
707 233 767 269 alii
780 232 860 269 sunt
871 231 978 271 redii,
995 231 1170 274 aliiflexi,
1191 231 1567 281 aliivero&obliqui.
1598 233 1713 270 Redi

113 287 226 325 status
244 291 269 326 ii
286 289 389 334 sunt,
412 290 476 338 qui
494 289 554 325 sua
574 298 702 325 natura
723 287 966 332 constabunt,
986 288 1202 335 nullamque
1222 289 1384 325 omnino
1406 297 1560 337 vergent
1577 289 1614 324 in
1636 301 1714 339 para

114 354 213 382 tem,
233 355 272 382 ut
291 357 412 394 quom
426 344 592 382 astamus.
624 344 723 380 Flexi
743 343 764 380 s
760 354 825 381 unt
842 342 1347 393 quiiprimumareffitudine
1367 343 1654 382 declinaverint,
1668 353 1713 382 -ut

115 412 238 449 quom
257 402 367 451 proni
388 399 550 451 supinive
570 399 848 436 accumbimus.
881 399 1039 448 Obliqui
1057 406 1167 437 vero,
1193 411 1316 448 quom
1334 400 1463 448 aliquo
1482 399 1594 437 facies
1614 411 1715 436 aver-

115 466 211 494 tetur
231 486 240 500 ‚
270 457 515 504 membraque
534 455 578 492 ad
599 456 788 492 astionem
806 455 1089 504 distorquentur.
1124 455 1302 507 Qorum
1322 457 1499 492 omnium
1521 453 1714 492 certiffima

116 513 212 549 ratio
234 511 289 548 his
307 511 389 562 iplis
402 510 656 549 continebitur
674 510 829 555 finibus,
848 522 944 560 quos
957 510 1017 547 hic
1036 508 1187 547 effecius
1200 510 1469 562 comprobarit.
1491 512 1621 548 Omne
1631 512 1716 560 qui-

117 568 204 604 dem
217 580 351 617 corpus
366 595 375 611 ‚
396 566 458 603 nisi
476 578 642 604 extrema
654 565 724 604 sese
743 566 909 615 undique
921 568 1161 604 contineant,
1183 566 1437 616 librenturque
1457 567 1501 604 ad
1522 577 1714 611 centrum,

118 624 326 660 collabatur
346 634 501 672 ruarquc
521 621 662 660 necelse
683 620 743 658 est.
776 622 965 659 Stantibus
984 624 1108 671 itaque
1128 621 1176 658 sic
1196 623 1309 660 nobis
1328 624 1468 673 pedein
1481 635 1579 668 uno,
1599 622 1729 686 siquo

116 679 278 716 motabit
300 690 458 728 eorpus,
480 679 746 726 declinaritque
767 676 891 715 aresta
903 679 999 715 linea
1017 688 1125 727 caput
1143 678 1224 729 plus
1242 679 1359 728 pede,
1379 678 1563 716 neceffum
1585 680 1720 716 conci-

117 736 215 772 dere.
250 734 368 786 Qod
387 736 424 770 in
445 734 611 771 iisvideri
631 731 965 769 manifestissimum
976 733 1120 782 potest,
1132 744 1233 782 quos
1253 734 1375 772 Graeci
1391 732 1629 786 χοινοέσίτας,
1647 746 1719 772 no-

117 791 176 828 stri
197 790 295 827 haud
306 801 429 827 minus
442 791 565 838 inepte
577 788 821 825 funambulos
833 788 969 825 dixere.
988 788 1154 825 Illorum
1169 789 1268 826 enim
1281 802 1440 840 corpora
1460 790 1507 826 fic
1527 791 1717 835 librantur,

118 858 161 883 ut
180 846 204 883 si
224 857 338 895 quam
360 848 398 882 in
419 856 561 894 partem
583 844 793 880 inclinarint
811 871 821 886 ‚
848 844 921 888 jam
941 845 1012 889 jam
1034 854 1122 879 ecce
1141 843 1288 881 casuros
1307 845 1510 896 speremus.
1543 848 1606 883 Sin
1626 858 1716 883 vero

116 913 284 939 vortatur
301 904 337 937 in
352 900 517 937 dextram
531 899 640 937 facies
655 926 661 939 ,
677 899 1024 949 perpendicularem
1036 897 1148 948 ipsam
1160 898 1205 936 ab
1224 909 1392 938 extremo
1412 902 1555 939 nai-iiim
1565 903 1717 947 lineam,

118 959 235 995 dextri
249 956 366 1008 pedis,
392 969 468 1005 quo
481 956 623 1006 semper
635 956 740 993 inniti
752 954 913 991 solemus
926 955 1169 999 ‚exteriorem
1181 955 1329 993 nodum
1343 968 1420 993 non
1432 958 1617 1008 progredi.
1635 959 1717 995 Aut

118 1014 143 1052 si
165 1016 203 1051 in
221 1013 392 1050 linistram
408 1038 414 1050 ,
430 1013 645 1048 interiorem
656 1011 782 1048 linistri
794 1012 852 1047 vix
867 1011 1067 1060 attingere:
1087 1011 1280 1049 Sinistrum
1295 1024 1388 1050 vero
1398 1012 1533 1063 pedem
1547 1025 1626 1049 non
1636 1014 1718 1049 lon-

119 1072 200 1120 gius
218 1069 262 1106 ab
282 1068 414 1104 dextro
427 1070 477 1104 ire
490 1080 604 1117 quam
617 1067 717 1119 pedis
728 1068 835 1104 unius
847 1065 981 1115 spacio.
1015 1067 1199 1105 Motuum
1212 1079 1303 1105 vero
1329 1066 1340 1114 <
1354 1080 1476 1117 neque
1489 1070 1591 1106 enim
1601 1080 1684 1117 quae
1696 1068 1716 1105 a

63 1137 66 1141 ’
117 1125 348 1176 principibus
369 1123 630 1174 Piiilosopliiae‚
652 1123 808 1173 ipsoque
819 1122 976 1160 Platone
994 1122 1124 1160 nostro
1134 1124 1230 1160 dicia
1252 1123 1297 1160 de
1315 1123 1407 1161 statu
1424 1134 1611 1173 motuque
1623 1123 1714 1163 suut,

121 1180 323 1233 repetenda
336 1180 444 1217 nobis
457 1180 531 1217 hoe
544 1179 622 1230 ipso
639 1181 675 1216 in
693 1180 788 1217 loco
804 1179 1003 1225 duximus)
1024 1179 1175 1227 quidam
1188 1178 1268 1216 sunt
1287 1180 1417 1229 primi,
1431 1190 1470 1217 ut
1490 1192 1608 1229 quom
1622 1182 1716 1217 inci-

119 1240 243 1288 pimus
271 1238 435 1273 moveri.
481 1236 647 1288 Qidam
674 1235 788 1273 medii
811 1264 821 1279 ,
851 1247 972 1283 quom
993 1236 1087 1272 intra
1112 1236 1262 1272 initium
1291 1234 1482 1285 finemque
1505 1235 1715 1275 versantur.

118 1293 286 1344 Qdam
307 1293 427 1329 ultimi
440 1321 448 1335 ‚
469 1304 592 1341 quom
614 1290 784 1329 adfinem
801 1290 876 1327 fere
888 1292 1138 1340 pervenerint,
1159 1290 1321 1328 necdum
1340 1291 1552 1329 firmantur:
1571 1291 1598 1328 si
1615 1293 1717 1329 enim

117 1349 351 1387 firmarentur
365 1377 374 1392 ‚
394 1347 505 1385 status
523 1348 675 1397 quidem
689 1347 836 1384 dicendi
848 1345 959 1383 essent
970 1376 979 1391 ‚
991 1359 1069 1384 tion
1084 1356 1231 1384 motus:
1266 1350 1395 1402 Qare
1409 1348 1627 1385 &illistatus
1638 1349 1718 1384 lau-

118 1405 275 1449 dantur,
296 1405 362 1453 qiii
383 1404 474 1442 vela
488 1403 652 1442 motibus
673 1403 758 1441 faeti
775 1403 1024 1448 videbuntur,
1045 1403 1106 1441 Vel
1127 1404 1164 1439 in
1187 1413 1315 1442 motus
1335 1403 1554 1442 transierint.
1584 1403 1717 1440 Motus

118 1471 294 1512 praeterea
313 1470 377 1497 aut
387 1459 468 1497 sunt
478 1460 693 1504 facilcS‚aut
702 1460 873 1499 violenti.
909 1459 1045 1496 Faciles
1057 1469 1186 1496 motus
1196 1459 1525 1508 sunt,quiremiffe
1535 1460 1716 1508 nulloque

118 1517 217 1554 fiunt
238 1526 396 1556 conatu,
420 1518 535 1554 veluti
557 1529 677 1566 quom
698 1515 964 1554 deambulatur.
999 1516 1171 1554 Violenti
1183 1514 1277 1554 sunt,
1301 1517 1368 1565 qui
1384 1518 1480 1554 vires
1492 1514 1718 1564 conatusque

120 1572 421 1611 vehementiores
434 1574 648 1622 exprimunt
661 1601 670 1617 ‚
690 1573 806 1610 veluti
819 1583 939 1621 quom
952 1573 1170 1616 accurritur,
1184 1583 1303 1620 quom
1315 1571 1483 1616 trahitur,
1496 1573 1719 1623 pelliturque

121 1628 197 1666 hue
210 1627 329 1666 versus
349 1630 386 1665 ἃ
407 1629 505 1666 illuc.
537 1628 727 1673 Ejusmodi
747 1628 921 1665 sexcentae
941 1625 1020 1665 sunt
1038 1628 1241 1665 varietates.
1261 1626 1339 1664 Alii
1355 1627 1451 1666 fiunt
1471 1628 1545 1665 huc
1563 1627 1717 1671 illuc,in

118 1686 280 1724 reditum,
306 1685 366 1721 :ilii
385 1686 420 1720 in
432 1685 598 1722 dextram
612 1710 620 1724 ‚
644 1686 703 1721 alii
723 1685 762 1721 in
781 1683 976 1722 sinistram:
1000 1684 1059 1721 alii
1071 1683 1286 1720 ferunturin
1299 1681 1453 1728 sursum,
1476 1684 1535 1721 alii
1552 1684 1589 1720 in
1609 1682 1717 1720 deor-

120 1740 213 1778 sum.
248 1740 306 1778 Est
321 1751 447 1777 autem
459 1743 511 1778 uti
524 1741 630 1778 status
642 1743 678 1778 δε
691 1750 836 1780 motus,
854 1742 901 1778 ita
913 1742 950 1777 ὃ(
961 1742 1102 1778 ocium.
1137 1740 1280 1776 Ocium
1292 1751 1383 1777 vero
1396 1742 1552 1778 alterum
1564 1738 1614 1776 est
1631 1737 1718 1775 libe-

121 1797 220 1840 rale,
242 1798 414 1834 illiberale
427 1797 598 1834 alterum.
627 1797 800 1835 Liberale
810 1796 880 1838 est,
903 1796 1014 1833 veluti
1031 1807 1149 1845 quom
1161 1795 1405 1846 philosophos
1426 1806 1589 1834 mortem
1610 1806 1719 1832 com-

120 1863 332 1890 mentantes
355 1854 367 1898 (
386 1853 437 1889 uti
455 1853 550 1902 apud
563 1852 852 1903 Aristophanem
870 1853 1040 1889 Socrates
1060 1850 1133 1899 est)
1155 1853 1191 1888 in
1216 1850 1302 1889 cista
1322 1850 1620 1903 suspenderimus.
1651 1851 1720 1887 Illi-

122 1908 246 1944 berale
265 1920 354 1944 vero
370 1909 825 1951 jamduduminomnium
846 1910 1034 1960 pictorum
1052 1907 1359 1945 consuetudinem
1378 1910 1498 1946 venit,
1519 1907 1717 1956 praecipue-

122 1975 196 2014 que
208 1963 357 2001 solitum
368 1963 442 2000 fieri
456 1965 474 2000 a
487 1967 684 2002 Mantenio
696 1965 822 2002 nostro
836 1990 842 2003 .
867 1966 931 2002 ubi
944 1965 1174 2012 negligentes
1190 1963 1320 2000 famuli
1332 1963 1455 2000 modo
1468 1962 1713 2000 accumbunt,

121 2020 243 2056 modo
261 2021 532 2057 dominorum
524 2023 676 2070 imperia
696 2019 942 2057 deoscitantes
962 2019 1180 2068 expediant,
1201 2019 1491 2063 modoinertes,
1510 2017 1716 2066 stupidique

123 2084 287 2113 manent.
303 2075 420 2124 Qod
431 2087 648 2128 opportune
654 2076 792 2114 facium
804 2075 826 2112 si
840 2074 960 2113 fuerit,
968 2074 1242 2119 jocunditatem
1253 2073 1359 2111 simul
1371 2086 1479 2122 atque
1489 2085 1532 2110 cx
1545 2074 1718 2109 varietate

122 2131 279 2180 gratiam
293 2128 430 2166 afferet
460 2130 530 2166 Sed
547 2133 646 2168 enim
666 2132 863 2181 superioris
877 2129 1105 2179 Perspestivae
1123 2129 1260 2178 species
1281 2128 1514 2178 potissimum
1534 2127 1632 2165 duae:
1657 2141 1717 2163 ove.-

126 2183 265 2237 φηνᾷκ,
288 2197 405 2234 quum
424 2184 665 2235 liaieehntium
686 2187 789 2223 oculi
809 2185 968 2234 quadam
980 2183 1187 2220 afficiuntur
1198 2184 1470 2233 perspicuitate:
1483 2186 1522 2221 <Sc
1538 2180 1714 2231 AEnffl'iqloe.

126 2254 215 2279 cum
235 2254 279 2278 ex
299 2251 432 2277 ornatu
455 2253 643 2288 qnaeqiie
625 2240 688 2278 suo
700 2254 744 2278 ac
756 2241 894 2278 decore
906 2240 1065 2289 placent.
1086 2238 1437 2277 Posteriorisautem
1455 2251 1544 2278 tres:
1538 2237 1717 2292 eadgyda,

123 2298 281 2360 quando
293 2310 337 2334 ex
352 2309 393 2334 ea
405 2308 441 2333 re
454 2298 633 2345 quodque
646 2296 872 2345 piaecess'erit,
887 2295 1066 2344 quodque
1078 2293 1132 2338 fit,
1144 2293 1413 2332 evidentissime
1425 2295 1719 2347 repraesentatur:

123 2351 296 2403 ἒμφοιπς,
319 2365 411 2401 quo
408 2365 442 2388 n
456 2352 600 2400 quidex
623 2365 666 2389 ea
686 2352 759 2403 ipsa
781 2365 820 2389 re
834 2351 999 2388 futurum
1013 2350 1141 2396 jamiit
1152 2350 1489 2390 commonstratur:
1502 2350 1719 2403 οἰμφιέολῖω,

128 2411 278 2459 quoties
299 2408 456 2445 dubium
478 2407 538 2452 fit,
567 2420 647 2457 quae
667 2410 705 2445 in
727 2408 856 2476 medio
874 2407 998 2444 locata
1016 2418 1070 2442 res
1091 2405 1159 2446 est,
1183 2406 1259 2445 huc
1278 2409 1405 2457 potius
1426 2409 1577 2446 anilluc
1597 2408 1722 2446 referri

131 2475 320 2517 oporteat.

184 2522 314 2559 Altera
326 2533 348 2557 v
353 2532 416 2557 ero
429 2520 620 2557 Duetoi-iae
633 2532 726 2575 pars,
741 2531 855 2569 quam
866 2513 1033 2570 ψυΛκῖιι),
1055 2515 1131 2555 hoc
1142 2519 1190 2556 est
1200 2519 1470 2558 animationem
1487 2521 1719 2560 vocavimus,

128 2577 204 2615 sola
221 2578 373 2638 quidem
393 2573 512 2624 palum&
534 2577 772 2613 continebitii
760 2588 810 2615 ir,
832 2576 909 2613 hoc
921 2575 993 2618 est,
1015 2576 1250 2613 imitatione·
1285 2576 1403 2621 Cujus
1425 2585 1523 2613 tanta
1544 2576 1611 2622 (ut
1630 2576 1723 2613 mihi

129 2634 295 2681 videtur)
320 2634 374 2669 vis
386 2632 455 2675 est,
473 2642 513 2669 ut
533 2631 713 2668 velsolam
727 2644 810 2669 eam
829 2630 929 2681 poss'e
948 2632 1127 2681 sculptori
1144 2631 1224 2668 satis
1235 2631 1304 2668 effe
1323 2630 1546 2669 affirmarim.
1579 2631 1724 2680 Ecquid

130 2700 210 2728 tam
232 2689 373 2726 multa?
407 2689 534 2738 Qam
553 2686 806 2736 angiistiss‘iniis
833 2699 923 2724 ecce
943 2687 1107 2725 terminis
1128 2686 1350 2737 sculpturam
1362 2686 1574 2724 finivimus?
1597 2689 1725 2739 Qqam

130 2745 280 2783 facilem
305 2756 393 2782 ecce
412 2745 510 2781 viam
532 2742 909 2780 commonstravimus
931 2743 942 2778 ἓ
974 2754 1113 2780 certam
1127 2771 1137 2787 ‚
1158 2743 1310 2780 brevem
1325 2771 1335 2787 ‚
1355 2742 1644 2791 antiquiffiinam
1658 2772 1667 2787 ,
1686 2745 1723 2780 δε

131 2814 215 2851 quae
235 2801 309 2838 sola
326 2799 527 2850 Lyfippum
547 2812 593 2836 eo
604 2798 718 2847 usque
730 2798 920 2849 perduxit,
940 2809 981 2836 ut
999 2798 1045 2835 ab
1057 2799 1131 2834 alio
1143 2797 1175 2834 se
1197 2796 1323 2846 effingi
1341 2800 1454 2835 etiam
1466 2798 1589 2836 edicto
1601 2809 1724 2836 vetue-

128 2859 175 2894 rit
189 2857 410 2894 Alexander.
443 2855 684 2893 Credendum
706 2855 755 2891 est
774 2855 877 2892 enirn
893 2883 902 2898 ‚
919 2853 1097 2892 ostensam
1108 2853 1203 2899 banc
1215 2852 1280 2891 sibi
1291 2853 1336 2890 ab
1349 2854 1557 2906 Eupompo
1571 2856 1724 2905 pictore,

132 2924 174 2950 ac
187 2924 269 2951 vere
289 2913 481 2965 Eupompi
500 2913 601 2951 viam
619 2911 772 2950 tenuiffe
792 2910 955 2962 semper,
980 2921 1108 2960 neque
1130 2910 1175 2948 ab
1194 2921 1236 2949 ea
1250 2921 1415 2960 unquam
1437 2909 1628 2951 divertiss'e.
1660 2910 1724 2946 Ille

1583 2975 1724 3004 etenim
