2023 3162
609 61 1249 101 DESCVLPTVRA.-
1547 90 1551 95 -
1672 70 1717 111 ἐς

129 133 286 169 nomine
295 129 543 180 symmetriam
558 131 806 180 intelligamus
819 159 829 174 ‚
851 141 942 167 cum
953 131 990 166 in
1001 129 1138 167 caeteris
1150 128 1327 168 omnibus
1341 140 1431 180 quas
1450 140 1576 170 natura
1587 138 1722 185 proge»

127 188 212 224 nuit
224 186 347 231 rebus,
363 197 445 224 tum
455 198 545 223 vero
560 188 596 223 in
609 187 764 224 homine
774 185 853 237 ipso
865 184 1219 222 admirabilissimam
1233 188 1270 224 ὃς
1284 190 1534 238 contemplari
1544 191 1581 227 ὃ(
1593 202 1718 228 amare

127 241 357 280 debebimus.
388 243 443 278 Ita
455 242 731 291 enimundique
750 242 927 279 dimetiris
948 241 1109 291 partibus
1130 241 1383 295 compositum
1395 242 1444 281 est
1456 243 1621 282 nostrum
1634 258 1717 283 cor-

126 309 210 348 pus,
222 308 261 335 ut
271 297 360 335 nihil
370 299 480 348 plane
490 299 588 334 aliud
600 310 710 346 quam
724 297 934 334 Harmonic
941 295 1006 334 um
1016 296 1207 346 quoddam
1219 299 1397 336 omnibus
1409 298 1718 339 absolutissimum

126 355 290 390 numeris
301 353 586 391 instrumentum
597 352 665 389 ess'c
676 353 852 390 videatur.
885 352 958 390 Sed
968 364 1050 400 age,
1065 352 1272 393 hominem,
1285 355 1398 404 longe
1408 355 1510 394 aliter
1520 367 1632 405 quam
1647 357 1718 394 Ar-

128 408 317 448 chiteetus,
334 411 467 447 vivum
478 408 709 458 stantemque
721 409 967 446 dimetiamur,
982 406 1166 446 scilicetin
1178 420 1318 447 novem
1330 411 1375 447 de
1387 412 1620 461 longitudine
1630 421 1718 463 por-

127 467 261 502 tiones.
297 466 351 502 lta
363 466 463 501 enirn
480 464 679 502 hominem
689 463 799 501 solers
817 473 946 501 natura
957 462 1154 509 formavit,
1172 476 1212 502 ut
1223 464 1359 503 faciem
1379 466 1525 504 summo
1538 468 1628 505 loco
1641 469 1718 519 spe-

126 521 294 558 &andam
307 531 555 570 proponeret,
582 531 710 557 ceterae
741 531 785 557 ue
803 521 918 556 totius
930 520 1099 569 corporis
1112 531 1232 571 partes
1251 521 1603 560 commensuminde
1614 523 1720 562 susci-

126 586 266 628 perent.
280 574 435 613 Constat
446 586 570 612 autem
583 577 654 626 ipsa
665 533 781 613 rugus
793 577 926 625 paritet
942 573 1246 619 dimensionibus,
1261 588 1335 614 una
1347 580 1414 615 erit
1426 577 1446 614 ἐι
1457 578 1605 617 summo
1617 579 1720 618 fron-

127 635 187 676 tis,
200 642 272 681 qua
285 631 409 682 capilli
420 631 621 684 nascuntur
631 628 692 668 hic
702 631 748 667 ad
761 631 944 668 intercilia
954 659 964 674 ‚
987 631 1098 667 altera
1107 631 1193 668 hinc
1205 632 1249 667 ad
1261 634 1352 669 imas
1365 645 1471 671 nares
1483 661 1490 674 ,
1517 636 1663 674 ultimas
1675 637 1720 675 ab

126 689 230 725 narib
237 698 278 724 us
292 687 337 724 ad
351 696 531 723 mentum.
561 687 678 723 Prima
698 684 878 736 sapientia:
890 710 899 723 ‚
923 685 1077 723 secunda
1087 686 1372 736 pulchritudinis
1385 718 1394 734 ‚
1417 692 1522 728 tertia
1544 692 1722 730 bonitatis

126 742 238 780 sedes.
253 742 319 781 Hae
332 752 455 780 autem
465 741 546 791 ipsae
557 754 621 791 per
632 740 678 785 se,
689 752 728 778 ut
739 743 852 787 ajunt,
867 741 1481 792 multiplicat-e,integram‚quanta
1494 748 1561 784 erit
1573 747 1724 785 humani

127 800 302 850 corporis
313 798 455 841 statura,
468 797 636 840 reddent,
648 808 787 834 novem
799 797 1003 845 portiones.
1014 796 1134 833 Prima
1145 800 1211 834 erit
1222 798 1336 835 facies
1346 799 1431 851 ipsa.
1443 803 1657 840 Secundam
1669 803 1724 841 fa-

128 857 202 892 ciet
215 855 431 904 portionem
443 852 580 902 pectus.
609 852 670 889 Ab
689 851 838 889 summo
857 850 1059 888 stomacho
1070 851 1115 888 ad
1138 852 1364 891 umbilicum
1383 858 1488 893 tertia
1503 886 1514 902 ‚
1532 858 1576 895 ab
1588 858 1662 896 hoc
1672 859 1721 896 ad

127 912 248 948 imum
259 909 391 953 femur,
402 917 540 957 quarta:
552 908 644 944 duas
657 906 1144 951 continebunt‚eoxendices
1157 908 1202 944 ad
1214 910 1409 959 poplitem3
1421 914 1662 963 totidemque
1674 914 1721 952 ab

127 966 206 1004 hoc
217 964 261 1002 ad
273 965 416 1002 nodum
430 975 546 1000 crura.
577 963 663 1000 Pars
674 974 798 1000 autem
809 962 888 1000 haec
900 962 1025 1001 infima
1035 992 1045 1006 ‚
1059 975 1139 1012 qua:
1150 963 1199 1000 est
1208 964 1228 1000 ὲ
1243 964 1348 1002 nodo
1358 965 1403 1002 ad
1416 970 1719 1018 unamplantam2

127 1032 332 1071 gutturque
343 1019 434 1063 hoc,
445 1018 551 1068 quod
563 1018 612 1054 est
624 1019 671 1055 ab
681 1019 828 1057 summo
838 1019 996 1069 pestoris
1007 1018 1053 1056 ad
1072 1017 1259 1057 summum
1283 1021 1374 1070 gulae
1387 1050 1396 1066 ‚
1418 1033 1530 1072 atque
1543 1024 1603 1062 hic
1615 1026 1723 1064 semi·

130 1077 258 1114 circuli
267 1086 384 1119 arcus,
397 1077 463 1123 qui
472 1074 513 1111 fit
525 1073 700 1112 asumma
712 1074 840 1112 fronte
851 1075 896 1111 ad
907 1073 1093 1113 summum
1104 1077 1297 1121 verticem,
1309 1088 1423 1114 unam
1437 1079 1547 1117 aliam
1558 1080 1724 1120 efficient

127 1132 356 1183 portionem.
388 1131 490 1167 Nam
513 1130 650 1168 horum
669 1131 857 1178 innitur&
871 1130 964 1168 nodi
975 1130 1221 1182 poplitesque,
1230 1142 1411 1181 tanquam
1420 1135 1601 1174 interfinia
1613 1138 1723 1175 nullis

126 1189 149 1225 s
143 1199 225 1226 uam
237 1186 375 1224 cedunt
388 1187 664 1236 proprietatem.
688 1186 885 1224 Constabit
895 1188 1006 1237 igitur
1016 1186 1187 1224 humanae
1200 1187 1335 1226 staturae
1347 1189 1562 1238 longitudo,
1572 1195 1720 1242 portio-

126 1244 252 1288 nibus,
263 1242 453 1280 u'tdic'tum
463 1241 524 1282 est,
539 1254 688 1280 novem.
723 1246 951 1295 Qanquam
964 1243 1023 1280 alii
1033 1243 1138 1287 osto,
1156 1244 1226 1282 alii,
1241 1244 1346 1293 quod
1358 1246 1470 1283 rarius
1483 1247 1543 1288 est,
1556 1248 1606 1285 est
1616 1250 1718 1288 enim

128 1309 309 1349 tanquam
321 1301 359 1336 in
369 1297 512 1335 Mufice
523 1297 708 1336 dilsonum
719 1298 847 1344 ferme,
860 1298 1014 1350 septem,
1040 1299 1119 1338 alii,
1142 1300 1250 1349 quod
1263 1301 1299 1338 δε
1311 1312 1434 1338 rarum
1445 1303 1556 1341 etiam
1567 1304 1616 1342 est
1625 1331 1634 1345 ‚
1655 1305 1719 1343 de-

129 1367 216 1394 cem
227 1354 389 1392 fecerint.
423 1354 510 1392 Nos
522 1354 703 1398 medium,
716 1357 753 1392 δε
764 1355 870 1403 quod
880 1357 918 1391 in
933 1354 1115 1405 plerisque
1127 1356 1309 1394 omnibus
1321 1358 1540 1396 mortalibus
1550 1359 1723 1410 frequen·
1764 1357 1766 1359 ’

128 1414 200 1448 tius
212 1421 306 1451 erat,
330 1408 586 1449 securisumus.
602 1410 719 1448 Aede
738 1411 865 1448 adulto
884 1412 1078 1461 loquimur
1090 1413 1191 1456 viro,
1210 1423 1290 1450 non
1302 1411 1347 1450 de
1365 1414 1486 1462 pueris
1506 1414 1722 1461 infantibuQ

128 1478 298 1516 quorum
308 1469 345 1504 in
356 1465 629 1516 longitudinem
639 1467 805 1504 mensura
816 1468 941 1505 omnis
950 1478 1029 1504 non
1042 1467 1106 1504 nisi
1115 1479 1276 1517 quatuor
1288 1468 1434 1507 constat
1443 1469 1722 1510 faciebus.Nam

130 1523 177 1561 de
190 1522 356 1561 humana
366 1534 429 1573 per
445 1521 602 1572 singulas
616 1533 737 1561 aetates
757 1520 978 1573 Symmetria
991 1553 1000 1566 ‚
1019 1535 1101 1572 quae
1112 1525 1149 1560 in
1171 1526 1289 1576 prima
1301 1553 1311 1569 ‚
1330 1525 1450 1564 media
1462 1537 1573 1578 atque
1591 1529 1723 1567 ultima

128 1580 283 1629 pueritia
296 1608 306 1623 ‚
324 1581 416 1616 item
438 1578 686 1617 adolescentia
696 1606 704 1620 ‚
726 1581 915 1625 iuventute
935 1581 973 1617 ὃς
990 1579 1011 1615 s
1005 1579 1173 1618 cne&ute
1191 1579 1488 1630 deprehendatur
1498 1612 1508 1628 ‚
1529 1586 1620 1622 certi
1631 1584 1722 1622 nihil

129 1647 236 1672 nunc
246 1633 374 1672 afferre
388 1633 582 1685 possemus.
616 1635 862 1674 Brachiorum
872 1646 997 1674 autem
1008 1637 1190 1675 alterutri,
1204 1637 1337 1686 pariter
1347 1637 1474 1675 lacerti
1485 1665 1494 1682 ‚
1515 1638 1724 1689 sesquialte-

131 1702 210 1728 ram
221 1690 472 1729 continebunt
484 1694 699 1741 portionem
712 1721 722 1737 ,
742 1704 872 1729 manus
885 1704 1001 1730 unam
1012 1693 1131 1730 aliam.
1161 1694 1391 1745 Qanquam
1403 1692 1472 1731 sint
1487 1697 1551 1744 qui
1563 1698 1722 1734 metian-

131 1756 190 1784 tur
203 1745 262 1784 sic:
276 1747 323 1783 ab
333 1747 496 1785 humeris
508 1746 732 1785 extrinsecus
743 1749 787 1785 ad
798 1749 982 1794 junCturas
993 1749 1299 1793 articulorum‚ab
1310 1747 1446 1787 ascellis
1457 1762 1548 1789 vero
1559 1752 1726 1790 intrinse-

132 1813 198 1840 cus
210 1803 256 1839 ad
268 1802 434 1840 confinia
445 1804 577 1854 palmae
595 1816 637 1841 ac
649 1805 854 1854 digitorum
867 1831 875 1845 ,
895 1804 1007 1842 facies
1019 1815 1091 1842 tres
1103 1833 1113 1849 ,
1134 1805 1300 1842 alterutri
1318 1817 1442 1843 aurem
1460 1809 1627 1853 articuli,
1639 1820 1723 1846 una.

133 1858 519 1913 Qomodocumque
539 1859 574 1896 id
594 1872 723 1910 parum
734 1860 844 1898 refert
854 1889 865 1905 ‚
886 1861 1008 1898 modo
1021 1860 1259 1898 brachiorum
1278 1871 1357 1899 tota
1368 1862 1568 1911 longitudo
1580 1863 1723 1915 septem

134 1915 369 1951 contincatur
386 1914 563 1959 faciebus,
573 1926 611 1952 ut
622 1916 774 1966 diipeffae
784 1928 914 1954 manus
928 1917 1060 1954 rcCtam
1071 1915 1182 1966 ipsam
1194 1919 1362 1966 corporis
1374 1918 1650 1966 longitudinem
1661 1919 1724 1955 de-

132 1969 235 2008 finire
245 1970 488 2008 inveniantur.
511 1971 630 2008 Pedes
649 1982 775 2014 autem,
785 1974 833 2009 ita
851 1973 897 2009 ab
909 1973 1084 2010 extremis
1096 1972 1176 2009 talis
1188 1973 1233 2008 ad
1245 1982 1452 2009 extremum
1464 1985 1627 2023 unguem
1640 1984 1726 2025 pro-

133 2025 333 2069 ducuntur,
347 2036 389 2063 ut
399 2025 557 2063 eandem
567 2026 619 2063 bis
631 2037 685 2064 ter
695 2027 731 2064 ἃς
743 2039 821 2064 uno
832 2028 963 2072 altero,
976 2028 1093 2064 tribus
1105 2026 1180 2064 fere
1192 2027 1314 2077 digitis
1324 2029 1461 2073 minus,
1474 2032 1723 2067 commetian-

134 2091 210 2118 tur.
232 2080 348 2117 Paulo
368 2083 587 2131 explicatius
599 2081 678 2120 haec
689 2083 709 2119 a
721 2085 953 2121 Scamozzio
964 2083 1154 2121 traduntur
1164 2084 1200 2119 in
1214 2083 1314 2120 hunc
1326 2083 1496 2121 modum.

193 2137 292 2190 Qia
315 2135 384 2182 (ut
406 2137 503 2173 reete
521 2136 610 2173 dicit
631 2137 821 2175 Aristotel.
844 2137 1047 2187 Metaphys.
1066 2149 1124 2173 10.
1146 2150 1177 2174 c.
1198 2148 1213 2177 3
1224 2167 1232 2174 .
1251 2139 1289 2174 ὃς
1306 2150 1336 2181 5-
1358 2150 1438 2188 cap.
1455 2152 1469 2175 1
1480 2140 1540 2186 2.)
1563 2142 1600 2176 in
1619 2142 1726 2178 omni

136 2202 271 2241 genere
284 2202 436 2240 oportet
448 2189 514 2228 effe
533 2192 736 2230 mensuram
758 2194 916 2242 primam
938 2193 975 2228 &
996 2193 1238 2243 principalem
1251 2195 1429 2230 omnium
1447 2207 1527 2243 quae
1542 2197 1726 2246 pertinent

137 2247 184 2284 ad
195 2258 313 2285 unum
324 2257 461 2295 genus:
489 2248 525 2283 in
540 2247 787 2284 mensurando
799 2259 959 2297 corpore
972 2246 1138 2284 humano
1156 2248 1309 2286 sumitur
1330 2258 1392 2285 aut
1410 2252 1572 2298 palmus,
1591 2263 1653 2289 aut
1676 2252 1727 2289 fa-

138 2305 225 2342 cies.
249 2302 296 2339 Et
317 2303 404 2339 licet
425 2302 507 2339 satis
526 2302 669 2340 divers-ae
682 2303 749 2340 sint
766 2304 967 2352 opiniones
985 2303 1030 2339 de
1049 2304 1296 2352 proportione
1309 2331 1318 2347 ,
1334 2313 1375 2340 ut
1395 2305 1504 2346 ono,
1529 2317 1592 2344 aut
1613 2309 1726 2346 etiam

140 2373 175 2397 x.
189 2358 369 2395 facierum
382 2360 419 2395 in
430 2358 633 2396 altitudine,
654 2370 778 2396 tamen
792 2360 954 2396 maxime
967 2360 1195 2396 conveniens
1205 2357 1328 2396 forma
1338 2361 1448 2397 virilis
1460 2362 1656 2401 aestimatur
1669 2378 1726 2401 1x.

139 2414 335 2452 facierum.
357 2414 481 2459 Cujus
505 2415 695 2463 opinionis
711 2414 862 2451 fuerunt
879 2425 1038 2463 quoque
1057 2415 1278 2453 excellentes
1291 2416 1467 2455 Ρίξὶοῐες.
1494 2419 1540 2455 Et
1553 2419 1727 2457 dividitur

139 2472 178 2508 in
198 2472 296 2508 hunc
314 2469 498 2506 modum.
528 2469 567 2505 A
584 2471 722 2506 vertice
742 2471 872 2520 capitis
891 2469 936 2506 ad
947 2470 1086 2506 radices
1107 2471 1326 2520 capillorum
1343 2471 1392 2510 est
1409 2474 1537 2523 pollex
1553 2480 1650 2512 unus'
1663 2484 1727 2512 aut

141 2528 249 2565 tertia
269 2537 350 2575 pars
369 2525 478 2562 faciei
490 2550 498 2564 ‚
517 2524 576 2563 sed
597 2527 685 2574 quia
708 2525 849 2576 estpars
861 2526 1153 2571 excrementosa‚
1166 2538 1245 2565 non
1263 2529 1597 2579 comprehenditur
1617 2533 1654 2568 in
1665 2531 1730 2568 tali

143 2580 345 2621 altitudine.
1182 2602 1185 2605 ·

254 2636 293 2675 A
312 2637 500 2688 principio
520 2636 742 2686 capillorum
755 2636 866 2687 usque
887 2636 932 2675 ad
942 2645 1112 2676 mentum
1454 2653 1536 2692 pars
1552 2656 1582 2680 1.

254 2693 295 2730 A
313 2702 446 2731 mento
465 2691 510 2729 ad
527 2693 693 2742 jugulum
715 2692 811 2741 gulae
1460 2709 1542 2748 pars
1554 2714 1578 2738 0
1590 2700 1615 2743 ξ,

254 2749 292 2786 Α
311 2749 444 2798 jugulo
461 2747 505 2785 ad
527 2749 753 2785 mammillas
1460 2765 1542 2804 pars
1558 2769 1588 2792 1.

256 2804 295 2842 A
317 2804 531 2841 mammillis
552 2803 597 2840 ad
617 2804 839 2841 umbilicum
1460 2820 1543 2859 pars
1560 2823 1591 2849 1.

260 2859 326 2896 Ab
348 2859 530 2897 umbilico
553 2859 597 2895 ad
617 2871 750 2909 penem
1462 2876 1544 2916 pars
1562 2879 1594 2903 1.

257 2916 303 2954 Et
324 2915 400 2954 hoc
420 2916 469 2954 est
487 2915 683 2954 dimidium
703 2915 906 2954 altitudinis
925 2918 1095 2968 corporis
1114 2916 1233 2958 stantis
1254 2919 1366 2958 erec'li
1383 2920 1423 2958 in
1441 2921 1562 2972 pedes.

1090 2985 1109 3009 e
1141 2985 1162 3011 2
1357 2981 1359 2985 '
1595 2977 1739 3029 Apene
