2023 3162
267 40 318 73 24
600 24 799 63 Leoms
837 23 1121 62 anxsssffi
1170 37 1226 61 DE
1267 25 1528 64 ALBERTIS

262 96 300 132 in
313 104 449 130 cavum
462 91 646 131 recedant,
668 103 897 142 quantumve
907 104 1062 140 quaeque
1075 103 1155 141 pars
1167 92 1328 129 declinet
1339 106 1380 130 ac
1394 93 1571 138 defrenat,
1584 105 1774 146 appareat:
1795 97 1858 134 Sic

263 149 386 186 albi&
398 150 491 199 nigri
503 151 734 185 concinnitas
747 146 878 186 efficit,
903 147 1014 189 illud,
1035 148 1142 196 quod
1153 149 1260 184 Nitiae
1272 149 1404 198 pictori
1415 148 1629 187 Athenienii
1639 153 1736 188 laudi
1748 152 1859 189 daba-

263 216 333 242 tur.
366 205 531 258 Qodve
544 204 674 240 artifici
686 205 723 239 in
735 204 863 252 primis
876 203 1084 252 optandum
1099 203 1148 239 est
1163 232 1172 246 ,
1194 214 1233 240 ut
1245 203 1310 240 suae
1324 216 1378 240 res
1392 205 1495 253 pie'tae
1519 209 1681 244 maxime
1694 210 1858 245 eminere

265 261 476 302 videantur.
521 261 681 296 Zeuxim
700 257 972 295 nobiliss'imum
992 257 1352 308 vetustiss‘imumque
1377 260 1558 310 fictorem
1581 261 1708 298 dicunt
1720 291 1728 305 ‚
1758 264 1859 312 quasi

265 318 473 368 principem
485 314 595 366 ipsam
609 313 701 351 lianc
714 315 900 351 luminum
913 313 948 349 Sc
962 315 1176 350 umbrarum
1189 316 1374 351 rationem
1388 343 1397 358 ‚
1411 315 1572 353 tenniss'e.
1605 317 1757 354 Caeteris
1768 331 1859 356 vero

267 384 309 408 ea
320 373 396 408 laus
408 372 564 408 minime
576 370 751 407 attributa
762 369 821 406 est.
854 370 937 418 Ego
949 371 1104 418 quidem
1116 370 1297 419 pi'Ctorem
1311 371 1458 407 nullum
1479 373 1538 408 vel
1550 372 1785 409 mediocrem
1797 386 1859 423 pu-

267 427 368 464 tabo,
384 438 468 463 cum
480 427 630 474 quinon
644 427 751 475 plane
762 425 939 473 intelligat
950 454 959 469 ‚
973 438 1091 474 quam
1102 428 1179 462 vim
1190 426 1321 462 umbra
1332 429 1453 463 omnis
1465 430 1500 464 ὅ(
1516 428 1655 464 lumina
1668 430 1703 463 in
1713 428 1860 476 quibus-

267 496 339 531 que
351 480 612 531 superficiebus
626 481 795 518 habeant.
827 481 946 517 Pieros
958 493 1031 530 ego
1045 482 1172 519 vultus
1195 482 1229 518 ἅ
1244 482 1363 518 doctis
1377 481 1411 517 8<
1424 483 1581 520 indoffls
1595 486 1861 520 conlcntienti-

267 540 333 575 bu-
348 537 522 575 laudabo,
538 549 604 574 cos·
616 538 694 586 qui,
706 538 819 573 veluti
830 535 1024 586 exsculpti‚
1037 547 1158 574 extare
1171 536 1190 572 a
1203 538 1335 574 tabulis
1349 538 1557 575 videantur:
1581 540 1717 587 eosque
1729 550 1861 577 contra

266 593 655 642 vituperab0‚qu1bus
668 593 871 630 immanis,
893 591 959 628 nisi
970 591 1180 630 fortass'isin
1193 594 1447 631 lineamentis,
1470 594 1624 631 eluceat.
1657 596 1757 632 Bene
1770 607 1862 631 con-

269 651 439 698 ieriptam
455 678 463 693 ‚
478 651 619 698 optimc
631 649 841 685 coloratam
854 648 1174 698 compolitioncm
1188 648 1255 686 effe
1268 651 1395 687 velim.
1427 650 1526 698 Ergo
1540 661 1577 686 ut
1589 652 1861 699 vituperatione

269 714 417 741 careant
431 733 440 748 ,
462 715 575 752 utque
586 705 734 741 laudem
746 715 971 747 mereantur,
983 705 1019 740 in
1030 706 1155 753 primis
1166 706 1304 741 lumina
1318 707 1352 742 ὃ(
1366 706 1503 742 umbi-:e
1515 705 1783 754 diligentiffime
1794 719 1864 742 no-

267 761 379 798 tanda
392 761 482 797 lunt.
512 760 638 809 Atque
659 759 1029 797 animadvertendum
1043 771 1156 808 quam
1169 761 1205 796 in
1228 772 1310 797 eam
1322 760 1554 810 superficiem
1569 790 1578 804 ‚
1600 764 1634 797 in
1648 773 1760 810 quam
1773 763 1862 798 radii

268 817 458 854 luminum
470 815 619 854 feriant,
643 817 749 853 color
762 815 833 866 ipse
846 815 1143 864 insignioratque
1156 816 1386 853 illustriorsit.
1418 817 1524 853 Tum
1536 828 1577 854 ut
1588 816 1862 855 dchmcscnfim

271 872 466 909 deficiente
477 874 511 910 vi
525 873 729 916 luminum,
748 872 846 907 idem
858 872 967 907 color
984 870 1167 907 subfuscus
1179 871 1358 908 reddatur.
1385 873 1557 921 Denique
1570 874 1862 911 :mii-nadverten-

271 929 362 965 dum
375 928 423 964 est
439 957 447 972 ,
468 940 546 977 quo
559 928 665 977 pacto
677 926 813 976 semper
832 926 973 962 umbrae
987 926 1186 963 luminibus
1203 940 1245 964 ex
1259 927 1409 963 adverso
1420 928 1680 977 respondeant,
1703 940 1743 966 ut
1753 929 1860 966 nullo

271 996 431 1033 corpore
442 983 647 1032 superficies
658 983 798 1019 lumine
809 981 1015 1024 illustretur,
1029 983 1064 1017 in
1077 994 1154 1030 quo
1166 982 1300 1018 eodem
1313 985 1509 1019 contrarias
1521 983 1748 1033 superficies,
1777 996 1864 1021 um-

273 1039 345 1077 bris
358 1040 534 1077 obtectas,
551 1050 628 1074 non
640 1039 810 1087 reperias.
843 1037 916 1073 Sed
928 1048 1112 1085 quantum
1124 1039 1169 1074 ad
1183 1039 1322 1074 lumina
1335 1039 1432 1076 albo,
1449 1040 1485 1075 ὃ(
1498 1040 1646 1076 umbras
1659 1042 1765 1089 nigro
1777 1041 1862 1077 imi-

272 1095 402 1131 tandas
415 1096 581 1144 pertinet,
597 1094 801 1130 admoneo:
813 1103 851 1130 ut
861 1095 1088 1143 praecipuum
1102 1093 1258 1130 studium
1270 1094 1440 1131 adhibeas
1451 1094 1494 1130 ad
1506 1093 1709 1144 superficies
1722 1108 1780 1133 eas
1793 1107 1860 1133 co-

274 1149 517 1200 gnoscendas,
531 1163 610 1198 quae
623 1150 763 1185 lumine
782 1160 846 1186 aut
857 1149 987 1185 umbra
1000 1150 1170 1199 pertastae
1185 1149 1274 1187 sunt.

330 1207 372 1242 ld
384 1206 536 1254 quidem
549 1220 568 1243 a
580 1216 707 1242 natura
727 1207 763 1242 ἅ
784 1206 890 1242 rebus
903 1204 983 1257 ipsis
1003 1205 1157 1254 pulchre
1168 1206 1356 1256 perdisces.
1392 1208 1460 1244 Eas
1473 1207 1622 1245 demum
1643 1220 1730 1245 cum
1742 1207 1862 1257 probe

274 1263 453 1300 tenueris,
478 1273 567 1299 cum
580 1260 764 1297 leviss‘tmo
776 1262 861 1298 albo
872 1273 983 1309 quam
1004 1261 1211 1310 parcissime
1222 1262 1287 1300 suo
1309 1265 1400 1300 loco
1413 1267 1503 1300 intra
1515 1264 1676 1301 fimbrias
1689 1265 1863 1301 colorem

275 1318 404 1354 alter-es
418 1346 427 1361 ‚
450 1318 593 1366 suoque
605 1319 796 1354 contrario
806 1318 897 1354 loco
909 1318 1044 1367 pariter
1058 1320 1205 1367 nigrum
1225 1320 1316 1356 ilico
1327 1320 1514 1369 adiunges.
1545 1321 1645 1356 Nam
1658 1319 1727 1356 hac
1740 1318 1864 1356 albi&

273 1375 370 1422 nigri
381 1374 667 1415 conlibratione‚
679 1384 717 1409 ut
729 1374 777 1410 ita
788 1373 923 1411 dicam,
936 1373 1082 1423 surgens
1093 1376 1344 1425 prominentia
1357 1404 1366 1419 ‚
1377 1375 1415 1412 fit
1427 1376 1679 1425 perspicacior.
1713 1374 1864 1411 Dehinc

275 1431 354 1479 pari
364 1428 585 1479 parsimonia
598 1429 857 1466 additamentis
871 1428 1102 1481 prosequere,
1113 1431 1365 1481 quoad‚quod
1377 1430 1454 1468 satis
1468 1430 1521 1474 sit,
1533 1429 1732 1468 ass'ecutum
1743 1441 1779 1467 te
1791 1434 1867 1466 len-

275 1487 358 1522 tias.
389 1486 465 1521 Erit
478 1485 628 1534 quidem
641 1484 685 1521 ad
697 1498 777 1522 cam
789 1498 867 1523 rem
881 1486 1187 1536 cognoscendam
1201 1488 1309 1532 iudex
1322 1489 1490 1535 optimus
1502 1485 1702 1536 speculum.
1730 1486 1789 1522 Ac
1803 1497 1866 1521 ne-

273 1541 352 1577 scio
364 1554 441 1590 quo
453 1542 564 1591 paeto
585 1553 637 1578 res
649 1541 750 1591 pic‘tae
769 1543 805 1578 in
817 1541 968 1592 speculo
987 1545 1141 1592 gratiam
1154 1543 1310 1580 habeant
1323 1572 1332 1587 ,
1350 1542 1375 1579 si
1386 1544 1479 1581 vitio
1491 1553 1646 1580 careant.
1679 1543 1780 1578 Tum
1794 1543 1865 1578 mi-

274 1609 361 1633 rum
374 1597 434 1633 est.
452 1609 489 1634 ut
499 1600 624 1634 omnis
636 1598 773 1634 menda
784 1599 947 1648 pisturae,
958 1599 995 1634 in
1006 1598 1155 1649 speculo
1168 1599 1374 1636 deformior
1385 1610 1563 1649 appareat.
1579 1598 1614 1634 A
1626 1608 1757 1634 natura
1771 1608 1863 1646 ergo

273 1652 453 1703 suscepta,
465 1652 600 1703 speculi
610 1653 752 1697 judicio
762 1654 1019 1691 emendentur.
1040 1655 1111 1691 Sed
1121 1656 1229 1692 liceat
1240 1655 1298 1691 hic
1311 1656 1502 1692 nonnulla,
1516 1667 1596 1704 quae
1609 1655 1626 1690 “a
1638 1665 1765 1690 natura
1776 1652 1864 1689 hau-

275 1707 546 1752 fimus‚1·eferre.
556 1709 814 1746 Animadverti
825 1710 992 1759 quidem,
1003 1721 1043 1747 ut
1054 1712 1170 1761 planae
1182 1709 1387 1762 superficies
1399 1711 1636 1747 uniformem,
1653 1711 1759 1746 omni
1769 1709 1862 1745 loco

275 1763 349 1808 sui,
370 1767 543 1802 colorem
557 1764 717 1802 servent:
738 1765 1027 1815 Sphaericaevero
1048 1769 1084 1804 ὅ(
1106 1779 1283 1804 concavae
1304 1767 1454 1803 colores
1479 1769 1632 1803 varient.
1664 1766 1766 1802 Nam
1784 1764 1861 1800 istic

278 1820 430 1859 clarior,
451 1822 524 1858 illic
538 1820 742 1858 obscurior.
776 1822 868 1858 Alio
880 1823 1094 1867 veroloco,
1118 1824 1228 1859 medii
1251 1825 1390 1860 coloris
1411 1824 1546 1873 species
1566 1822 1735 1858 servatur.
1771 1819 1862 1855 Haec

276 1884 401 1911 autem
416 1877 554 1912 coloris
567 1879 602 1914 in
613 1889 689 1913 non
703 1879 817 1926 planis
829 1877 1087 1929 superficiebus
1099 1879 1279 1921 alteratio,
1293 1877 1550 1915 difficultatem
1562 1875 1710 1913 exhibet
1721 1876 1863 1923 ignavis

274 1930 495 1979 piCtoribtis:
510 1931 567 1967 sed
578 1930 616 1973 si,
628 1942 667 1967 ut
677 1933 888 1976 docuimus,
900 1933 996 1969 rede
1007 1933 1168 1970 fimbrias
1179 1933 1450 1982 superficierum
1462 1934 1581 1982 pic‘tor
1593 1928 1861 1979 conscripserit,

273 1986 534 2034 luminumque
548 1984 645 2022 sedes
657 1985 911 2023 discriminant
924 1987 1056 2029 ‚facilis
1070 1998 1152 2024 tum
1166 1989 1317 2035 quidem
1330 1989 1397 2024 erit
1409 1986 1604 2023 color-andi
1617 1988 1722 2023 ratio.
1756 1986 1862 2023 Nam

275 2039 461 2077 levissimo
474 2040 572 2089 quasi
582 2042 839 2090 toreprimum
850 2040 961 2090 usque
974 2043 1019 2078 ad
1030 2040 1244 2079 discriminis
1256 2044 1403 2079 lineam.
1419 2043 1506 2078 albo
1519 2053 1580 2078 aut
1593 2044 1699 2090 nigro
1711 2052 1793 2077 eam
1806 2041 1862 2077 su-

276 2095 482 2146 perficiem,
494 2106 535 2133 ut
544 2106 726 2146 oporteat,
739 2098 924 2134 alterabit:
938 2097 1088 2133 Dehinc
1099 2099 1206 2133 aliam
1215 2126 1224 2140 ‚
1234 2108 1273 2134 ut
1284 2099 1332 2134 ita
1344 2098 1488 2145 loquar,
1499 2099 1761 2134 irrorationcm
1772 2098 1861 2133 citra

276 2153 414 2189 lineam
427 2181 437 2197 ‚
458 2151 539 2202 post
549 2152 644 2189 hanc
656 2152 763 2189 aliam
776 2153 864 2189 citra
875 2152 982 2191 hanc,
996 2153 1032 2188 ἃ·
1045 2154 1133 2189 citra
1147 2164 1229 2189 eam
1240 2154 1346 2189 aliam
1359 2152 1634 2203 superaddendo
1644 2152 1861 2201 affequctur,

277 2217 317 2245 ut
329 2219 419 2244 cum
429 2206 600 2245 illustrior
610 2208 717 2246 locus
728 2209 900 2258 apertiori
914 2208 1044 2245 colore
1057 2209 1254 2258 pertin-stus
1265 2207 1323 2249 fit,
1343 2219 1423 2245 tum
1435 2209 1535 2244 idem
1548 2209 1724 2258 deinceps
1736 2209 1858 2246 color.

276 2262 374 2312 quasi
386 2263 520 2307 fumus,
532 2265 568 2299 in
580 2265 776 2312 contiguas
787 2275 904 2314 partes
916 2264 1084 2301 diluatur.
1116 2264 1171 2300 At
1181 2263 1382 2301 meminiffe
1393 2274 1555 2314 oportet,
1568 2266 1708 2301 nullam
1719 2262 1862 2314 superfi-

275 2320 373 2356 ciem
384 2317 495 2367 usque
506 2319 602 2356 adeo
613 2319 855 2356 dealbandam
868 2319 935 2356 css'e
949 2349 958 2363 ‚
978 2330 1018 2356 ut
1028 2320 1185 2357 eandem
1207 2321 1328 2356 multo
1339 2331 1380 2356 ac
1395 2321 1517 2357 multo
1530 2320 1784 2357 candidiorem
1797 2331 1862 2356 ne-

276 2386 390 2423 queas
400 2373 555 2410 efficere.
585 2375 677 2426 Ipsas
689 2388 842 2424 quoque
862 2378 985 2413 niveas
997 2376 1108 2412 vestes
1127 2376 1393 2426 exprimendo.
1417 2377 1507 2412 citra
1525 2377 1700 2412 ultimum
1721 2372 1865 2412 cando-¹

277 2442 356 2467 rem
375 2431 486 2479 longe
505 2428 741 2468 residendum
761 2432 820 2468 est.
860 2433 962 2469 Nam
982 2430 1092 2468 habet
1104 2432 1225 2481 pic‘tor
1246 2431 1343 2468 aliud
1354 2431 1445 2467 nihil
1459 2461 1467 2474 ,
1487 2444 1601 2480 quam
1613 2432 1738 2467 album
1752 2431 1858 2468 colo-

276 2497 377 2524 rem,
401 2498 480 2534 quo
492 2487 643 2523 ultimos
654 2485 776 2523 tersissi
783 2499 928 2524 marum
940 2487 1209 2537 superficierum
1220 2486 1381 2536 fulgores
1398 2488 1579 2523 imitetur:
1601 2488 1794 2535 solumque
1804 2487 1858 2535 ni-

276 2553 385 2590 grum
396 2542 536 2580 invenit
549 2571 558 2586 ‚
577 2554 656 2590 quo
667 2543 810 2580 ultimas
823 2543 941 2579 nostis
953 2543 1121 2580 tenebras
1134 2542 1273 2579 referat.
1303 2542 1446 2579 Idcirco
1459 2545 1493 2579 in
1503 2543 1592 2579 albis
1610 2542 1764 2580 vestibus
1777 2543 1856 2590 pin-

276 2597 403 2645 gendis
417 2626 426 2641 ,
447 2609 562 2634 unum
577 2610 622 2634 ex
635 2609 795 2647 quatuor
806 2599 999 2646 generibus
1015 2601 1193 2636 colorum
1214 2596 1388 2647 ssrscipere
1399 2611 1492 2647 opus
1505 2599 1554 2634 est
1567 2626 1573 2637 ‚
1588 2598 1691 2646 quod
1703 2596 1855 2645 quidem

276 2662 445 2699 apertum
459 2656 495 2690 ὃ(
509 2653 723 2691 clatumfit:
746 2654 983 2703 quueipsum
1004 2665 1133 2690 contra
1146 2655 1181 2689 in
1194 2656 1300 2702 nigro
1314 2682 1322 2696 ,
1342 2653 1498 2690 fortassis
1520 2656 1632 2703 pallio
1652 2650 1853 2702 pingendo,

276 2708 389 2743 alium
400 2720 623 2752 extremum,
633 2710 737 2758 quod
750 2722 827 2746 non
842 2711 954 2759 longe
965 2710 1009 2746 ab
1021 2710 1150 2745 umbra
1163 2709 1281 2753 distet,
1302 2710 1413 2746 veluti
1429 2709 1600 2759 profundi
1621 2711 1657 2745 ὅ(
1677 2706 1853 2753 nigrantis

276 2764 385 2798 maris
398 2766 582 2808 colorem,
594 2765 789 2803 sumemus,
801 2766 974 2814 Denique
987 2767 1062 2803 vim
1073 2776 1211 2802 tantam
1225 2765 1301 2802 haec
1315 2766 1386 2801 albi
1399 2767 1435 2802 ἃ
1450 2766 1543 2813 nigri
1555 2760 1782 2811 compositio
1794 2761 1854 2797 lia-

277 2817 351 2858 bet,
363 2828 401 2853 ut
411 2829 483 2855 arte
497 2820 532 2855 δέ
548 2822 668 2858 modo
680 2821 783 2864 fasta,
795 2833 922 2858 aureas
944 2821 1204 2870 argenteasque
1226 2833 1269 2857 ac
1282 2822 1410 2857 vitreas
1424 2816 1635 2869 splendidiss‘i
1644 2828 1720 2852 mas
1732 2816 1855 2866 super-

273 2871 375 2911 ficies
396 2873 621 2913 demonstret
640 2879 678 2913 in
696 2877 848 2929 pietura.
879 2877 978 2926 Ergo
991 2876 1228 2916 vehementer
1247 2873 1565 2927 vituperandisunt
1583 2872 1763 2922 pistores,
1788 2872 1852 2919 qui

1761 2928 1850 2964 albo
