2023 3162
489 50 553 75 ns
599 37 1116 79 AncuvrzcrvnA
1173 39 1378 80 L1B.11.
1696 60 1742 86 21

149 105 371 158 profitentur
381 131 391 148 ‚
413 106 512 143 unde
526 105 782 143 Architestura
791 105 958 144 nascatur
969 136 979 151 ‚
1002 105 1061 143 sed
1071 106 1169 144 unde
1188 108 1350 158 origines
1359 107 1602 150 aedificiorum
1612 110 1680 150 smt
1690 115 1745 152 in-

148 164 300 200 stiturae:
321 165 359 200 &
370 163 502 210 quibus
514 161 719 198 rationibus
730 163 897 199 enutritae
916 164 954 200 ὃς
973 163 1164 214 progreffae
1177 162 1245 200 fint
1256 164 1436 213 gradatim
1447 168 1491 204 ad
1503 167 1597 204 hanc
1606 169 1741 207 finitio-

149 230 251 255 nem.
281 218 380 267 Ergo
392 219 441 255 ita
451 216 515 254 suo
526 217 657 254 ordine
669 219 706 254 ὅ(
718 218 811 254 loco
822 219 889 255 erit
899 217 1006 264 hujus
1017 219 1223 257 voluminis
1238 220 1469 258 constitutio.
1496 224 1611 261 Nunc
1623 237 1741 263 rever-

149 284 204 312 tar
223 273 268 311 ad
289 272 524 324 propositum
542 302 552 317 ,
574 275 611 310 &
631 272 676 309 dc
698 275 818 323 copiis
830 303 841 318 ‚
861 286 942 322 quae
960 284 1050 325 aptae
1069 274 1152 313 sunt
1167 274 1411 315 oedificiorum
1431 278 1741 328 perfectionibus,

147 330 475 378 quemadmodum
495 329 686 366 videantur
696 329 766 366 ess'e
778 330 823 366 ab
835 339 960 367 natura
969 342 1091 368 rerum
1104 342 1314 382 procreatae,
1329 333 1532 383 quibusque
1542 337 1740 373 mixtioni-

148 387 216 423 bus
228 387 498 436 principiorum
510 385 720 433 congrcffus
732 395 985 435 temperentur
996 415 1006 430 ‚
1027 398 1073 423 ne
1083 386 1158 424 obs
1152 398 1250 433 cura,
1261 388 1320 426 sed
1331 389 1518 442 perspicua
1529 391 1738 441 legentibus

147 440 235 484 sint,
256 441 517 478 ratiocinabor.
549 440 726 489 Namque
737 441 838 478 nulla
848 443 1081 479 materiarum
1092 454 1227 491 genera
1239 470 1247 483 ,
1271 457 1392 494 neque
1415 457 1577 497 corpora
1589 476 1599 491 ‚
1618 459 1738 496 neque

146 509 204 534 res
215 497 288 533 sine
300 497 570 552 principiorum
583 505 690 533 coetu
700 497 797 534 nasci
811 523 819 535 ,
834 508 955 546 neque
965 496 1093 542 subjici
1104 500 1303 538 intellectui
1313 500 1459 550 possunt
1472 531 1482 547 ‚
1503 513 1623 550 neque
1634 505 1737 540 aliter

147 564 278 590 natura
287 563 408 588 retum
420 552 610 601 praeceptis
622 551 863 599 Phyficorum
875 564 974 590 veras
984 555 1119 603 patitur
1131 553 1263 590 habere
1273 558 1536 605 explicationes
1549 571 1556 593 ε
1569 558 1635 595 nili
1648 571 1736 596 cau-

148 607 190 646 sa:
203 638 211 652 ‚
231 621 311 658 quae
323 606 447 644 suntin
460 607 515 643 his
527 607 634 644 rebus
647 636 657 652 ,
675 608 1000 657 quemadmodum
1012 608 1049 645 δε
1059 609 1147 658 quid
1156 612 1207 646 ita
1216 609 1283 647 siut
1294 641 1304 656 ‚
1326 612 1518 650 subtilibus
1531 614 1736 652 rationibus

148 664 309 702 habeant
319 662 666 700 demonstrationes.

788 753 942 791 CAP.
1001 753 1067 791 11.

182 844 264 894 De
277 842 535 916 Principiis
556 860 735 901 rerum,
749 840 1018 916 ficundnm
1032 841 1424 917 Philoffiphomm
1438 847 1692 918 opiniones.

145 969 268 1052 TH
279 982 300 1006 A
315 982 333 1005 L
346 981 364 1005 E
381 981 394 1004 s
415 970 568 1018 quidem
590 970 754 1020 primum
766 981 901 1018 aquam
920 971 1065 1020 putavit
1083 972 1258 1009 omnium
1270 984 1393 1010 rerum
1417 972 1486 1010 effe
1498 975 1735 1026 principium?

230 1025 439 1062 Heraclitus
451 1025 625 1075 Ephesius
637 1051 645 1064 ‚
669 1026 736 1074 qui
746 1035 899 1075 propter
910 1026 1181 1064 obscuritatem
1195 1027 1448 1078 Scriptorum,
1464 1030 1483 1066 ὲ
1494 1030 1576 1067 Groe
1583 1032 1634 1067 cis
1655 1046 1734 1070 <rne-

143 1077 237 1120 τεινές
247 1080 296 1117 est
305 1081 518 1130 appellatus,
531 1083 671 1130 ignem.
704 1082 964 1126 Democritus,
983 1084 1121 1132 quique
1134 1095 1221 1119 eum
1229 1083 1373 1121 secutus
1385 1085 1433 1121 est
1446 1086 1642 1135 Epicurus,
1652 1097 1735 1124 ato-

142 1149 241 1184 mos;
254 1148 349 1185 quos
360 1136 472 1173 nostri
494 1136 703 1174 insecabilia
714 1148 893 1186 corpora,
916 1138 1567 1178 nonnulliindividuavocitaverunt.
1602 1142 1736 1191 Pytha-

143 1203 354 1241 goraeorum
363 1204 456 1230 vero
467 1191 655 1243 disciplina
673 1192 807 1238 adjecit
819 1194 857 1229 &
869 1204 1004 1242 aquam
1021 1193 1059 1230 δε
1081 1195 1209 1242 ignem
1221 1224 1232 1239 ,
1253 1197 1339 1233 a'eta
1350 1198 1387 1233 ὃ(
1398 1207 1598 1234 terrenum.
1632 1198 1733 1248 Ergo

141 1249 400 1287 Democritus,
415 1247 479 1286 etii
488 1259 566 1286 non
576 1250 726 1299 proprie
738 1260 792 1285 res
804 1249 1017 1287 nominavit
1027 1278 1038 1295 ‚
1051 1248 1109 1286 sed
1119 1260 1263 1288 tantum
1274 1252 1463 1290 individua
1474 1265 1636 1303 corpora
1645 1266 1735 1303 pro-

141 1302 262 1355 posuit
274 1332 284 1348 ,
302 1303 388 1340 ideo
400 1316 444 1342 ea
455 1305 529 1355 ipsa
540 1303 660 1342 dixiffe
671 1304 816 1342 videtur
828 1330 836 1343 ‚
862 1305 925 1351 [a]
938 1305 1044 1354 quod
1054 1317 1096 1342 ea
1107 1318 1196 1343 cum
1208 1306 1288 1344 sunt
1299 1307 1479 1353 disjuncta
1492 1338 1502 1353 ‚
1523 1321 1594 1346 nec
1603 1310 1737 1358 legun-

141 1369 215 1405 tur,
234 1370 304 1396 nec
314 1359 612 1399 internecionem
632 1361 813 1411 recipiunt
824 1389 835 1405 ‚
855 1372 928 1398 nec
937 1361 1163 1400 sefflonibus
1182 1362 1396 1401 dividuntur
1407 1389 1416 1403 ‚
1437 1363 1497 1401 sed
1507 1365 1733 1416 sempiterno

141 1426 225 1453 aevo
246 1425 429 1465 perpetuo
445 1416 625 1455 infinitam
647 1419 805 1454 retinent
825 1418 862 1453 in
875 1416 908 1453 sc
918 1416 1155 1455 soliditatem.
1185 1420 1239 1457 Ex
1251 1419 1306 1456 his
1326 1432 1418 1469 ergo
1437 1422 1731 1471 congruentibus

142 1482 230 1508 cum
240 1482 294 1507 res
304 1483 440 1509 omnes
453 1474 557 1510 coire
569 1472 739 1523 nascique
759 1473 951 1511 videantur
964 1503 974 1518 ‚
994 1476 1031 1512 δε
1045 1486 1096 1512 eae
1107 1476 1146 1512 in
1157 1475 1309 1513 infinitis
1321 1477 1517 1525 generibus
1534 1489 1657 1514 rerum
1669 1489 1731 1513 na-

141 1536 220 1564 tura
232 1526 345 1564 efl'ent
355 1526 537 1579 disparatae
549 1559 559 1574 ‚
579 1531 699 1580 putavi
716 1539 892 1578 oportere
904 1528 949 1567 de
968 1531 1204 1568 varietatibus
1228 1534 1265 1569 &
1288 1531 1554 1570 discriminibus
1573 1532 1653 1569 usus
1673 1544 1732 1569 ea-

141 1594 225 1619 rum
238 1611 247 1626 ‚
267 1583 429 1632 quasque
438 1583 615 1623 haberent
623 1586 659 1621 in
671 1584 833 1623 aedificiis
844 1586 1052 1634 qualitates,
1064 1597 1271 1637 exponere:
1292 1590 1358 1630 uti,
1373 1599 1462 1624 cum
1473 1587 1608 1624 fuerint
1617 1598 1729 1627 notae,

142 1650 222 1674 non
234 1638 394 1676 habeant
411 1642 475 1689 qui
490 1640 669 1678 aedificarc
687 1641 871 1691 cogitant,
882 1652 1060 1688 errorem,
1082 1641 1141 1679 scd
1151 1653 1249 1692 aptas
1261 1643 1306 1679 ad
1317 1641 1420 1680 usum
1431 1644 1560 1692 copias
1571 1642 1732 1681 aedificiis

144 1704 376 1746 comparent.

797 1786 831 1823 C
860 1798 884 1822 A
913 1796 945 1824 Ρ.
1005 1787 1083 1824 III.

244 1873 328 1924 De
341 1870 584 1932 [ascribam
602 1893 660 1927 ex
675 1891 774 1947 qua
787 1887 936 1934 terro,
949 1893 1046 1946 quo
1060 1888 1267 1948 tempore
1278 1873 1626 1949 &quafhrma

747 1973 806 2001 eos
834 1955 921 2001 duci
945 1970 1126 2022 oporteat.

142 2073 319 2158 ITaque
330 2080 495 2128 primum
507 2077 552 2116 de
564 2079 752 2124 lateribus,
764 2091 837 2129 qua
847 2080 893 2118 de
902 2089 998 2118 terra
1008 2080 1095 2119 duci
1105 2092 1172 2118 eos
1183 2090 1359 2130 oporteat
1368 2081 1503 2119 dicam.
1525 2082 1618 2119 Non
1631 2083 1731 2119 enim

184 2133 228 2169 de
240 2134 414 2174 arenoso,
431 2146 551 2183 neque
563 2134 752 2173 calculoso
765 2162 773 2176 ‚
797 2148 920 2185 neque
932 2136 1100 2174 sabuloso
1111 2138 1194 2174 luto
1212 2137 1296 2172 sunt
1307 2137 1486 2174 ducendi:
1505 2137 1610 2185 quod
1621 2150 1664 2174 ex
1675 2137 1732 2174 his

142 2190 338 2236 generibus
350 2200 440 2226 cum
450 2189 518 2226 sint
531 2190 631 2227 duffi
644 2219 653 2234 ‚
671 2193 831 2241 primum
851 2191 945 2229 fiunt
954 2204 1081 2242 graves
1095 2205 1102 2228 :
1122 2191 1256 2229 deinde
1277 2203 1364 2228 cum
1376 2192 1423 2228 ab
1433 2192 1612 2229 imbribus
1622 2195 1661 2229 in
1671 2204 1733 2244 pa-

142 2245 292 2281 rictibus
304 2244 553 2295 asperguntur,
571 2245 782 2282 dilabuntur
793 2249 830 2283 ὃ(
842 2246 1102 2285 dissolvuntur:
1123 2248 1312 2297 paleaeque
1322 2259 1401 2297 quae
1411 2250 1448 2284 in
1459 2247 1514 2284 his
1525 2258 1730 2297 ponuntur,

143 2312 221 2337 non
233 2300 484 2337 cohaetcscunt
494 2311 643 2350 propter
652 2298 893 2350 asperitatem.
925 2302 1097 2339 Faciendi
1116 2312 1244 2339 autem
1255 2302 1336 2340 sunt
1356 2313 1503 2341 exterra
1517 2307 1577 2350 [a]
1595 2304 1729 2343 albida,

143 2356 285 2394 cretosa
299 2384 309 2400 ,
328 2355 400 2394 sive
422 2355 467 2392 de
486 2356 632 2393 rubrica
649 2365 712 2393 aut
732 2358 843 2394 ctiam
861 2353 941 2404 [b]
963 2356 1128 2395 masculo
1151 2356 1337 2396 sabulone.
1368 2359 1459 2397 Haec
1478 2361 1580 2397 enim
1597 2370 1732 2409 genera

1038 2413 1073 2451 C
1107 2428 1122 2458 3
1579 2426 1731 2465 propter

142 2540 173 2574 a]
195 2538 350 2566 Philander:
375 2539 430 2567 Hic
441 2539 524 2568 sensus
536 2539 632 2569 horum
645 2539 786 2568 verborum
795 2540 843 2568 est:
854 2540 1005 2569 Insecabilia
1014 2541 1057 2569 illa
1068 2541 1238 2570 &individua
1249 2541 1412 2580 corpuscula,
1422 2543 1502 2580 (quos
1509 2550 1615 2568 atomos
1627 2543 1732 2568 Demo-

183 2580 264 2607 critus
277 2601 283 2611 ,
303 2583 326 2607 ἃ
336 2590 398 2607 eum
408 2579 511 2608 secutus
522 2582 648 2618 Epicurus
661 2580 812 2614 vocabant)
824 2590 966 2620 antequam
975 2591 1138 2610 concurrant
1147 2586 1171 2611 ὅ(
1182 2587 1288 2615 coeant,
1300 2583 1513 2610 internecionem
1525 2591 1577 2609 non
1587 2581 1731 2619 recipiunt,

185 2630 234 2648 nec
246 2620 376 2648 laeduntur
393 2630 399 2648 :
416 2620 491 2650 simul
502 2630 580 2659 atque
591 2622 618 2649 in
629 2632 724 2660 corpus
735 2622 873 2655 coierunt,
890 2632 949 2650 aevo
959 2622 1078 2650 obnoxia
1090 2621 1166 2651 fiunt.
1189 2623 1282 2661 Aliqui
1297 2623 1412 2650 Codices
1428 2631 1476 2660 pro
1494 2621 1615 2659 leguntur
1633 2621 1731 2650 habent

185 2661 321 2688 laduntur.
330 2670 440 2699 utraque
452 2661 521 2689 bona
531 2661 668 2700 scriptura.
689 2664 752 2691 Non
764 2664 864 2690 coe'unt
874 2671 964 2691 autem
975 2673 1025 2696 τες,
1036 2663 1077 2692 sed
1088 2662 1155 2691 fiunt
1167 2673 1200 2691 ex
1210 2672 1365 2692 atomorum
1375 2663 1460 2694 coitu,
1473 2663 1636 2691 Democrito
1645 2684 1652 2696 ,
1668 2663 1732 2701 Epi-

183 2711 260 2733 cur0,
272 2702 408 2734 Lucretio,
420 2701 571 2741 caererisque
583 2704 637 2739 ejus
646 2700 736 2731 farina:
746 2702 909 2732 hominibus.

148 2764 178 2797 a]
194 2759 348 2789 Pliilander:
369 2762 420 2788 Pro
429 2760 514 2789 albida
524 2762 589 2789 Plin.
603 2761 734 2790 lib.xxxv.
744 2771 844 2800 cap-14.
853 2761 920 2790 dicit
930 2762 1071 2791 albicante.
1082 2762 1210 2790 Palladius
1220 2761 1374 2798 {impliciter
1383 2769 1481 2789 terram
1491 2770 1592 2790 cretam
1602 2761 1717 2800 scripsit.

150 2802 178 2837 b]
197 2803 271 2829 Idem
287 2811 293 2828 ι
310 2801 437 2829 Sabulum
446 2802 544 2840 triplici
561 2803 697 2831 invenitur
705 2799 863 2834 differentia,
875 2804 1031 2831 testimonio
1040 2804 1125 2833 Plinii,
1136 2806 1160 2830 ὅ(
1172 2801 1271 2833 album,
1281 2801 1527 2841 rubrum‚itemque
1539 2804 1657 2842 nigrum.
1667 2803 1732 2831 Tria

190 2841 246 2869 haec
255 2851 354 2881 genera
369 2843 394 2870 in
405 2844 579 2881 antiquorum
595 2851 704 2871 arenaro
715 2844 838 2871 vidimus.
857 2843 1057 2872 Advertendum
1068 2853 1168 2875 tamen,
1182 2842 1199 2869 a
1210 2843 1245 2869 rei
1263 2842 1362 2870 rustica:
1374 2841 1546 2879 scriptoribus
1555 2844 1626 2871 inter
1633 2853 1734 2883 genera

187 2882 284 2909 terreni
294 2881 448 2911 sabulonem
458 2884 590 2911 numerari
600 2904 606 2914 .
622 2894 654 2911 ne
670 2894 704 2912 eo
714 2886 824 2912 nomine
835 2884 913 2911 maris
928 2885 1124 2922 fluviorumque
1135 2892 1240 2911 arenam
1250 2881 1350 2921 semper
1368 2883 1570 2924 intelligendam
1585 2884 1673 2912 ducas.
1698 2885 1734 2912 Et

193 2931 281 2950 revera
290 2923 322 2951 de
329 2923 457 2958 ejusmodi
467 2933 573 2954 terreno
583 2924 704 2964 loquitur
715 2925 852 2958 Vitruvius
861 2944 867 2952 ·
878 2923 1034 2955 Sabulosum
1043 2926 1115 2954 enim
1124 2923 1211 2953 lutum
1222 2932 1275 2952 non
1287 2923 1505 2963 probat-oportet
1515 2924 1586 2953 enim
1596 2924 1736 2972 materiam

1660 2976 1674 2993 e
1685 2973 1736 3003 qua
