2023 3162
454 100 520 125 DE
560 83 1074 124 ARCHITECTVRA
1131 80 1369 125 LIB.IV.
1683 92 1727 132 53

136 158 242 206 tigna
253 151 291 191 δε
301 163 402 195 axes,
424 153 488 191 sub
498 153 621 194 tectis,
647 152 673 190 si
684 155 827 199 majora
838 151 950 203 spatia
959 150 1040 190 sunt
1050 182 1060 198 ‚
1081 153 1264 191 columen
1284 155 1321 191 in
1330 154 1477 192 summo
1498 153 1641 208 fastigio
1654 160 1733 196 cul-

135 213 246 251 minis
259 237 267 250 ‚
293 209 391 247 unde
403 212 438 248 ἃ
449 207 508 256 [b]
526 212 713 247 columnae
725 209 911 249 dicuntur,
937 210 975 246 ὃ(
987 211 1046 255 [c]
1058 209 1206 247 transtra
1217 212 1254 248 ὅ(
1267 213 1433 261 capreoli
1444 233 1453 259 3
1469 211 1492 248 si
1505 215 1727 254 commoda,

136 268 323 306 columen
341 266 377 303 &
398 264 464 313 [d]
483 267 634 304 canterii
647 266 905 316 prominentes
925 264 970 300 ad
993 275 1194 303 extremam
1213 265 1584 316 subgrundaflonem.
1614 270 1729 319 Supra

134 324 319 362 cantet-ios
337 323 479 374 templa
492 337 499 360 :
520 321 651 359 deinde
671 321 814 370 insuper
822 321 885 358 snb
896 321 1035 370 tegulas
1045 321 1172 359 afferes
1181 323 1231 359 ita
1240 325 1563 372 prominentes‚ut
1575 328 1730 376 parietes

134 379 354 430 proiecturis
364 389 497 415 eorum
507 387 688 427 tegantur.
724 378 779 414 Ita
789 389 862 414 una
871 389 1029 426 quaeque
1041 389 1099 413 res
1122 377 1159 414 ἃ
1178 379 1311 416 locum
1324 381 1361 416 ὅ(
1373 392 1492 429 genus
1504 380 1542 416 δέ
1553 382 1729 420 ordinem

134 437 331 486 proprium
344 444 465 472 tuetur
478 460 486 473 ,
511 431 531 470 ὲ
543 434 676 482 quibus
685 433 796 470 rebus
810 435 846 470 ὃς
861 432 880 468 a
893 434 952 478 [e]
965 434 1200 471 materiatura
1210 433 1351 480 fabrili,
1370 438 1408 473 in
1418 436 1571 487 lapideis
1582 437 1620 474 ἃ
1632 449 1727 474 mar-

134 492 276 530 moreis
295 490 430 528 :edium
445 489 629 526 saetarum
646 487 952 527 aedificationibus
969 488 1128 526 artifices
1145 489 1400 539 dispositiones
1418 504 1552 530 eorum
1571 493 1726 544 scalptua

135 549 184 584 ris
195 546 439 586 summitati,
463 547 500 582 &
514 557 575 583 eas
585 547 819 582 inventiones
831 543 1096 594 persequendas
1107 555 1329 595 putaverunt
1341 561 1348 583 :
1370 548 1458 586 ideo
1469 549 1574 598 quod
1587 552 1730 599 antiqui

135 603 227 641 fabri
239 602 407 652 quodam
417 602 456 638 in
466 602 559 638 loeo
572 600 901 643 aedificantes,cum
912 601 963 637 ita
973 599 1018 636 ab
1027 601 1267 638 interioribus
1281 604 1478 652 parietibus
1491 605 1536 642 ad
1549 616 1731 642 extremas

136 670 257 709 partes
274 655 350 708 [f]
362 659 463 706 tigna
472 659 725 706 prominentia
735 655 939 694 habuiss'ent
951 657 1156 701 collocata,
1169 657 1378 707 intertignia
1389 660 1605 707 struxerunt,
1616 659 1733 711 supra-

137 727 211 764 que
222 724 382 752 coronas
395 711 580 761 &fastigia
597 712 806 750 venustiore
816 710 935 762 specie
953 710 1144 748 fabrilibus
1156 712 1330 762 operibus
1352 727 1592 753 ornaverunt.
1624 718 1731 754 Tum

137 770 364 821 projecturas
374 770 564 818 tignorum
575 779 758 817 quantum
770 766 1003 806 eminebant,
1028 768 1072 804 ad
1084 768 1223 805 lineam
1243 770 1282 805 ὃς
1298 771 1607 820 perpendIculum
1618 774 1731 823 parie-

137 837 223 864 tum
235 824 516 876 praesecuerunt:
533 836 612 873 quae
622 824 760 874 species
772 834 862 860 cum
872 822 1060 860 invenusta
1071 824 1113 860 iis
1124 823 1195 861 visa
1207 823 1305 870 effer,
1317 827 1525 865 tabellasita
1537 828 1732 872 formatas,

138 884 193 920 uti
203 893 302 919 nunc
311 880 402 918 fiunt
414 881 486 931 [g]
499 880 671 930 triglyphi
684 909 693 925 ,
717 889 848 917 eontra
860 881 1049 929 tignorum
1063 879 1294 929 praeeisiones
1304 883 1341 918 in
1353 882 1479 920 fronte
1490 882 1649 921 fixerunt
1664 911 1671 924 ,
1695 884 1733 920 δε

139 949 198 976 cas
222 934 287 983 [h]
309 947 392 973 ceta
403 936 567 973 coerulea
578 937 822 987 depinxerunt
835 961 843 975 ,
865 946 906 972 ut
915 934 1146 986 praecisiones
1157 938 1349 985 tignorum
1359 939 1464 976 testae
1475 951 1555 976 non
1567 938 1730 976 offende-

137 1004 218 1031 rent
228 992 352 1030 visum.
384 993 433 1029 lta
445 993 495 1036 [z]
512 992 708 1030 divisiones
721 994 913 1041 tignorum
924 991 1029 1029 tectae
1039 992 1309 1042 triglyphorum
1319 993 1556 1045 dispositione
1570 1024 1578 1039 ‚
1590 997 1731 1032 interti-

138 1051 266 1099 gnium
277 1050 314 1085 ὃ(
325 1059 440 1097 opam
452 1047 587 1087 habere
597 1051 634 1086 in
649 1050 800 1086 Doricis
811 1048 986 1100 operibus
998 1059 1193 1099 caeperunt.
1203 1048 1332 1086 Postea
1343 1052 1402 1087 alii
1414 1052 1451 1088 in
1461 1053 1538 1088 aliis
1552 1052 1731 1101 operibus

139 1103 497 1156 adperpendiculnm
509 1104 779 1156 triglyphorum
792 1105 975 1140 canterios
992 1106 1244 1154 prominentes
1257 1108 1502 1155 projecerunt,
1513 1115 1736 1156 eorumque

137 1161 402 1211 prominentias
414 1158 665 1198 sinuaverunt.
695 1161 747 1198 Ex
757 1172 805 1197 eo
818 1161 872 1197 uti
895 1156 914 1195 ὲ
936 1160 1130 1208 tignorum
1140 1160 1440 1210 dispositionibus
1461 1163 1654 1213 triglyphi:
1678 1164 1728 1200 ita
1743 1165 1862 1203 zzfima..

140 1213 161 1252 ὲ
181 1218 430 1253 canteriorum
439 1217 651 1265 proiecturis·
663 1216 710 1263 [k
721 1220 740 1264 ]
750 1217 985 1253 mutulorum
996 1217 1060 1253 sub
1073 1218 1228 1254 coronis
1238 1221 1334 1256 tatio
1349 1219 1398 1255 est
1408 1221 1569 1257 inventa.
1592 1221 1644 1257 lta
1655 1218 1731 1257 fere
1743 1217 1846 1235 vem*

139 1273 177 1308 in
193 1271 366 1322 operibus
385 1272 536 1322 lapideis
555 1275 592 1311 ὅ(
604 1274 825 1311 marmoreis
845 1269 900 1318 [l]
920 1275 1053 1310 mutuli
1071 1274 1236 1310 inclinati
1254 1274 1444 1326 scalpturis
1462 1274 1734 1319 deformantur,

1628 1332 1735 1379 quod

173 1398 271 1427 fuerint
281 1420 287 1431 ‚
308 1399 401 1438 quibus
413 1401 531 1427 constant
543 1409 637 1437 partes.
659 1402 777 1429 Tecrum
788 1401 866 1429 habet
876 1402 986 1429 trauslra
997 1422 1003 1433 ,
1023 1402 1166 1433 canterios,
1177 1402 1286 1440 templa,
1296 1399 1530 1442 afferes,1egulas:
1550 1403 1732 1443 Contignatio

172 1439 252 1468 habet
263 1440 349 1468 trabes
361 1461 367 1472 ,
389 1441 479 1480 tigna,
495 1436 568 1472 asses,
580 1440 692 1480 regulas.
716 1443 784 1469 Haec
795 1442 848 1469 ille.
871 1445 970 1470 Verum
980 1442 1184 1475 advertendum,
1195 1443 1350 1471 Vitruvium
1362 1443 1405 1471 hic
1417 1443 1532 1482 loquide
1548 1445 1734 1484 contignatio-

138 1507 140 1509 ,
173 1480 251 1508 nibus
261 1479 307 1508 sub
318 1481 405 1512 ῑεᾶἱςς
418 1491 471 1508 non
481 1480 513 1508 de
522 1482 656 1509 omnibus.
678 1482 753 1510 Idem
766 1482 918 1511 Plnlander:
940 1487 1010 1511 Axes
1022 1483 1074 1511 sive
1086 1480 1159 1516 asses,
1172 1482 1241 1511 unde
1254 1481 1381 1512 coassatio
1392 1488 1415 1512 ἔχ’
1427 1486 1551 1512 coaxatio
1564 1506 1570 1516 ,
1588 1484 1648 1513 sunt
1658 1484 1738 1512 seffl-

172 1521 210 1549 les
221 1520 316 1549 tabulae
327 1521 431 1561 ligneae.
453 1518 554 1549 Afferes
564 1531 652 1550 autem
662 1521 720 1551 sunt
729 1524 864 1552 trientales
873 1522 927 1552 fere
938 1545 944 1556 ,
962 1524 987 1552 id
998 1524 1043 1556 est,
1055 1523 1101 1552 lati
1117 1521 1172 1552 fere
1180 1532 1294 1563 quatuor
1302 1525 1413 1564 pollices
1424 1545 1431 1556 .
1448 1524 1490 1553 sed
1501 1523 1638 1554 crassiores
1651 1546 1655 1554 ,
1670 1525 1737 1553 disti

173 1561 207 1589 ab
218 1559 352 1590 allidendo
369 1562 511 1601 parietibus
527 1571 606 1601 atque
621 1565 704 1603 riguis
715 1585 721 1595 ,
739 1573 833 1593 autore
843 1567 901 1593 Sex.
916 1565 1054 1603 Pompeio.
1070 1564 1234 1593 Hermolaus
1251 1575 1315 1593 vero
1326 1565 1454 1594 Barbarus
1466 1567 1502 1593 ait
1520 1564 1571 1594 esse
1581 1562 1735 1594 crassiorem

173 1606 198 1630 &
207 1604 343 1643 angustam
364 1604 390 1631 in
402 1603 513 1631 modum
521 1614 608 1643 parvae
618 1605 698 1632 trabis
709 1607 857 1634 materiem.
882 1606 923 1634 Ab
934 1616 981 1634 axe
992 1605 1127 1634 axiculum
1138 1606 1206 1633 dixit
1218 1606 1407 1634 Columel.lib.
1420 1612 1448 1634 6.
1459 1616 1570 1645 cap-19.

139 1641 168 1677 b]
190 1644 273 1672 Idem.
294 1646 366 1672 Nam
377 1644 509 1673 columnae
519 1646 624 1684 proprie
634 1655 751 1685 acceptae
759 1646 817 1674 sunt
830 1648 954 1675 areftaria
965 1668 971 1679 ,
985 1656 1044 1685 quae
1055 1646 1181 1674 columen
1193 1667 1200 1679 ‚
1219 1646 1245 1674 id
1256 1647 1291 1675 est
1303 1667 1310 1678 ,
1328 1646 1461 1675 summum
1471 1644 1567 1687 fastigii
1579 1655 1734 1682 percurrens

174 1685 282 1724 tignum
292 1683 432 1713 sustinent:
451 1687 603 1714 innituntur
613 1697 676 1714 vero
686 1688 813 1719 transtris,
824 1688 851 1716 id
861 1689 906 1720 est,
919 1686 1068 1715 transversis
1079 1686 1198 1714 trabibus
1210 1696 1215 1712 :
1227 1686 1324 1715 habent
1337 1691 1361 1716 δε
1373 1687 1521 1725 capreolos,
1541 1688 1594 1715 hoc
1602 1688 1638 1715 est
1648 1708 1654 1719 ‚
1671 1697 1734 1725 pro-

171 1725 271 1752 clinata
287 1724 348 1753 hinc
369 1734 449 1764 atque
459 1725 520 1753 hinc
531 1726 604 1766 ligna
613 1747 619 1759 ,
639 1737 697 1766 quae
716 1728 848 1756 canterios
866 1728 1000 1757 sustinent.
1021 1727 1138 1756 Culmen
1153 1735 1245 1755 autem
1259 1727 1324 1755 dicit
1343 1729 1448 1756 Servius
1468 1729 1571 1768 Ecloga
1583 1739 1602 1756 i.
1619 1728 1734 1761 tectum,

171 1766 247 1804 quod
259 1774 361 1793 veteres
371 1768 442 1795 testa
453 1766 549 1794 culmis
560 1776 694 1807 tegerent,
705 1769 731 1796 id
742 1769 786 1800 est,
797 1769 877 1806 paleis
889 1766 903 1796 ὲ
915 1764 1053 1796 messibus.

140 1806 166 1840 ι]
188 1806 272 1834 Idem.
295 1806 396 1833 Trabes
407 1806 559 1835 sustinentes
571 1808 716 1846 capreolos.
727 1809 851 1837 dicuntur
862 1810 980 1837 transtra.
999 1811 1072 1837 Sext.
1083 1809 1179 1847 Pomp.
1188 1808 1269 1837 tradit
1278 1804 1329 1837 effe
1339 1809 1415 1848 tigna
1427 1830 1433 1840 ,
1444 1807 1527 1848 quma
1542 1808 1641 1847 pariete
1652 1809 1677 1836 in
1690 1818 1737 1847 pa-

173 1847 269 1875 rietem
279 1847 461 1886 porriguntur.
484 1848 542 1874 Alia
552 1849 578 1875 in
590 1859 615 1876 re
625 1849 677 1876 dici
689 1850 849 1889 intelligitur
858 1861 889 1878 ex
899 1850 961 1878 loco
970 1850 1036 1877 Plin.
1049 1849 1145 1882 lib.34.
1155 1859 1212 1888 cap.
1226 1860 1264 1877 ιι.
1276 1852 1437 1887 Decoquimr'
1445 1858 1473 1876 ea
1486 1850 1619 1888 (loquitur
1629 1850 1660 1877 de
1670 1859 1737 1887 aqua

175 1885 192 1914 ὲ
203 1897 254 1926 qua
264 1887 294 1915 fit
305 1887 510 1923 chalcanthum)
526 1890 648 1916 admixta
665 1889 795 1927 dukipan·
803 1891 930 1927 menfiara,
939 1887 972 1921 εἴ
981 1893 1006 1917 in
1013 1890 1109 1926 ptfiinis
1119 1889 1251 1925 funditur.
1277 1890 1465 1917 lmmobilibus
1486 1891 1559 1929 super
1570 1890 1613 1918 lias
1622 1890 1738 1918 transtris

171 1928 324 1967 dependent
335 1928 412 1956 restes
421 1929 516 1967 lapillis
527 1938 660 1959 extentae,
677 1930 771 1968 quibus
788 1930 964 1959 adhaerescens
975 1930 1053 1959 limus
1065 1930 1150 1958 vitriis
1161 1932 1243 1959 acinis
1259 1931 1404 1971 imaginem
1425 1932 1556 1969 quandam
1567 1940 1624 1959 uvae
1643 1931 1738 1959 reddit.

175 1969 398 2007 Capreoliautem
408 1971 452 2008 qui
464 1969 512 1997 fint
525 1990 531 2000 ,
550 1970 630 2008 paulo
641 1972 695 2008 post
707 1971 802 1999 dicam.

141 2009 172 2044 d]
193 2010 276 2037 Idem.
297 2011 416 2037 Canterii
435 2010 561 2038 dicuntur
577 2011 651 2051 ligna
665 2012 729 2040 testi
747 2012 867 2052 oblonga
878 2033 884 2044 ,
903 2010 918 2040 a
928 2012 1065 2041 columine
1075 2012 1106 2041 ad
1114 2022 1266 2041 extremum
1275 2014 1377 2041 tectum
1389 2012 1467 2042 ducta
1479 2034 1485 2044 ,
1501 2024 1559 2052 quae
1571 2013 1616 2041 ubi
1629 2013 1737 2052 longius

176 2050 339 2088 prominent,
348 2047 468 2079 efficiunt
479 2051 670 2092 suggrundam,
682 2053 707 2080 id
718 2053 763 2085 est,
776 2054 839 2082 teCii
848 2062 949 2092 partem
960 2055 1154 2093 porreffiorem
1164 2075 1171 2086 ,
1181 2054 1226 2082 ubi
1235 2052 1265 2081 fit
1275 2054 1445 2082 stillicidium.
1466 2054 1533 2082 Alia:
1542 2054 1600 2082 sunt
1620 2055 1739 2082 Canterii

176 2089 392 2129 significationes,
403 2101 461 2129 quae
472 2091 523 2119 huc
535 2102 589 2119 non
600 2093 744 2131 pertinent.

142 2133 169 2167 e]
189 2131 274 2159 Idem.
285 2132 461 2159 Materiatura
471 2130 485 2159 ai
497 2134 615 2163 materia,
627 2134 711 2174 ligno,
724 2144 754 2161 ea
764 2135 799 2162 est
813 2132 913 2162 fabrilis
929 2146 979 2168 ars,
991 2146 1070 2175 quarn
1079 2136 1329 2166 rneiMinutiarIam
1341 2138 1364 2164 ὃς
1379 2135 1580 2173 CarpentarIam
1591 2134 1734 2173 appellant.

185 2173 406 2199 Materiationem
419 2172 496 2209 paulo
504 2182 565 2201 anre
576 2184 624 2211 pro
634 2175 761 2203 structura
772 2175 861 2215 lignea
873 2175 1014 2214 usurpavit.

138 2213 176 2249 f]
198 2212 281 2240 Idem.
304 2212 389 2251 Qod
397 2209 498 2252 fastigia
507 2213 535 2240 in
544 2211 634 2242 fronte
643 2224 688 2243 aut
699 2216 800 2253 postico
811 2215 884 2248 fiant,
900 2215 1020 2255 suspicari
1032 2217 1105 2249 licet,
1117 2217 1184 2255 apud
1197 2225 1297 2245 veteres
1307 2217 1380 2256 ligna
1392 2215 1522 2255 proversa,
1532 2216 1557 2244 id
1569 2217 1613 2248 est,
1626 2217 1737 2250 effresia,

186 2253 315 2282 collocari
323 2252 405 2280 solere
417 2273 423 2285 ,
441 2262 496 2280 non
504 2253 644 2282 transversa
654 2276 662 2289 ,
679 2256 705 2283 id
715 2256 750 2283 est
760 2276 767 2288 ,
785 2265 839 2283 non
850 2266 895 2294 per
906 2258 1074 2286 latitudinem
1086 2258 1211 2293 trajecta:
1222 2258 1337 2285 &latera
1347 2254 1398 2285 effe
1407 2258 1553 2285 domorum
1565 2268 1627 2296 quas
1638 2256 1740 2287 frontes

184 2295 367 2325 nominamus;
378 2291 480 2332 fastigia
488 2293 512 2321 id
522 2294 628 2322 docere.

140 2336 172 2372 g]
198 2338 240 2362 De
249 2334 395 2371 Triglyphbs
405 2334 467 2361 vide
476 2336 582 2362 Lexicon
592 2338 618 2362 in
628 2345 689 2362 voce
699 2337 783 2364 Tmo
791 2347 826 2365 ty
833 2347 846 2365 P
853 2347 894 2365 Ην
901 2348 911 2365 s
919 2358 925 2365 .

143 2376 175 2412 h]
195 2375 345 2404 Philander.
368 2376 449 2403 Ceras
460 2374 595 2403 coloribus
606 2376 681 2415 pingi
689 2375 776 2405 solitas
788 2375 862 2406 fnisse
872 2379 902 2406 ad
915 2389 956 2406 eas
968 2379 1082 2417 pisturas
1092 2401 1098 2412 ,
1108 2390 1167 2419 quae
1176 2387 1299 2410 uruntur.
1309 2380 1402 2409 auCtor
1414 2381 1448 2408 est
1458 2380 1524 2408 Plin.
1535 2378 1580 2408 lib.
1594 2390 1633 2415 35.
1646 2390 1701 2419 cap.
1713 2386 1739 2407 ὅ,

186 2416 263 2444 Idem
274 2415 319 2443 lib.
333 2425 374 2443 21.
383 2425 485 2453 cap.14.
501 2415 590 2447 tradit,
601 2415 750 2456 nigrescere
760 2419 852 2447 addito
860 2419 1011 2448 chartarum
1022 2422 1111 2449 cinere
1123 2442 1129 2453 ,
1141 2421 1206 2448 ficut
1215 2420 1327 2448 anchusa
1337 2421 1464 2454 admixta,
1476 2431 1554 2460 quam
1566 2421 1742 2449 Orchanetam

185 2466 326 2488 vocamuS,
339 2455 486 2489 rubescere,
501 2457 638 2496 variosque
647 2458 673 2485 in
685 2458 788 2487 colores
799 2460 943 2500 pigmentis
955 2461 1033 2494 trahi,
1049 2462 1080 2490 ad
1090 2461 1232 2490 reddendas
1243 2461 1427 2490 similitudines
1439 2466 1462 2490 &-
1475 2463 1629 2489 innumeros
1640 2471 1742 2490 morta-

185 2498 253 2526 lium
263 2496 321 2525 usus
331 2518 336 2529 ,
346 2505 374 2525 ut
386 2497 483 2525 mirum
494 2497 637 2526 viderinon
647 2498 758 2532 debeat,
777 2501 794 2527 si
807 2501 856 2529 Iul.
866 2501 959 2529 Pollux
970 2502 1016 2529 lib.
1028 2512 1056 2534 7.
1067 2512 1124 2541 cap.
1133 2513 1179 2535 27·
1191 2505 1216 2530 δι’
1228 2503 1376 2530 Martianus
1389 2505 1408 2529 Ι.
1420 2505 1454 2532 C.
1464 2503 1586 2530 Pandect-
1597 2501 1644 2528 hb.
1654 2511 1664 2536 3
1673 2514 1694 2537 3.
1706 2503 1738 2530 dc

185 2536 272 2567 fundo
281 2538 409 2566 instrusto
420 2559 426 2569 ,
446 2549 487 2566 eas
497 2539 522 2565 in
534 2540 643 2576 pistoris
653 2540 832 2569 instrumentis
844 2550 954 2580 ponant.
973 2543 1048 2571 Ceris
1060 2554 1123 2571 vero
1130 2545 1257 2583 pingere,
1268 2553 1297 2571 ac
1306 2544 1436 2581 pie'turam
1448 2545 1562 2574 inurere,
1574 2543 1629 2580 quis
1639 2544 1739 2580 primus

185 2579 454 2619 excogitaverit‚non
466 2580 584 2608 constare
594 2581 672 2608 tradit
684 2581 740 2609 Plin
755 2584 895 2610 memorari
906 2582 1119 2622 lib.cap.x1.Ejus
1131 2593 1256 2623 praeterea
1266 2585 1320 2612 duo
1327 2581 1403 2612 fuiffe
1413 2584 1559 2621 antiquitus
1570 2593 1741 2622 genera.cera

184 2623 212 2648 ἃ
224 2621 251 2647 in
259 2619 340 2647 ebore
351 2620 446 2651 cestre,
458 2620 483 2647 id
493 2621 538 2652 est,
551 2622 687 2653 veruculO‚
697 2622 782 2650 donec
791 2621 879 2651 classes
890 2623 965 2663 pingi
976 2635 1094 2663 crepere:
1115 2634 1173 2654 tum
1184 2621 1318 2652 accessisse
1328 2625 1449 2655 tertium,
1462 2623 1581 2651 resolutis
1592 2624 1647 2662 igni
1661 2626 1739 2658 ceris,

185 2660 313 2700 penicillo
321 2660 452 2688 utendi.ld
463 2670 547 2701 genus
557 2663 665 2700 pletura:
678 2663 954 2693 CallixenusRhodius
963 2665 1194 2705 apudAthenaeum
1205 2664 1452 2704 Dipnosoph.lib.v.
1462 2669 1640 2702 κηξογρςιφιακ
1650 2675 1739 2698 vocat,

187 2701 231 2730 alii
247 2702 413 2730 encaustieen
422 2702 525 2729 dicunt.
548 2705 614 2731 Sunt
632 2705 703 2731 enim
714 2708 737 2733 &-
749 2705 790 2732 sua
801 2705 946 2743 pistoribus
963 2707 1087 2735 cauteria.
1101 2716 1216 2746 quorum
1227 2715 1322 2744 praeter
1332 2715 1442 2734 caeteros
1455 2706 1578 2732 meminit
1591 2705 1742 2734 Martianus·

188 2742 262 2771 dicto
273 2742 448 2771 libl‘andest.
461 2742 539 2771 ubi&
551 2743 667 2772 conchas
678 2746 789 2783 appellat
802 2745 967 2777 vascula‚five
976 2748 1091 2781 testas,in
1102 2748 1196 2788 quibus
1206 2748 1321 2785 piCtores
1331 2745 1388 2775 suos
1398 2746 1502 2774 colores
1513 2755 1657 2784 reponunt,
1669 2748 1742 2788 quod

190 2783 298 2811 marinis
307 2783 418 2811 conchis
426 2784 457 2811 ad
469 2794 526 2811 eam
537 2794 592 2812 rem
602 2786 716 2821 pistores
727 2788 765 2814 uti
777 2784 829 2814 fere
841 2784 948 2815 soleant.

150 2823 174 2858 ἱ]
202 2823 294 2893 ἰάςωά
310 2824 339 2852 ld
350 2825 394 2857 est,
407 2824 582 2863 praecisiones,
594 2825 636 2854 seu
645 2827 730 2855 verius
739 2826 870 2867 praesestae
881 2828 912 2856 ad
922 2828 1018 2857 lineam
1030 2832 1054 2857 δι
1065 2828 1286 2869 perpendiculum
1296 2828 1436 2870 tignorum
1447 2849 1454 2861 ,
1469 2838 1599 2869 quantum
1609 2829 1742 2857 emineant

193 2872 267 2901 prole
296 2875 357 2893 urae.

153 2904 182 2939 k]
196 2903 294 2972 stIdem.
315 2908 380 2935 Non
389 2906 416 2934 in
427 2906 557 2946 Zophoro
568 2921 574 2941 ς
584 2908 655 2948 quod
666 2909 791 2938 tamenin
802 2909 999 2949 amphitheatro
1008 2913 1043 2939 D.
1054 2903 1201 2950 Vespasiani
1211 2908 1312 2940 fastum
1323 2911 1437 2947 videtur,
1451 2911 1553 2941 etiamsi
1563 2920 1692 2941 coronam
1703 2909 1744 2940 su-

220 2954 317 2973 ineant·

152 2983 177 3020 1]
205 2983 290 3014 Idem·
310 2986 445 3027 Nusquam
453 2997 543 3019 tamen
554 2990 608 3020 vidi
619 2991 646 3019 in
656 2988 790 3021 frontibus
801 2992 952 3026 inclinatos,
962 2991 1004 3022 sed
1015 2993 1103 3023 restes
1112 2996 1135 3022 δι
1147 2991 1307 3034 aequilibres.
1610 3035 1649 3067 m]
1660 3030 1732 3060 Idem
