2023 3162
641 45 1240 88 DEchrrTvRA.
1693 62 1741 100 43

145 124 232 160 tilus
243 128 424 170 quaeratut
444 119 569 167 colos)
593 121 694 157 tutia.
725 118 828 156 Nam
842 116 1000 157 fiamus,
1024 117 1086 156 fic.
1120 117 1410 156 ColleE'taneum
1432 129 1478 157 πε
1497 120 1744 172 depurgatum

143 177 293 215 fundito
308 189 315 211 :
337 174 502 220 arseniei,
514 177 690 224 nitrique,
703 173 998 219 defamatorum,
1009 184 1128 212 ternas
1142 177 1268 212 uncias
1288 177 1326 211 in
1337 175 1440 212 binas
1451 179 1528 223 ejus
1547 179 1624 215 aeris
1634 179 1744 217 libras

143 232 363 271 frustillatim
375 233 572 277 conjicito:
584 232 802 268 obturatum
814 231 852 266 in
862 228 940 267 vase
953 231 1194 280 percoquito,
1209 229 1442 281 postremum
1454 232 1663 271 infundito:
1681 235 1744 272 de-

143 289 302 326 albescet
315 287 364 325 fic
377 289 415 324 in
428 288 588 337 speciem
601 287 752 335 argenti.
787 286 824 322 Si
834 285 915 337 post
926 287 1086 324 Noricas
1105 286 1279 323 fornaces
1292 286 1402 324 nobis
1413 286 1549 325 ferrum
1560 290 1744 338 eliquat-e-

143 355 224 389 tur,
249 344 495 381 commodius
514 343 671 393 plurima
689 341 792 379 fieret
813 341 991 379 colorum
1011 343 1050 378 in
1070 354 1138 380 :cre
1159 341 1358 379 diversitas.
1402 343 1464 380 Ac
1482 344 1568 382 scite
1588 346 1742 394 quidem

144 400 374 438 Aristonidas
386 428 395 444 ‚
420 411 540 448 quum
557 398 678 435 vesani
700 397 940 435 Athamantis
952 396 1068 435 filium
1089 399 1316 449 praecipitare
1328 399 1484 437 volentis
1495 399 1660 438 furorem
1672 430 1682 446 ‚
1703 402 1742 439 &

143 468 236 494 mox
247 456 476 507 praecipitato
488 455 555 491 illo
569 453 756 491 residentis
768 454 1033 503 poenitentiam
1044 456 1153 490 vellet
1165 455 1369 503 exprimere
1380 484 1389 499 ‚
1415 455 1553 493 ferrum
1565 459 1601 494 ὃ(
1614 470 1660 494 aes
1671 459 1743 494 mi-

142 510 233 550 scuit
245 541 254 556 ‚
274 522 328 556 ut,
339 514 413 557 ejus
424 509 592 559 rubigine
603 521 666 559 per
676 510 839 546 nitorem
850 510 926 546 aeris
937 510 1145 548 relucente,
1160 510 1277 547 rubor
1287 511 1551 560 exprimeretur
1564 524 1744 551 verecun-

142 567 220 606 diae.
256 568 432 615 Plaerique
451 567 726 602 tameninvenri
740 593 749 607 ,
767 566 833 613 qui
852 563 1093 604 affirmarent,
1116 565 1143 602 fi
1162 563 1246 601 ferri
1265 565 1417 603 scobem
1436 566 1661 606 subtiliflime
1681 569 1744 607 de-

142 624 310 661 limatam
325 651 334 666 ,
360 620 523 658 arsenico
542 622 674 669 pariter
697 619 834 668 salique
853 622 1077 670 permixtam
1091 649 1101 665 ‚
1130 620 1389 659 ardentissimis
1408 621 1624 662 fornacibus
1642 624 1744 663 diem

142 689 268 717 totum
289 679 509 715 calcinatam
528 676 677 715 feceris,
701 676 796 712 adeo
815 676 1041 725 permolliri,
1055 686 1094 713 ut
1104 687 1260 726 argento
1280 688 1390 727 atque
1408 691 1477 716 aere
1497 680 1641 717 facilius
1661 682 1744 718 col-

142 736 276 784 liquari
293 732 404 784 possit
422 757 430 769 ‚
462 732 651 781 rursusque
670 731 845 768 obdurari
865 755 873 769 ‚
904 730 928 767 si
958 731 1119 767 candens
1137 734 1338 781 intingatur
1366 746 1460 783 aqua
1487 735 1637 785 frigida.
1677 737 1742 774 Li-

142 800 301 840 quatum
323 800 369 826 aes
381 787 600 825 emendatur
618 787 688 823 sale
701 811 710 826 ‚
734 795 965 834 tartaroque.
996 786 1174 827 Ebulliet,
1191 787 1344 836 ipsoque
1366 791 1403 826 in
1422 791 1504 828 aCtu
1523 792 1742 842 depurgabi-

141 845 381 889 turascoria‚
402 843 540 889 injectis
565 843 708 879 laciniis
727 843 794 878 lini
816 843 945 878 ceratis
964 840 1177 890 oleatisque.
1208 843 1447 881 Ebullitionis
1460 857 1584 883 autem
1596 860 1743 898 pet-ma-

141 912 232 939 turae
251 900 393 951 fignum
414 899 586 936 nonnulli
598 898 770 935 dixerunt
789 896 856 934 effe
875 895 991 933 furfur
1013 898 1209 944 injeemm,
1234 897 1260 933 fi
1278 902 1501 949 peraccendi
1523 902 1639 941 statim
1659 916 1741 942 non

141 956 362 994 effumando
383 953 557 992 videatur.
597 954 771 1003 Plaerique
790 954 883 990 dum
905 951 1063 990 scoriam
1082 952 1213 991 fecerit
1232 953 1457 1005 exspectant.
1490 957 1628 995 Frustra
1649 971 1740 997 vero

140 1012 290 1063 speraris
303 1012 382 1048 ullo
395 1011 528 1060 quovis
541 1009 699 1047 artificio
717 1009 815 1046 κᾶε
826 1007 1020 1046 informari
1033 1010 1224 1047 metallum
1239 1009 1338 1060 poffe
1353 1036 1360 1049 ‚
1384 1011 1449 1048 nisi
1469 1014 1543 1058 jam
1565 1013 1741 1052 decorus-

139 1069 239 1106 fimae
259 1068 357 1118 ptius
367 1066 498 1103 formae
515 1066 606 1109 suas,
619 1067 687 1110 uti,
700 1076 841 1114 quotve
852 1064 1047 1113 oportebit
1059 1093 1068 1109 ‚
1081 1065 1392 1115 spiramentorum
1406 1068 1590 1105 emiffuras
1601 1069 1742 1108 habue-

140 1126 196 1161 rit.
226 1123 299 1161 Sed
311 1122 389 1159 haec
399 1121 586 1159 audiendo
599 1132 660 1159 aut
670 1133 799 1172 parum
812 1119 966 1171 prosunt
979 1131 1040 1158 aut
1050 1121 1150 1158 nihil.
1180 1122 1298 1171 Igitur
1316 1122 1361 1158 ad
1380 1122 1583 1161 officinam.
1618 1127 1698 1167 Ac,
1715 1126 1741 1165 fi

139 1191 215 1228 qua
232 1179 268 1216 id
288 1180 431 1215 ratione
449 1177 567 1214 verbis
587 1178 763 1227 explicari
775 1176 910 1230 pofl'et,
929 1188 1011 1215 non
1029 1177 1075 1214 de
1097 1177 1176 1214 ullo
1194 1178 1330 1215 melius
1343 1190 1456 1227 quam
1468 1179 1512 1217 de
1525 1178 1646 1220 Poeta
1668 1194 1736 1220 co-

139 1235 368 1286 gnosceretis
383 1259 390 1275 ‚
412 1245 531 1284 quom
543 1233 589 1271 fic
600 1237 669 1270 ait:

582 1305 748 1314 -—·—
765 1287 1001 1343 Stridzmtque
1016 1292 1174 1328 cavernis

474 1345 656 1384 Stric‘t‘urae
674 1343 851 1397 chalybum
863 1373 871 1386 ,
893 1359 930 1383 ac
941 1344 1141 1398 fornacibm
1160 1349 1247 1400 igmks
1265 1343 1415 1385 anhelat.

507 1420 589 1428 ·——
611 1401 706 1439 Fluit
727 1414 766 1438 ως
784 1404 876 1439 rivis
889 1431 899 1448 ‚
921 1403 1067 1454 aurique
1087 1403 1284 1447 metallum,

475 1456 730 1510 Vulnficzqfque
744 1454 851 1508 calybs
873 1460 976 1494 vafra
984 1456 1133 1508 fbrnace
1150 1457 1316 1512 llqmfitt.

474 1520 654 1567 Ingentem
674 1513 826 1566 csypeum
843 1511 1053 1564 infirmant.
1590 1560 1594 1564 ι

139 1568 213 1606 Sed
224 1570 403 1617 quoniam
414 1567 538 1620 saepius
549 1582 613 1620 per
623 1570 914 1620 imprudentiam
925 1570 1193 1610 evenit,medio
1204 1582 1243 1610 ut
1254 1572 1349 1619 jastu
1361 1571 1506 1610 metalla
1515 1571 1736 1619 defecerint3

143 1625 334 1672 (multum
354 1626 453 1662 enim
473 1625 561 1663 facit
579 1637 624 1662 ne
646 1625 809 1676 idipsum
828 1626 992 1665 accidat,
1014 1626 1038 1662 fi
1059 1627 1244 1665 scierimus
1264 1637 1382 1678 quota
1403 1629 1543 1665 metalli
1562 1629 1737 1677 cujusque

141 1681 269 1731 portio
281 1681 568 1732 correspondeat
578 1682 735 1731 argillae,
758 1683 885 1730 ligno,
904 1693 948 1718 ac
968 1685 1082 1732 cerae)
1104 1695 1247 1734 ponam
1259 1683 1439 1722 hocloco
1452 1696 1536 1732 quae
1556 1686 1738 1722 inveniab

138 1737 218 1772 aliis
229 1737 369 1774 tradita.
401 1737 561 1786 Singulis
571 1738 671 1775 libris
689 1739 822 1788 argillae
836 1736 1112 1788 respondebunt
1122 1751 1263 1777 novem
1275 1742 1365 1779 aeris,
1382 1739 1493 1789 Ligni
1504 1739 1638 1789 faginei
1652 1741 1737 1786 xiiij.

141 1791 248 1829 Cerae
269 1804 358 1829 vero
377 1793 409 1837 vj
426 1819 435 1835 ,
460 1791 559 1830 AEns
583 1794 656 1830 albi
675 1796 758 1841 viij,
778 1795 894 1831 unciae
908 1823 916 1838 ‚
932 1796 969 1832 δε
990 1793 1112 1832 semis.
1147 1795 1263 1845 Cypri
1289 1808 1331 1832 ix
1351 1795 1552 1833 drachmae,
1575 1797 1625 1842 iij.
1650 1797 1738 1833 Ori-

139 1846 262 1884 chalci
277 1860 340 1887 lx,
358 1850 474 1886 unciae
496 1850 517 1894 ij
541 1861 584 1886 ac
604 1849 722 1886 remis.
752 1850 879 1899 Stagni
898 1852 974 1897 viij,
993 1852 1110 1888 unciae
1131 1864 1173 1889 x,
1191 1851 1375 1889 drachma:
1398 1851 1457 1894 iiij.
1494 1851 1652 1900 Argenti
1671 1864 1736 1895 XI,

138 1904 258 1940 unciae
278 1915 339 1940 vt.
359 1904 607 1944 Plumbixi1,
627 1907 746 1942 uncia:
765 1919 820 1943 ix.
860 1906 956 1943 Auri
974 1918 1066 1950 xix,
1084 1908 1202 1944 uncia:
1220 1916 1313 1955 tre53
1335 1918 1374 1943 ur
1392 1906 1574 1943 drachmae
1595 1918 1737 1943 novem

140 1957 302 1996 efficiant
313 1961 462 1996 unciam
477 1971 601 1997 unam.
634 1963 840 2004 Nonnulli,
858 1962 895 1997 in
914 1962 1108 2011 quadratas
1120 1962 1258 1999 formas
1271 1962 1440 1999 cubitalis
1455 1962 1620 2011 undiquc
1634 1974 1740 2000 men-

140 2013 253 2051 sionis
266 2040 274 2054 ,
298 2026 324 2051 D
346 2028 360 2052 1
374 2028 403 2052 1.
416 2016 507 2052 mill.
521 2016 655 2066 pondo
667 2019 744 2053 aeris
754 2017 924 2054 dixerunt
935 2017 1077 2053 infundi
1089 2027 1279 2067 oportere.
1294 2018 1366 2055 Sed
1378 2016 1529 2066 quisque
1540 2017 1605 2054 sibi
1616 2017 1740 2054 homo

141 2069 302 2121 prudens
314 2081 393 2106 rem
404 2082 560 2108 ornnem
580 2076 724 2109 certam
739 2071 849 2110 faciet
861 2074 1138 2123 experimento,
1161 2084 1363 2122 antequam
1374 2073 1521 2109 fundat:
1551 2073 1588 2108 Si
1610 2083 1737 2110 tamen

141 2125 425 2162 meminerimus
435 2154 446 2169 ‚
459 2127 601 2175 semper
615 2128 812 2165 meliorem
825 2126 891 2163 esse
902 2128 1163 2164 conditionem
1175 2140 1308 2164 eorum
1319 2127 1451 2176 quibus
1471 2139 1526 2164 res
1538 2127 1738 2177 supersunt,

142 2193 256 2231 quam
276 2180 410 2229 quibus
432 2180 582 2225 desunt,
604 2184 807 2231 multoque
834 2181 977 2232 semper
998 2184 1220 2231 oportunius
1241 2183 1315 2220 hoc
1338 2182 1404 2219 effe
1424 2192 1464 2219 ut
1483 2182 1581 2219 demi
1601 2182 1734 2232 poss'it,

140 2249 254 2285 quam
267 2247 307 2274 ut
323 2235 406 2273 addi
418 2248 602 2286 oporteat.
634 2239 735 2274 Nam
756 2238 845 2286 quid
868 2249 941 2286 ego
960 2236 1082 2273 dicam
1101 2238 1147 2274 de
1168 2238 1441 2275 commiss'uris?
1475 2237 1736 2277 Stultissimum

140 2292 296 2341 quidem
315 2291 499 2336 existimo,
517 2292 580 2328 ubi
592 2304 647 2329 res
664 2293 776 2330 semel
789 2295 930 2341 integra
941 2291 1017 2329 fieri
1030 2294 1171 2342 poterit
1183 2322 1192 2337 ,
1210 2295 1247 2330 in
1263 2293 1368 2330 frusta
1380 2294 1600 2343 disiungere,
1612 2306 1651 2332 ut
1670 2297 1735 2332 ite-

140 2360 225 2386 rum
247 2350 384 2397 iungas.
418 2349 456 2385 Si
476 2358 597 2385 tamen
610 2351 659 2385 ita
671 2348 813 2386 necess'e
833 2347 963 2392 fuerit,
981 2348 1071 2385 mihi
1085 2348 1238 2397 quidem
1251 2361 1308 2386 eas
1321 2352 1358 2386 in
1372 2351 1643 2399 triangulorum
1662 2352 1739 2400 spe-

141 2405 241 2441 ciem
262 2403 340 2441 fieri
360 2402 505 2440 inhunc
518 2404 676 2441 modum
774 2405 955 2455 placeret:
987 2405 1088 2442 Nam
1106 2407 1143 2443 ὃ(
1155 2406 1375 2456 pertinacius
1387 2405 1595 2451 haerebunt,
1616 2408 1652 2443 ὃ(
1672 2404 1739 2443 dis-

141 2460 327 2498 solventur
336 2470 476 2498 temerc
486 2471 689 2508 nunqu-am.
1771 2456 1777 2463 ’

196 2515 268 2552 Sed
280 2528 378 2553 nunc
392 2515 437 2554 ad
448 2513 796 2554 commodissimam
807 2517 1007 2566 Sculpturae
1018 2515 1178 2567 speciem
1190 2514 1375 2559 c-'Ac'lv'nmm
1388 2543 1395 2555 ‚
1410 2529 1492 2567 quae
1505 2517 1576 2555 dici
1589 2518 1608 2555 ᾗ
1621 2516 1732 2555 nobis

142 2571 398 2610 efformatoria
416 2570 535 2621 potest
550 2601 559 2616 ‚
576 2571 812 2609 transeamus.
834 2573 1030 2610 Tractatur
1044 2583 1169 2610 autem
1183 2586 1226 2612 ea
1236 2573 1517 2624 quadrifariam:
1539 2574 1733 2622 Siquidem

142 2639 241 2666 creta
254 2657 263 2672 ,
283 2627 414 2679 gypso,
432 2639 514 2664 cera
527 2656 536 2671 ‚
552 2629 592 2679 v&
605 2626 813 2678 pulvisculo
826 2627 1123 2666 conformamus,
1156 2630 1269 2667 Creta
1282 2629 1350 2666 sic:
1374 2629 1557 2679 Argillam
1569 2628 1682 2680 ipsam
1692 2629 1736 2666 fi-

144 2684 268 2722 &ilem
288 2685 463 2733 accipito.
493 2684 535 2719 In
548 2694 682 2732 aquam
703 2683 996 2732 colliquefacito.
1029 2685 1147 2736 Qod
1159 2684 1351 2722 subsederit
1372 2687 1519 2722 tenuius
1538 2686 1582 2722 ad
1602 2685 1734 2729 solem,

141 2740 188 2777 ad
199 2739 346 2777 furnum
357 2738 546 2777 arefacito.
560 2740 573 2775 I
580 2751 600 2774 n
613 2740 804 2788 pulverem
816 2739 984 2789 redigito.
1010 2741 1266 2779 Excribratum
1277 2743 1387 2790 paulo
1398 2741 1519 2778 durius
1529 2741 1735 2791 impastato.

142 2798 263 2840 Mox,
276 2795 384 2844 quod
397 2795 561 2832 volueris
580 2793 756 2844 sigillum,
779 2796 813 2832 ei
825 2794 936 2832 semel
953 2796 1181 2846 imprimim,
1205 2798 1242 2834 ὅ(
1257 2796 1435 2834 siccatum
1445 2797 1570 2846 figlina
1591 2809 1737 2834 conco-

142 2853 262 2901 quito.
287 2853 337 2889 lta
348 2852 524 2901 capillum
536 2852 603 2888 etia
611 2863 648 2888 m
661 2848 888 2888 eft'ormabis.
901 2851 1024 2901 Gypso
1036 2850 1094 2888 sic.
1110 2852 1233 2898 Ajunt
1243 2853 1281 2889 in
1295 2853 1425 2902 Cypro
1435 2854 1471 2890 ὅ(
1485 2852 1626 2890 Thebis
1641 2852 1734 2895 fodi,

141 2907 202 2945 sed
213 2908 265 2945 nil
274 2906 383 2946 refert
398 2933 406 2948 ‚
430 2907 520 2945 dum
532 2906 777 2945 Bononiensis
798 2906 1045 2959 Appenninus
1064 2908 1218 2954 <mitum
1230 2920 1346 2958 quam
1366 2909 1405 2946 iu
1416 2920 1458 2947 ea
1479 2909 1569 2946 urbe
1582 2906 1733 2958 gypsum

1083 2961 1120 3014 f
1141 2977 1162 3002 2
1623 2963 1735 3000 abun-
