2023 3162
512 114 580 140 DE
627 100 1137 140 ARCHITECTVRA
1193 99 1414 140 Lislx.
1692 116 1766 154 187

158 170 320 208 tionem.
350 170 507 208 Veneris
529 179 655 206 autem
669 180 756 205 cum
777 167 826 204 cst
838 169 990 206 liberata
1002 169 1047 205 ab
1060 169 1309 222 impeditione
1329 171 1522 210 radiorum
1533 172 1616 210 solis
1628 204 1639 219 ‚
1659 187 1680 212 x
1693 189 1714 212 x
1728 190 1764 213 x.

162 226 293 263 diebus
306 227 486 278 percurrit
498 223 847 276 lignispatium,quo
858 226 981 262 minus
992 225 1249 276 quadragenos
1261 228 1387 264 diesin
1399 226 1546 278 singulis
1558 229 1665 279 signis
1679 235 1767 280 pati-

160 289 240 325 tur,
253 294 342 319 cum
358 275 554 319 statione'm
565 281 694 327 fecerit
705 309 715 324 ‚
736 280 888 316 restituit
900 292 982 318 eam
994 280 1179 319 summam
1193 285 1335 320 numeri
1346 285 1384 321 in
1399 296 1478 322 uno
1489 284 1594 335 signo
1607 297 1763 324 morata.

160 339 228 389 [p]
260 338 360 387 Ergo
384 348 508 375 totam
527 337 788 373 circuitionem
809 336 846 372 in
865 338 959 374 caelo
980 367 989 382 ‚
1019 338 1389 389 quadringentesimo
1409 342 1447 378 ὅ(
1467 341 1701 390 oftogesiino
1723 345 1761 381 ὅ(

161 397 295 445 quinto
306 395 363 431 die
377 392 581 445 permensa,
602 393 739 430 iterum
750 393 787 427 in
808 391 950 441 signum
965 394 1075 433 redit,
1090 406 1133 431 ex
1145 407 1224 444 quo
1235 395 1339 444 {igno
1351 397 1450 448 prius
1466 398 1536 435 iter
1545 397 1666 435 facere
1679 410 1760 435 coe-

159 454 225 502 pit.
257 451 386 487 Martis
395 460 484 487 vero
506 447 928 486 circit'ersexcenteiimo
941 449 1178 498 octogefimo
1191 453 1302 488 tertio
1315 452 1374 489 die
1383 452 1548 502 syderum
1559 453 1669 504 spatia
1681 466 1760 504 pcr-

161 506 334 556 vagando
349 506 509 557 pervenit
522 515 570 540 eo
582 533 590 548 ,
604 516 650 545 ex
660 515 739 553 quo
750 504 898 540 initium
909 503 1084 542 faciendo
1097 505 1244 545 cursum
1253 507 1391 547 fecerat
1402 520 1506 547 ante:
1526 511 1562 547 ὅ(
1573 511 1611 546 in
1624 511 1760 559 quibus

160 563 269 613 {ignis
290 563 445 599 celerius
459 562 636 611 percurrit
653 571 742 596 cum
761 559 959 598 stationem
972 560 1218 612 fecit‚explet
1235 562 1379 602 dierum
1391 567 1539 602 numeri
1559 567 1758 603 rationem.

162 620 214 670 [q]
240 620 337 657 lovis
346 628 468 655 autem
479 616 745 666 placidioribus
756 614 931 664 gradibus
944 615 1120 653 scandens
1134 628 1265 656 contra
1278 620 1409 658 mundi
1421 621 1676 660 versationem,
1691 624 1758 659 cir-

161 677 252 712 citer
261 675 435 712 trecentis
447 673 632 721 sexaginta
644 673 811 721 quinque
825 671 952 708 dicbus
962 671 1099 722 singula
1108 673 1206 722 signa
1218 679 1434 724 permetitur
1447 707 1455 723 ‚
1476 677 1513 714 δε
1525 677 1684 715 coniistit
1693 690 1758 728 pet

158 742 279 768 annos
293 743 314 767 x
327 742 338 764 1
348 759 356 767 .
375 731 411 767 ὃ(
422 728 496 765 dies
507 738 700 765 trecentos
709 727 894 777 sexaginta
905 736 990 773 tres,
1003 730 1041 766 &
1054 729 1147 766 redit
1157 731 1192 765 in
1204 731 1241 766 id
1253 730 1397 781 iignum
1410 758 1417 771 ‚
1431 735 1468 770 in
1480 746 1561 782 quo
1572 745 1657 771 ante
1669 747 1710 770 xi
1726 747 1756 771 1.

162 799 282 824 annos
294 784 421 822 fuerat.
453 787 511 830 [r]
529 783 675 820 Saturni
685 794 775 820 vero
787 782 970 820 mensibus
988 784 1236 834 undetriginta
1256 787 1294 823 ὃς
1314 789 1470 837 amplius
1482 792 1609 838 paucis
1627 791 1760 827 diebus

161 841 365 894 pervadens
376 852 438 891 per
448 839 827 891 fignispatium,auno
838 850 947 876 nono
957 839 994 876 δέ
1004 839 1196 889 vigesimo,
1211 843 1357 880 circiter
1367 843 1496 880 diebus
1515 857 1540 882 c
1549 857 1571 882 L
1583 859 1618 884 x,
1633 847 1670 882 in
1682 858 1760 894 quo

158 909 243 937 ante
256 896 442 935 tricesimo
452 896 567 934 fuerat
579 907 679 933 anno
689 897 727 932 in
738 894 775 932 id
786 895 1000 933 restituitur:
1020 908 1064 933 ex
1075 908 1163 946 eoq3
1184 909 1266 946 quo
1279 901 1403 937 minus
1413 899 1458 937 ab
1471 910 1642 938 extremo
1655 901 1761 938 distat

158 953 304 993 mundo
317 982 328 998 ,
347 963 450 990 tanto
470 953 656 997 majorem
669 952 957 988 circinationem
974 962 1067 990 rotae
1086 955 1341 1003 percurrendo
1363 955 1502 993 tardior
1521 956 1676 994 videtur.
1709 958 1761 994 Hi

164 1021 290 1048 autem
301 1009 364 1058 qui
375 1007 476 1060 supra
488 1007 571 1044 solis
591 1009 660 1045 iter
679 1009 939 1044 circinationes
952 1019 1152 1059 peragunt,
1175 1005 1242 1058 [s]
1265 1013 1430 1049 maxime
1449 1023 1538 1050 cum
1556 1014 1592 1049 in
1605 1014 1759 1062 trigono

157 1066 310 1104 fuerint,
341 1063 446 1113 quod
457 1065 485 1100 is
498 1065 620 1101 inierit
631 1093 640 1107 ‚
653 1073 734 1101 tum
744 1075 824 1100 non
837 1063 1141 1112 progrediuntur,
1165 1062 1226 1104 sed
1238 1067 1409 1117 regressus
1421 1067 1596 1106 facientes
1608 1079 1759 1106 moran-

162 1133 232 1160 tur,
241 1124 295 1167 [t]
309 1120 491 1157 donicum
502 1120 603 1156 idem
616 1120 680 1156 Sol
692 1120 738 1157 de
753 1115 810 1172 [u]
817 1131 865 1155 eo
874 1122 1025 1168 trigono
1035 1122 1071 1156 in
1085 1121 1186 1159 aliud
1195 1121 1340 1173 signum
1353 1124 1608 1162 transitionem
1617 1124 1759 1162 fecerit.

159 1179 198 1216 Id
208 1187 332 1215 autem
343 1176 533 1213 nonnullis
546 1174 593 1212 fic
602 1174 679 1212 fieri
691 1176 828 1226 placet,
839 1176 943 1224 quod
955 1176 1058 1221 ajunt
1074 1175 1205 1217 solem,
1220 1191 1312 1217 cum
1325 1180 1476 1229 longius
1486 1179 1576 1218 absit
1584 1181 1761 1220 abstantia

160 1234 323 1284 quadam
336 1261 345 1277 ‚
366 1245 443 1269 non
460 1231 592 1269 lucidis
603 1232 797 1269 itineribus
815 1232 971 1268 errantia
982 1244 1047 1282 per
1063 1244 1104 1270 ea
1116 1233 1240 1281 sydera
1258 1236 1463 1273 obscuratis
1482 1239 1760 1276 morationibus

159 1288 344 1341 impediri.
376 1289 503 1326 Nobis
522 1288 661 1326 veroid
680 1300 761 1325 non
779 1287 936 1326 videtur.
966 1287 1065 1326 Solis
1077 1291 1177 1327 enim
1194 1290 1367 1341 splendor
1384 1292 1620 1343 perspicibilis
1637 1296 1675 1332 δε
1691 1306 1756 1344 pa-

157 1357 251 1391 tens,
263 1343 337 1381 fine
351 1346 432 1381 ullis
445 1344 762 1382 obscurationibus
773 1343 822 1381 est
831 1356 896 1394 per
904 1355 1064 1382 omnem
1078 1347 1262 1384 mundum
1274 1376 1284 1392 ‚
1296 1358 1336 1385 ut
1345 1350 1456 1386 etiam
1467 1349 1579 1387 nobis
1589 1361 1751 1401 apparet,

157 1405 249 1439 cum
260 1401 403 1438 faciunt
415 1413 467 1438 eae
490 1400 598 1438 stellae
615 1400 790 1451 regressus
808 1402 845 1438 ὃς
864 1410 1108 1439 morationes.
1139 1403 1401 1453 Ergofitantis
1418 1406 1619 1444 intervallis
1638 1407 1758 1444 nostra

159 1458 296 1509 species
308 1456 430 1508 potest
440 1457 478 1493 id
488 1457 779 1496 animadvertere
791 1483 799 1497 ,
813 1456 901 1506 quid
912 1458 964 1493 ita
976 1455 1227 1497 divinitatibus
1238 1458 1565 1511 splendoribusque
1577 1462 1758 1500 astrorum

1057 1514 1094 1551 A
1104 1527 1124 1551 a
1157 1529 1177 1551 2
1628 1518 1765 1561 judica-

152 1604 180 1640 p]
218 1600 301 1629 ldem.
317 1600 415 1628 Scribit
429 1600 529 1628 Plinius
541 1609 693 1629 memorato
705 1601 905 1630 locoVenerem
917 1599 1033 1642 signiferi
1043 1600 1173 1629 ambitum
1184 1612 1310 1641 peragere
1321 1603 1430 1631 tricenis
1441 1607 1464 1631 3<
1476 1602 1760 1642 duodequinquagenis

192 1641 285 1670 diebus
301 1662 307 1672 .
323 1642 356 1668 ab
366 1641 425 1669 Sole
437 1651 587 1680 numquam
596 1641 762 1670 abiistentem
775 1642 894 1680 partibus
904 1641 945 1670 sex
956 1651 1035 1681 atque
1048 1643 1225 1682 quadraginta
1235 1643 1352 1684 longius.
1372 1644 1438 1671 Hoc
1447 1654 1480 1671 ex
1490 1645 1588 1671 Tiinaei
1598 1643 1737 1671 sententia.

150 1685 180 1721 q]
213 1683 297 1710 Idem.
322 1682 499 1722 Typographi
517 1683 683 1723 negligentia
693 1693 742 1722 pro
754 1692 848 1711 contra
856 1682 984 1721 scriptum
1003 1684 1039 1711 est
1050 1683 1136 1711 color.
1161 1685 1246 1722 Qod
1257 1695 1312 1712 riou
1333 1680 1495 1712 monuissem
1506 1706 1512 1717 ,
1534 1685 1579 1712 nili
1590 1683 1683 1712 scirem
1697 1683 1757 1711 nul-

191 1723 241 1751 lius
251 1733 317 1761 pene
329 1724 464 1751 momenti
476 1724 582 1751 mendas
591 1722 752 1751 oscitantem
763 1724 891 1755 lestorem
905 1724 1047 1763 aliquando
1056 1723 1197 1752 retardare.
1223 1725 1274 1753 Sed
1284 1725 1357 1764 quod
1367 1726 1398 1753 ad
1408 1734 1463 1752 rem
1475 1724 1590 1765 spectat,
1612 1725 1692 1753 tradit
1702 1725 1758 1751 Pli-

194 1765 254 1791 nius
264 1764 338 1792 dieto
348 1764 420 1796 loco,
436 1764 507 1791 lovis
519 1764 651 1792 circulum
661 1764 810 1804 circumagi
822 1765 949 1792 duodenis
961 1766 1046 1792 annis.

150 1805 177 1838 r]
213 1804 296 1831 Idem.
320 1806 462 1832 Saturnum
474 1825 479 1834 .
495 1815 576 1843 quem
586 1806 673 1832 Graeci
686 1804 819 1833 Phaenona
830 1813 937 1837 vocant,
948 1804 1084 1834 summum
1094 1803 1145 1835 esse
1154 1807 1240 1847 sydus,
1252 1811 1277 1836 S<
1289 1808 1409 1835 maximo
1418 1805 1519 1836 ambire
1531 1805 1649 1839 circulo,
1666 1815 1697 1834 ac
1708 1805 1757 1834 tri-

202 1845 307 1884 gesimo
318 1855 388 1872 anno
398 1846 430 1873 ad
443 1842 593 1873 brevissima
604 1844 667 1873 sedis
677 1845 726 1874 suae
736 1847 864 1884 principia
875 1847 990 1886 regredi,
1003 1856 1107 1875 certum
1116 1845 1167 1876 effe
1178 1850 1214 1876 ait
1226 1849 1336 1876 Plinius.

148 1872 184 1921 s]
217 1886 301 1913 Idem.
325 1887 395 1913 Sunt
407 1887 521 1913 omnino
532 1895 647 1924 quatuor
657 1886 808 1925 aspectuurn
819 1896 928 1926 genera,
942 1887 1015 1925 quod
1023 1888 1085 1915 alibi
1097 1890 1183 1916 testati
1193 1888 1279 1917 sumus
1290 1910 1296 1921 ,
1315 1889 1439 1929 trigonus
1448 1910 1455 1921 ‚
1473 1897 1632 1927 tetragonus
1645 1909 1652 1920 ,
1674 1887 1756 1915 hexa-

196 1936 286 1966 gonus
298 1948 304 1959 ‚
321 1930 344 1955 ὃς
357 1925 527 1954 adversussex
541 1927 629 1966 lignis.
655 1929 697 1955 De
709 1927 804 1966 quibus
826 1928 950 1955 lovianus
968 1929 1103 1957 Fontanus
1120 1930 1262 1958 caelestium
1274 1940 1361 1957 rerum
1378 1929 1448 1957 libro
1459 1930 1557 1967 primo.
1581 1929 1639 1965 Qi
1651 1928 1757 1966 planeta

193 1968 269 1995 distat
281 1967 313 1995 ab
324 1967 377 1995 alio
389 1967 531 1995 intervallo
540 1968 679 2006 lignorum
690 1977 814 2006 quatuor,
825 1977 886 1996 eum
895 1968 1014 1996 dicemus
1023 1969 1137 1997 alterum
1146 1971 1258 2010 trigono
1267 1970 1402 2009 respicere,
1413 1969 1595 2009 triangulique
1607 1968 1692 2007 figura
1704 1979 1756 1996 no-

193 2009 244 2035 tari
253 2007 329 2036 solet.
350 2009 375 2035 Si
386 2009 492 2036 distabit
504 2010 587 2036 trium
599 2009 615 2035 ti
640 2018 735 2036 uorum
745 2008 838 2047 spatio,
849 2017 1025 2049 tetragonum
1038 2009 1167 2043 dicemus,
1179 2012 1351 2050 quadratique
1363 2009 1449 2039 forma
1460 2009 1610 2050 effingitur.
1627 2002 1659 2038 *Si
1669 2009 1753 2037 aberit

193 2048 332 2086 (ignorum
343 2045 458 2076 duoruni
469 2018 797 2089 intervalloffiexagonum
806 2049 1097 2082 vocabimus,asterisco
1108 2052 1216 2090 quidem
1226 2061 1361 2080 notatum.
1374 2052 1538 2091 Oppositum
1547 2051 1588 2079 sex
1600 2049 1750 2090 lignis‚1ive

168 2114 178 2126 c
192 2088 384 2122 diametralem,
396 2098 520 2117 notamus
532 2090 607 2130 (igno
618 2091 749 2118 ostonarii
761 2100 874 2122 numeri,
884 2091 909 2118 id
919 2091 955 2118 est
965 2099 1029 2118 nota
1037 2101 1090 2119 non
1100 2089 1219 2121 dissimili·
1229 2094 1262 2126 ei,
1273 2103 1322 2131 qua
1334 2094 1504 2121 ostonatium
1515 2100 1655 2119 numerum
1666 2090 1748 2129 figni-

195 2126 273 2156 ficare
282 2128 375 2158 solent.
387 2131 432 2168 qui
443 2129 490 2157 hac
502 2131 656 2169 tempestate
667 2141 721 2158 non
732 2131 879 2160 admodum
890 2132 990 2160 vetusta
999 2131 1156 2171 supputandi
1166 2135 1269 2161 rarione
1279 2143 1399 2162 utuntur,
1410 2143 1455 2171 per
1466 2141 1542 2160 notas
1554 2152 1561 2161 ‚
1572 2141 1634 2169 quas
1644 2130 1747 2170 algori-

438 2181 601 2226 Aspefluum
616 2178 723 2227 finum·
1020 2173 1094 2201 sticas
1103 2174 1137 2201 ab
1149 2174 1264 2206 lndis,ut
1273 2175 1405 2205 existimo,
1416 2181 1540 2200 mutuato
1549 2171 1680 2199 vocabulo
1692 2173 1751 2206 (ln-

636 2208 655 2225 ὁ
1019 2213 1085 2240 dicae
1093 2214 1164 2241 enim
1173 2214 1212 2242 hae
1220 2214 1314 2242 decem
1322 2213 1715 2253 figurae.1.2.3.4.5.6.7-8.9.&
1725 2221 1753 2244 0,

1021 2253 1122 2291 tziplita
1137 2251 1188 2281 effe
1198 2254 1380 2292 perhibentur,
1389 2254 1429 2281 uti
1438 2253 1452 2281 εἰ
1463 2252 1753 2292 GeorgioVallatradi-

1024 2293 1257 2322 turAritlimeticae
1268 2294 1338 2322 libro
1346 2293 1528 2333 tertio)vulgo
1537 2293 1750 2332 appellant.1taq;

1025 2335 1147 2374 trigonus
1160 2333 1191 2362 fit
1203 2335 1344 2363 intervallo
1352 2336 1420 2362 inter
1429 2335 1494 2363 duos
1505 2335 1621 2373 planetas
1632 2343 1686 2361 cxx
1696 2344 1754 2372 par-

1025 2375 1092 2402 tium
1103 2388 1109 2407 ς
1135 2384 1291 2416 tetragonus
1303 2386 1351 2404 xc.
1370 2375 1525 2415 hexagonus
1539 2385 1581 2403 ix.
1604 2375 1750 2412 Oppoiitio

1025 2425 1126 2444 crxxx.
1150 2426 1211 2444 nam
1227 2425 1301 2445 totus
1314 2416 1569 2455 circumscriptionis
1589 2417 1704 2443 ambitus
1715 2415 1751 2442 est

1024 2458 1137 2495 partium
1148 2467 1258 2487 CCCLX.
1267 2460 1404 2489 Saturnus,
1416 2459 1526 2496 Iupiter,
1535 2457 1617 2488 Mars,
1630 2459 1653 2484 ὃς
1666 2457 1750 2487 Luna,

1025 2508 1039 2524 ,ι
1057 2498 1117 2526 Sole
1136 2497 1329 2538 figurisdistare
1340 2494 1448 2537 poffunt
1465 2497 1598 2526 omnibus.
1623 2498 1711 2524 Venus
1725 2499 1750 2523 ὃ(

1025 2538 1175 2567 Mercurius
1193 2539 1272 2567 nulla.
1295 2540 1446 2567 Mercurius
1465 2539 1574 2577 quidem
1596 2545 1668 2564 cette
1688 2545 1752 2563 cum

1023 2579 1167 2617 plurimum
1175 2579 1244 2608 abest
1255 2601 1261 2611 ‚
1272 2580 1389 2619 partibus
1400 2577 1453 2607 fere
1465 2579 1658 2617 quinquaginta
1668 2577 1754 2605 distat.

1025 2620 1152 2660 Figuram
1162 2620 1315 2660 aspe&uuni
1324 2620 1494 2657 subjecimus.

1125 2679 1154 2703 A
1164 2679 1192 2702 D
1227 2675 1345 2713 aspestus
1357 2674 1492 2713 trigonus.

1123 2719 1153 2743 A
1163 2720 1187 2743 C
1228 2716 1344 2754 aspc&us
1355 2723 1522 2754 tetragonus.

1124 2761 1154 2784 A
1164 2761 1186 2784 B
1226 2756 1343 2794 aspectus
1354 2755 1519 2794 hexagonus.

1128 2802 1156 2825 A
1167 2801 1189 2824 E
1223 2796 1340 2834 aspectus
1352 2795 1522 2824 diametralis.

1067 2850 1092 2884 t]
1114 2848 1198 2876 Idem.
1220 2846 1394 2876 Vocabulum
1416 2846 1567 2874 Plautinum
1581 2848 1605 2873 s·
1626 2844 1757 2873 Catonia-

1027 2899 1107 2919 num,
1126 2889 1237 2928 utsupra
1256 2888 1301 2916 lib.
1315 2897 1364 2915 iii.
1383 2897 1437 2926 cap.
1450 2897 1472 2922 3.
1493 2889 1563 2915 Cato
1582 2886 1614 2913 de
1633 2896 1660 2914 re
1681 2886 1755 2914 Rust.

1026 2940 1082 2969 cap.
1103 2940 1118 2957 c
1134 2940 1191 2959 ixi.
1213 2929 1291 2968 Vsque
1299 2928 1383 2957 licebit
1393 2928 1490 2958 νεᾶνις,
1509 2928 1627 2957 donicum
1636 2929 1663 2954 in
1668 2926 1756 2963 semen

1024 2972 1120 3000 videris
1128 2973 1184 2998 irc)
1193 2992 1199 2998 .

159 3021 193 3057 u]
217 3018 303 3049 Idem.
323 3020 405 3049 Paulo
418 3030 481 3049 mox
491 3020 516 3050 se
526 3021 716 3061 interpretatur
728 3041 735 3053 ‚
754 3029 816 3049 cum
829 3019 863 3048 ait
876 3040 882 3053 ,
895 3020 920 3047 in
930 3016 1036 3047 alterius
1048 3014 1141 3051 trigoni
1146 3010 1247 3051 fignum
1259 3010 1335 3048 effer.

1630 3048 1661 3083 x]
1674 3046 1754 3076 Idem.
