2023 3162
284 83 334 119 84
646 61 1481 105 M.V1Tizuv11P01.ttoists

245 139 249 144 '
280 138 401 178 desiit,
427 134 814 188 apparetinsonorum
827 129 1293 183 patentibusfinitionibus.
1325 130 1878 184 Medianaautempatcntiain-

281 195 461 234 tervallis‚
483 191 740 229 obscurantur.
772 187 920 226 Genera
940 198 1032 226 vero
1051 185 1362 225 modulationum
1385 183 1465 223 sunt
1484 188 1561 224 tria.
1590 188 1760 228 Primum
1772 193 1879 242 quod

283 251 407 288 Graeci
418 250 617 286 nominant
629 242 797 296 ἁρμονίαν.
828 242 1042 281 Secundum
1042 243 1192 293 gcsspm.
1210 242 1385 280 Tertium
1395 240 1558 288 alelmo.
1591 243 1649 280 Est
1663 256 1787 285 autem
1798 248 1878 286 hara

283 307 427 345 moniae
450 304 660 341 modulatio
680 300 726 339 ab
747 310 823 337 arte
841 308 1046 348 concepta:
1066 299 1104 335 δε
1125 311 1168 337 ea
1187 311 1225 336 re
1245 300 1372 336 cantio
1393 300 1470 345 ejus
1488 298 1651 337 maxime
1669 313 1820 350 gravem
1839 306 1878 342 ὃς

281 363 469 412 egregiam
480 359 590 396 habet
600 357 851 394 autoritatem.
887 354 1059 391 Clitoma
1069 352 1189 392 subtili
1199 352 1397 392 solertiaac
1410 355 1605 392 crebritate
1618 357 1877 405 modulorum,

281 418 490 455 suaviorem
502 414 613 452 habet
625 412 925 450 delcetationem.
958 410 1228 449 Diatonivero.
1251 411 1356 460 quod
1365 411 1537 449 naturalis
1547 411 1610 454 est,
1621 410 1765 449 facilior
1782 416 1818 452 in
1827 417 1880 453 in-

281 473 521 511 tervallorum
533 468 708 505 distantia.
744 468 783 505 In
793 467 846 504 his
859 466 974 503 tribus
991 467 1184 514 generibus
1196 468 1256 513 [e]
1270 465 1457 504 dissimiles
1466 467 1547 504 stint
1556 467 1879 509 tetrachordorum

279 527 554 579 dispositioncs,
578 523 682 572 quod
702 523 900 562 harmonia
919 522 1248 561 tetrachordorum
1269 525 1307 560 ὃς
1329 532 1444 560 tonos
1465 522 1626 560 &dieses
1640 523 1877 564 habetbinas.

278 583 536 622 Diesisautem
546 580 596 616 cst
607 580 779 629 tonipars
789 589 930 629 quarta.
966 579 1020 615 Ita
1037 580 1074 615 in
1093 578 1311 617 hemitonio
1332 578 1411 617 duae
1434 577 1545 616 dieses
1565 579 1646 617 sunt
1665 580 1876 619 collocatae.

280 638 481 676 Chromati
505 635 582 673 duo
593 635 803 673 hemitonia
819 637 856 672 in
868 633 999 671 ordine
1009 631 1093 672 sunt
1103 634 1312 686 composita
1323 663 1333 679 ‚
1351 637 1503 673 tertium
1523 636 1636 672 trium
1647 635 1880 675 hemitonio-

279 706 365 733 rum
376 692 683 731 estintervallum.
721 693 740 735 [
749 689 806 743 f]
824 691 982 729 Diatoni
1001 689 1078 729 duo
1099 689 1180 731 sunt
1202 693 1411 729 continuati
1421 692 1524 730 toni,
1546 692 1696 728 tertium
1716 691 1882 730 hemito-

279 752 386 788 nium
405 748 487 785 finit
505 746 733 785 tetrachordi
753 745 1059 797 magnitudinem.
1093 748 1146 784 lta
1163 748 1201 784 in
1219 747 1336 785 tribus
1365 746 1560 798 genetibus
1581 749 1819 786 tetrachorda
1836 760 1882 786 ex

282 804 434 843 duobus
451 805 550 841 tonis
569 806 605 842 ὅ(
626 803 841 841 hemitonio
853 801 933 840 sunt
942 812 1160 853 peraequata.
1193 802 1264 840 Sed
1274 802 1346 853 ipsa
1357 816 1445 841 cum
1456 802 1649 854 separatim
1661 802 1884 852 uniusquuss

279 873 355 910 que
366 862 508 910 generis·
521 859 657 897 finibus
670 858 946 896 considerantur
958 888 968 903 ‚
993 858 1205 896 dissimilem
1217 858 1354 897 habent
1363 860 1648 897 intervallorum
1660 859 1881 910 designatio-

278 929 380 953 nem.
412 917 524 964 lgitur
543 914 733 953 intervalla
752 925 937 952 tonorum
957 916 994 951 ὅ(
1009 914 1312 952 hemitoniorum
1325 914 1703 953 &tetrachordorum
1726 917 1763 953 in
1781 928 1882 955 voce

279 971 399 1010 divisit
412 981 551 1016 natura,
565 971 756 1019 finivitque
767 971 1046 1007 terminationes
1058 983 1192 1008 eorum
1203 969 1377 1008 mensuris
1390 1000 1399 1016 ,
1409 971 1687 1009 intervallorum
1699 973 1882 1021 quantita-

278 1039 316 1065 te
329 1041 336 1063 :
351 1027 547 1076 modisque
558 1028 667 1064 certis
680 1026 894 1063 distantibus
908 1025 1103 1064 constituit
1113 1027 1328 1076 qualitates,
1351 1028 1485 1077 quibus
1496 1029 1607 1064 etiam
1618 1027 1775 1064 artifices
1786 1055 1796 1071 ,
1816 1029 1882 1077 qui

279 1095 421 1133 organa
433 1082 626 1127 fabricant,
641 1094 684 1118 ex
695 1092 820 1120 natura
840 1081 1047 1120 constitutis
1060 1082 1200 1119 utendo
1213 1108 1220 1121 ‚
1235 1093 1456 1132 comparant
1467 1083 1512 1119 ad
1526 1094 1731 1120 concentus
1744 1095 1883 1121 conve-

279 1141 426 1176 nientes
454 1149 586 1176 eorum
604 1136 871 1190 perfecitiones.
914 1139 994 1191 [g]
1024 1138 1200 1182 sonitus,
1231 1140 1295 1186 qui
1310 1138 1438 1176 Graece
1457 1137 1592 1189 φῖῦΓγῡι
1623 1137 1821 1183 dicuntur,
1843 1141 1882 1177 in

278 1206 517 1244 unoquoque
536 1205 671 1244 genere
692 1191 772 1230 sunt
789 1193 922 1231 decem
944 1196 981 1231 ὅς
1007 1193 1098 1231 osto
1112 1220 1120 1234 ‚
1144 1191 1165 1231 ὲ
1184 1193 1318 1242 quibus
1337 1194 1428 1232 osto
1448 1193 1529 1232 sunt
1547 1197 1585 1230 in
1603 1194 1716 1232 tribus
1736 1197 1881 1244 generi-

279 1251 349 1287 bus
369 1251 538 1300 petpetui
558 1252 596 1287 ὃς
618 1250 766 1293 stantes,
789 1249 919 1299 reliqui
938 1249 1070 1287 decem
1081 1261 1167 1287 cum
1190 1251 1444 1288 communiter
1455 1250 1709 1295 modulantur,
1722 1249 1807 1287 sunt
1825 1263 1884 1288 va-

280 1315 421 1355 gantes.
451 1306 597 1342 stantes
613 1315 739 1343 autem
758 1304 779 1340 s
773 1315 855 1343 unt,
875 1306 940 1354 qui
960 1307 1055 1342 inter
1073 1305 1232 1342 mobiles
1249 1306 1453 1357 interpositi
1465 1307 1661 1344 continent
1679 1305 1885 1343 tetrachor-

280 1361 318 1398 di
335 1361 654 1408 conjunffionem,
676 1362 713 1398 δε
740 1357 761 1397 ὲ
780 1373 959 1411 generum
976 1361 1248 1400 discriminibus
1264 1361 1486 1414 suis-finibus
1503 1362 1584 1400 sunt
1602 1371 1878 1414 permanentes.

1741 1417 1884 1469 Appel-

279 1508 306 1542 e]
328 1506 411 1533 Idem.
432 1506 549 1544 Exponit
562 1507 669 1547 Capella
681 1506 885 1536 tetrachordum
903 1516 1016 1546 quatuor
1026 1507 1152 1537 sonorum
1162 1508 1189 1536 iu
1208 1508 1300 1536 ordine
1311 1508 1460 1547 positorum
1479 1515 1677 1547 congruentem
1687 1510 1712 1536 ὃ(
1723 1505 1805 1535 fidam
1814 1515 1884 1534 con-

324 1546 453 1574 cordiam.
1675 1555 1680 1558 “

274 1586 310 1624 j]
327 1587 416 1615 idem.
442 1587 506 1615 Hoc
515 1587 624 1616 demum
634 1598 726 1616 verurn
738 1589 774 1617 est
786 1609 793 1622 ‚
809 1589 827 1616 fi
839 1587 871 1616 ab
883 1588 1036 1617 hemitonio
1044 1589 1172 1628 incipiens
1180 1589 1247 1618 duos
1257 1598 1338 1617 tonos
1348 1589 1494 1618 substituas.

277 1630 310 1664 g]
330 1628 414 1656 idern.
436 1628 585 1666 Phthongm
598 1629 661 1667 quid
677 1626 742 1657 esset
761 1630 1008 1658 variirradiderunt.
1031 1631 1192 1659 Ptolemaeus
1204 1631 1342 1659 volumine
1352 1630 1384 1658 de
1404 1630 1507 1658 Muiica
1515 1628 1609 1658 sonum
1626 1627 1678 1658 effe
1688 1628 1724 1657 ait
1735 1650 1742 1662 ,
1763 1639 1846 1659 unum
1857 1633 1884 1660 δε

320 1668 444 1696 eumdem
456 1676 593 1696 tenentem
612 1678 744 1697 tenorem.
770 1670 831 1705 Ejus
851 1672 982 1708 Interpres
1003 1670 1164 1709 Porphyrius
1176 1672 1257 1699 tradit
1279 1668 1330 1699 effe
1340 1670 1433 1698 sonum
1447 1681 1491 1709 per
1503 1680 1585 1699 unum
1596 1675 1619 1698 ὅ(
1632 1670 1746 1698 eundem
1757 1671 1883 1700 eduCtum

318 1717 450 1736 tenorem.
486 1709 614 1738 Bacchius
625 1710 827 1739 intervallorum
838 1711 981 1738 minimum
991 1731 998 1742 ‚
1011 1712 1135 1739 Aristides
1146 1712 1331 1748 Qintilianus
1343 1712 1485 1739 minimum
1496 1712 1569 1738 vocis
1581 1721 1623 1749 pet
1634 1710 1658 1739 se
1666 1711 1800 1744 elestum5
1819 1711 1882 1738 Ari-

321 1749 444 1776 stoxenus
457 1750 544 1777 casum
556 1751 628 1777 vocis
644 1751 807 1778 modulatilis
820 1751 851 1778 ad
861 1760 955 1779 tonum
966 1761 1062 1780 unum:
1077 1753 1120 1780 cui
1131 1750 1308 1792 suffragantur
1323 1753 1424 1790 Pappus
1435 1756 1458 1780 ἃ
1472 1751 1629 1780 Emmanuel
1640 1753 1796 1789 Bryennius.
1810 1753 1884 1780 Nam

324 1787 459 1826 Thrasylo
476 1793 501 1816 δε
513 1788 621 1817 Tlieoni
631 1792 667 1818 est
676 1790 799 1819 sensibilis
810 1792 977 1820 instrumenti
989 1794 1062 1820 vocis
1071 1794 1252 1821 enarmonius.
1271 1793 1382 1831 Antiqui
1393 1792 1548 1833 phthongos
1559 1791 1660 1830 septem
1668 1792 1822 1823 statuerunt,
1835 1790 1883 1819 he-

324 1828 502 1867 ptachordum
512 1830 598 1867 lyram
611 1839 805 1869 componentes
815 1852 821 1864 ,
842 1840 871 1859 ut
883 1830 992 1860 referret
1004 1834 1108 1860 Lunam
1118 1832 1226 1872 hypate,
1236 1834 1402 1861 Mercurium
1413 1832 1558 1871 parhypate
1571 1852 1578 1864 ,
1591 1834 1722 1859 Venerem
1734 1830 1883 1870 hyperpar-

322 1869 425 1907 hypete
437 1889 444 1899 .
464 1879 521 1907 quae
530 1873 553 1897 ἃ
564 1868 683 1897 lichanos
693 1892 700 1903 ‚
714 1871 805 1899 Solem
815 1871 893 1904 mese,
904 1873 1021 1900 Martem
1032 1873 1173 1911 paramese,
1185 1876 1279 1901 lovem
1292 1882 1415 1911 paranete
1426 1893 1433 1903 ,
1453 1875 1593 1900 Saturnum
1606 1880 1677 1899 nete.
1698 1871 1884 1901 Nicomachus

321 1909 352 1938 in
363 1910 530 1937 harmonices
540 1909 689 1938 enchiridio
701 1931 708 1943 ,
721 1912 858 1939 contrario
865 1912 957 1940 ordine
968 1922 1099 1943 numerat,
1117 1917 1140 1941 δι
1151 1913 1261 1951 planetis
1271 1912 1401 1941 distribuit
1412 1933 1419 1943 ,
1436 1921 1464 1940 ut
1475 1913 1505 1940 iit
1515 1911 1616 1940 summa
1624 1911 1721 1952 hypate
1731 1914 1845 1940 Saturno
1856 1917 1882 1941 &

322 1951 378 1978 ima
388 1952 471 1978 Luna’
481 1950 577 1978 dicata.
602 1950 656 1977 Alii
667 1951 822 1989 quindecim
835 1952 987 1981 voluerunt.
1014 1953 1066 1980 Alii
1077 1952 1281 1994 phthongorum
1291 1953 1318 1980 id
1328 1954 1363 1981 est
1378 1952 1504 1981 sonorum
1516 1974 1522 1985 ,
1538 1954 1582 1992 qui
1595 1961 1654 1991 apte
1665 1956 1688 1980 8<
1699 1963 1761 1981 cum
1776 1953 1882 1982 ratione

323 1990 539 2018 modulationem
557 2000 751 2029 componerent
763 2012 770 2023 .
790 1989 841 2020 effe
852 1993 946 2020 decern
964 1997 989 2021 ἃ·
1001 1994 1066 2021 οᾶο
1077 2001 1169 2032 tropos
1182 1993 1362 2023 tradiderunt,
1382 2003 1497 2031 quorum
1507 1992 1549 2020 hic
1568 1996 1674 2021 Gra-cas
1691 1993 1883 2032 appellationes

322 2031 462 2059 Vitruvius
474 2032 559 2069 ponit.
579 2033 637 2059 Nos
648 2031 764 2068 subjecta
775 2031 859 2072 figura
870 2033 1010 2071 quomodo
1028 2035 1122 2061 Latine
1132 2034 1183 2062 dici
1194 2043 1292 2073 queant
1303 2037 1327 2063 &
1338 2033 1369 2062 ad
1379 2033 1474 2062 scalam
1485 2034 1593 2062 musices
1604 2034 1685 2062 nostri
1697 2036 1826 2072 temporis
1838 2045 1882 2063 re-

325 2069 388 2099 ferri
400 2072 514 2104 valeant,
525 2082 557 2099 ex
569 2072 706 2105 Martiani,
717 2073 854 2111 Gaphurii.
868 2075 948 2106 Petri,
963 2075 1061 2102 Aronis
1071 2078 1096 2103 ὅ(
1106 2074 1219 2102 aliorum
1231 2074 1395 2103 Mulicorum
1408 2096 1414 2107 ‚
1432 2085 1499 2113 quos
1511 2075 1625 2103 vidimus
1636 2096 1642 2107 ,
1666 2074 1739 2102 libris
1749 2075 1884 2103 indicabi-

323 2112 417 2143 mus,si
430 2112 502 2150 prius
513 2114 704 2146 monuerimus,
718 2124 750 2141 ex
758 2112 888 2141 sententia
898 2115 1020 2142 Francini
1032 2114 1160 2154 Gaphurii
1170 2116 1256 2144 claves
1266 2110 1317 2143 effe
1328 2115 1426 2155 viginti
1435 2117 1507 2145 duas.
1520 2125 1582 2143 curn
1592 2117 1705 2143 Ioannes
1718 2117 1879 2145 Pont.xx11.

326 2156 352 2180 δε
362 2152 451 2180 Guido
460 2154 587 2180 Aretinus
597 2154 669 2191 (qui,
691 2163 720 2187 ut
730 2151 810 2182 refert
822 2155 939 2183 Andreas
951 2155 1196 2194 Ornitlioparchus,
1211 2157 1311 2195 primus
1322 2166 1352 2184 ex
1363 2156 1466 2193 hymno
1477 2159 1510 2185 D.
1525 2158 1599 2184 Ioan.
1611 2157 1733 2195 Baptistae
1743 2177 1750 2189 ,
1770 2156 1812 2184 sex
1824 2156 1882 2186 illas

324 2191 445 2230 syllabas,
455 2201 493 2225 ut,
506 2204 540 2223 re,
551 2193 693 2230 mi‚fa,fivl,
703 2194 737 2224 la.
751 2193 765 2222 a
775 2205 830 2233 quo
842 2195 964 2235 vulgares
976 2196 1088 2224 musicos
1099 2196 1288 2225 consueveram
1299 2195 1542 2225 utremifasollarios
1553 2207 1660 2229 vocare,
1669 2197 1773 2225 musicis
1783 2197 1883 2225 conso-

325 2235 423 2261 nantiis
432 2234 576 2262 convenire
585 2234 736 2274 perpendit)
747 2236 844 2275 viginti
852 2244 957 2264 tantum
967 2237 1059 2265 velint.
1075 2239 1156 2265 Certe
1166 2239 1239 2266 loan.
1250 2237 1387 2266 Froschius
1398 2236 1461 2266 fides
1472 2238 1512 2266 his
1521 2237 1603 2265 literis
1616 2241 1640 2266 &
1652 2238 1722 2265 noris
1744 2243 1772 2265 Γ.
1784 2237 1807 2264 b.
1817 2237 1840 2265 b.
1852 2237 1880 2266 b.

331 2271 364 2322 ἢ
389 2272 416 2326 ὴ
433 2304 440 2311 ,
454 2280 532 2308 εεΑιί.
543 2284 567 2308 &
579 2291 613 2307 ee.
633 2281 770 2321 insignitas
781 2282 896 2320 antiquis
905 2282 1010 2322 ignotas
1021 2281 1118 2311 scribit.
1140 2284 1234 2324 Neque
1243 2283 1307 2312 libet
1316 2283 1450 2312 recensere
1461 2284 1580 2323 alia,quae
1587 2284 1619 2311 de
1629 2283 1668 2311 his
1678 2283 1783 2311 tradunt
1792 2286 1881 2311 Berno

326 2328 506 2358 Cluniacenfis
516 2330 587 2359 Abb.
595 2352 601 2362 ,
615 2333 802 2361 D.Bernardus
815 2333 884 2361 Abb.
895 2334 1105 2367 Clarevallenfis,
1115 2335 1181 2364 civis
1193 2345 1274 2367 meus,
1285 2337 1406 2375 quamvis
1416 2336 1459 2364 alii
1471 2336 1647 2372 Fontanajum
1659 2337 1880 2374 putent‚10annes

324 2370 449 2402 Tinctor,
462 2370 540 2399 Otho
549 2371 709 2412 Theogerus
720 2373 803 2412 Episc.
813 2374 1005 2403 VVilelielmus
1016 2376 1138 2414 quidam,
1149 2375 1324 2404 omneslibris
1331 2376 1364 2404 de
1375 2377 1477 2405 Musica
1486 2376 1597 2416 scriptis.
1617 2377 1751 2414 Principio
1760 2375 1877 2403 dicimus

326 2419 381 2437 non
393 2406 454 2442 effe.
467 2413 510 2439 cui
520 2410 641 2440 conferre
650 2409 776 2451 possimus
788 2415 935 2443 nostrarum
945 2415 1076 2444 summam
1086 2419 1111 2444 «St
1121 2416 1214 2447 imam,
1224 2416 1250 2444 id
1260 2417 1306 2449 est,
1318 2418 1348 2444 E.
1360 2416 1384 2445 la
1392 2421 1417 2445 δε
1427 2420 1460 2445 G.
1471 2427 1510 2445 ut.
1523 2417 1618 2445 deinde
1627 2427 1681 2444 non
1703 2413 1755 2444 esse
1766 2416 1880 2444 eundem

325 2451 458 2479 ordinem.
475 2452 552 2492 Qid
564 2463 625 2481 cum
635 2464 689 2493 quo
699 2456 840 2483 conveniat
852 2476 859 2486 ,
869 2454 1005 2494 descriptis
1013 2457 1129 2485 numeris
1138 2457 1282 2498 intelliges.
1303 2459 1395 2496 Itaque
1406 2457 1586 2496 incipiemusa
1598 2456 1875 2495 prossambanomene.

330 2491 524 2530 quitroporum
533 2495 633 2532 primus
654 2498 678 2522 &
698 2493 803 2523 infimus
813 2496 857 2523 cst.
878 2497 909 2523 Et
920 2496 1014 2524 decem
1033 2501 1058 2526 ἃ
1076 2496 1177 2536 septem
1198 2497 1345 2537 phthongis
1364 2498 1658 2536 (prossambanomenos
1675 2499 1784 2525 enimin
1796 2506 1881 2525 tetra-

325 2532 432 2560 chordis
444 2544 496 2561 non
507 2536 648 2572 reperitur)
660 2536 858 2563 constituuntur
869 2535 1036 2565 tetrachorda
1046 2538 1162 2576 quinque
1173 2560 1180 2571 ,
1201 2539 1320 2578 hypaton
1333 2559 1340 2570 ‚
1351 2537 1441 2566 meson
1454 2559 1460 2570 ‚
1479 2538 1672 2577 synemmenon
1684 2560 1690 2568 ,
1707 2539 1880 2578 diezeugme-

325 2581 378 2598 non
391 2576 414 2600 St
425 2573 626 2612 hyperbolaeon.
650 2577 721 2615 Qae
732 2586 793 2604 cum
804 2576 829 2603 in
839 2576 924 2604 tribus
942 2577 1156 2607 modulationum
1167 2579 1320 2618 generibus,
1331 2577 1500 2611 harmonico,
1513 2579 1682 2607 chromatico
1692 2582 1715 2607 δε
1727 2579 1879 2607 diatonico,

326 2612 429 2641 duobus
438 2617 509 2643 tonis
519 2619 543 2644 δι
556 2616 706 2644 hemitonio
714 2617 897 2656 perficiantur,
912 2616 1048 2646 dissimiles
1059 2619 1255 2648 tamenliabent
1276 2619 1474 2647 intervallorum
1491 2619 1684 2657 dispositiones.
1712 2622 1745 2648 Et
1763 2619 1880 2657 primum

329 2653 436 2696 quidem
445 2656 478 2682 ab
488 2655 586 2695 hypate
597 2657 715 2696 hypaton
727 2658 757 2686 ad
767 2657 881 2697 hypaten
893 2657 984 2686 meson
992 2659 1143 2699 designatur
1155 2682 1160 2692 ‚
1171 2660 1313 2689 seeundum
1326 2658 1357 2687 ab
1368 2659 1465 2699 hypate
1477 2660 1567 2688 meson
1577 2661 1608 2688 ad
1619 2659 1706 2688 mesen
1719 2681 1725 2691 ,
1746 2660 1855 2687 tertium
1865 2657 1881 2686 a*-

329 2696 397 2720 nicle
409 2694 439 2721 ad
451 2705 528 2724 neten
539 2696 730 2735 synemmenon
743 2709 748 2725 ε
769 2708 891 2737 quartum
903 2697 917 2726 a
928 2699 1057 2737 paramese
1074 2700 1106 2728 ad
1115 2710 1194 2729 neten
1212 2702 1425 2741 diezeugmenon
1438 2711 1443 2727 :
1466 2702 1589 2739 quintum
1600 2699 1615 2728 d.
1626 2710 1685 2728 nete
1703 2701 1880 2739 diezeugme-

327 2742 380 2760 non
391 2734 422 2760 ad
441 2745 518 2763 neten
529 2737 729 2776 hyperbolaeou.
751 2740 787 2767 Ea
798 2750 862 2767 vero
880 2741 969 2767 omnia
985 2741 1012 2767 in
1031 2740 1169 2769 harmonia
1188 2742 1255 2770 fiunt
1277 2741 1376 2770 duabus
1392 2741 1504 2769 diesibus
1524 2746 1549 2770 ἃ
1568 2742 1664 2769 ditono
1677 2762 1683 2772 ,
1703 2743 1728 2768 in
1739 2741 1880 2768 chromate

326 2772 427 2801 duobus
441 2775 592 2806 hemitoniis
604 2783 627 2807 &
636 2780 841 2808 rrishemitonio
850 2801 856 2812 ,
877 2781 903 2808 in
912 2780 1022 2808 diatono
1034 2781 1186 2812 hemitonio
1198 2788 1222 2812 3<
1231 2781 1335 2812 duobus
1345 2783 1427 2811 tonis.
1450 2784 1490 2810 Ira
1501 2782 1687 2822 magnitudine
1701 2781 1809 2821 quidem
1818 2790 1881 2820 per-

327 2822 473 2852 ae‘lffiffifflr,
484 2816 526 2845 sed
534 2820 738 2851 intervallorum
750 2821 871 2851 distantia
882 2820 939 2851 sunt
949 2819 1092 2852 diffimilia.

1770 2936 1876 2977 Anti-
