2023 3162
257 135 304 165 63
656 119 1511 159 DESIGNIFICATIONE

254 197 369 248 supra.
399 195 446 233 Et
463 191 607 231 festus:
626 186 780 227 Malleoli
796 194 984 230 vocantur,
1002 181 1074 228 dvc.
1103 184 1228 234 Atque
1250 183 1287 220 hi
1303 196 1384 222 non
1402 185 1501 222 aliud
1522 186 1710 228 videntur,
1735 200 1851 238 quam

253 252 467 302 manipulus
479 258 541 287 aut
553 246 729 284 collestio
739 243 875 293 spartea
887 270 897 286 ‚
918 242 1032 290 ligata
1042 243 1079 278 in
1090 241 1219 277 medio
1240 240 1362 278 forma
1372 241 1533 289 quadam
1554 245 1699 288 mallei,
1718 246 1754 282 ὅ(
1767 247 1852 295 pice

255 320 320 348 aut
330 307 504 358 sulphure
523 305 633 347 illita,
655 301 703 338 sic
725 298 903 349 projesta.
933 297 1046 346 Ligni
1067 306 1131 334 aut
1143 295 1227 333 ferri
1247 296 1307 334 hic
1320 297 1422 334 nulla
1435 298 1592 334 mentio.
1622 299 1673 335 At
1693 301 1852 339 alterum

256 376 374 416 genus
395 363 512 411 magis
531 358 710 395 efficax&
723 355 900 392 militare.
921 353 1030 402 quod
1047 353 1111 389 teli
1130 353 1169 388 in
1188 364 1337 389 morem
1357 352 1544 390 formatur
1565 354 1603 390 ὃς
1625 364 1778 404 aptatur.
1811 358 1851 394 Id

256 421 453 459 Aminiam.
471 428 515 453 ex
534 411 697 464 profeffo
716 409 886 447 describit
906 409 968 445 lib.
982 421 1049 445 xxl
1063 421 1077 444 1
1091 421 1121 445 1.
1154 407 1325 447 Malleoli,
1345 406 1406 444 teli
1416 420 1526 461 genus
1538 436 1549 451 ,
1566 406 1774 460 figurantur
1789 409 1853 448 hac

243 474 367 530 specie.
388 474 527 524 Sagitta
537 472 586 506 esi
597 480 736 511 cauma,
752 467 844 502 inter
855 461 1032 517 spiculum
1043 458 1088 502 ό*
1098 462 1306 500 arundinem
1322 462 1494 513 multifido
1494 460 1598 516 ferro
1608 474 1848 517 coagmentata,

255 546 327 585 quae
340 526 500 575 <somme
512 524 616 574 quod
627 524 672 561 ad
693 522 810 573 ipsum
822 520 979 567 ferrum)
991 521 1030 556 in
1046 516 1223 556 muliebris
1241 517 1469 570 coliformam
1482 548 1492 564 ‚
1511 531 1575 572 quo
1595 529 1726 556 nentur
1744 519 1854 573 lignea

252 587 425 643 (lamma,
448 590 684 619 concavatur,
705 585 834 614 ventre
841 573 1021 628 ficbtiliter
1040 574 1083 620 ό*
1095 572 1326 628 plurifzriam
1337 585 1480 628 pateam
1501 585 1602 627 atque
1619 576 1658 611 in
1675 574 1775 611 alveo
1791 576 1856 629 ipft

254 646 369 695 lgnem
379 652 459 675 cum
467 637 581 689 aliquo
589 633 734 688 susttpit
744 631 927 679 aliment03
950 629 993 675 όν
1001 629 1054 682 stc
1063 627 1180 681 emiffa
1198 629 1327 668 lentius
1345 630 1507 668 invalido
1517 643 1600 667 arcu
1622 630 1744 678 (jac‘t'u
1765 626 1856 670 enirn

256 694 426 749 rapidiore
436 692 683 745 exstinguitur)
697 688 735 740 st
740 686 871 740 haest’m‘t
880 685 1034 739 usquam,
1046 688 1214 724 tenaciter
1223 696 1350 724 cremat
1362 700 1373 723 .·
1385 683 1548 739 aquisque
1558 683 1742 739 conspersi,
1754 688 1859 724 acrio}-

258 765 313 790 res
323 752 456 787 excitat
465 748 554 799 ,estus
566 745 802 785 incendiorum
813 774 823 790 ‚
843 756 902 780 nec
911 741 1058 779 remedio
1068 743 1132 780 ullo
1145 773 1155 787 ‚
1173 756 1277 795 quam
1284 741 1480 795 stiperyecflo
1494 741 1646 793 pulvere
1654 740 1858 795 consopitur.

257 807 382 846 Lubet
392 807 604 843 examinare
617 806 653 841 ὅ(
666 802 790 840 verba.
824 799 892 837 Ait
901 796 1072 851 figittam
1093 796 1156 850 effi>
1164 810 1330 836 canneam
1342 813 1353 834 :
1372 800 1423 836 ita
1434 797 1469 834 &
1480 799 1660 848 Vegetius
1674 812 1681 835 ε
1693 797 1861 844 Malleoli,

256 862 360 900 velut
370 860 509 915 figittae
517 858 606 911 stint
618 885 625 898 ,
651 856 694 901 ό·
710 854 768 894 ubi
785 852 988 905 adhescrtnt
1006 855 1106 906 (quia
1126 853 1287 892 ardentes
1308 856 1479 895 veniunt)
1501 856 1614 890 omnia
1634 852 1859 907 conflagrant.

257 920 403 958 Clarius
414 916 622 955 Herodian.
636 916 673 951 <Sc
688 913 835 950 uberius
854 911 916 948 lib.
936 923 959 948 v
969 923 982 946 1
996 922 1010 946 1
1024 922 1037 946 1
1049 939 1056 946 .
1068 912 1106 947 in
1118 909 1264 947 obfidio
1278 910 1460 959 Aquileiae
1474 926 1480 947 :
1495 907 1561 961 fi’d
1569 905 1613 947 ὅ]
1625 907 1792 947 machinis
1803 908 1860 946 ad-

258 979 359 1013 motu
370 971 469 1024 jaces
478 972 587 1021 injscit
596 966 677 1006 bant
688 999 698 1013 ‚
709 969 844 1020 pariter
847 967 926 1018 pice
938 958 982 1002 d*
993 963 1104 1014 refina
1115 962 1246 1003 oblitas,
1258 959 1303 1003 cb*
1311 967 1347 1001 in
1356 976 1510 1002 extremo
1521 962 1656 1019 figittae
1664 978 1862 1010 mucronem

259 1027 435 1067 habentes:
446 1042 515 1081 quie
525 1040 603 1062 cum
615 1021 753 1072 accensae
762 1019 996 1072 deferrentur,
1008 1019 1122 1069 infixa
1133 1013 1390 1057 &inherentes
1399 1017 1568 1058 machinis
1580 1047 1587 1060 ‚
1593 1010 1703 1072 fitctff
1712 1034 1767 1058 eac
1778 1035 1863 1059 com-

259 1082 436 1122 burebant.
468 1082 628 1120 Ultrain
639 1079 871 1116 Ammiano,
894 1081 1017 1127 Ignem
1033 1088 1111 1111 cum
1130 1074 1244 1127 aliquo
1254 1073 1402 1127 fiiscipit
1420 1074 1597 1117 alimento„
1620 1079 1712 1116 Vult
1726 1090 1863 1116 cavum

259 1140 353 1178 illud
366 1138 534 1176 medium
546 1167 555 1180 ,
578 1136 598 1172 ὲ
612 1135 712 1172 ferro
724 1133 773 1170 fic
785 1142 950 1183 aptatum
961 1131 1145 1182 suscepisse
1156 1133 1329 1173 alimenta
1340 1133 1455 1181 ignis:
1475 1136 1570 1182 quoe?
1584 1134 1628 1170 ab
1641 1133 1862 1171 Herodiano

260 1199 334 1244 Jam
346 1195 461 1233 dieta,
478 1195 515 1230 ὅ(
530 1192 554 1229 fi
566 1191 658 1241 quid
668 1190 796 1227 simile.
828 1187 926 1228 Vide
939 1197 1081 1225 caetera.

318 1252 364 1289 M
376 1264 398 1287 Α
411 1263 436 1286 N
451 1262 474 1286 V
489 1263 544 1286 01„
557 1261 590 1284 A.
628 1247 713 1284 Lib.
725 1259 760 1282 x.
786 1255 866 1294 cap.
887 1256 899 1278 1
915 1256 945 1287 5.
976 1250 1067 1280 Item
1090 1240 1190 1280 Chelo
1221 1241 1322 1292 (slve
1340 1242 1499 1279 manucla
1515 1241 1685 1285 dicitur.)
1706 1245 1862 1283 Baldus:

260 1307 480 1346 Manuleam
491 1316 535 1342 ex
547 1301 868 1352 antiqualee'tione
880 1299 1035 1337 restituit
1055 1299 1258 1337 Turnebus
1276 1299 1337 1336 lib.
1353 1313 1386 1335 2.
1401 1311 1431 1335 c.
1443 1316 1480 1347 4.
1511 1298 1643 1343 Unde,
1655 1302 1787 1349 inquit,
1802 1313 1863 1338 vc-

261 1363 332 1401 stes
343 1359 579 1398 manuleatus,
602 1357 641 1395 id
648 1360 697 1394 es'l
709 1387 720 1403 ‚
739 1354 903 1393 habentes
923 1356 1085 1392 manicas.
1116 1355 1296 1392 Libenter
1316 1367 1388 1404 ego
1402 1354 1421 1391 ὲ
1434 1356 1585 1404 vulgata
1602 1356 1764 1393 lcCtione
1783 1364 1865 1395 non

261 1416 508 1454 discederem.
534 1415 694 1453 arbitror
707 1414 808 1450 enim
827 1411 904 1448 fieri
923 1412 1025 1461 pofl'e
1039 1441 1049 1456 ‚
1068 1413 1117 1448 ita
1130 1413 1347 1448 manuclam
1368 1411 1504 1448 diuam
1519 1410 1538 1447 ὲ
1552 1423 1665 1449 manu
1678 1441 1688 1456 ‚
1711 1422 1751 1449 ut
1762 1412 1865 1449 secu-

259 1474 374 1512 ricula
386 1472 406 1508 ἰι
415 1472 542 1510 securi.
555 1470 613 1509 Est
623 1479 753 1507 autem
762 1467 934 1505 manucla
946 1480 1027 1518 pars
1039 1467 1099 1505 illa
1108 1470 1144 1504 in
1158 1468 1368 1518 Catapultis
1382 1496 1391 1511 ,
1402 1479 1482 1517 quae
1494 1478 1651 1506 nervum
1664 1468 1863 1505 attractum

262 1530 450 1567 continet,
463 1527 499 1564 δέ
512 1526 532 1563 ὲ
543 1527 682 1564 Graecis
695 1525 831 1562 dicitur
848 1520 936 1575 χεὶρ,
949 1523 1006 1561 seu
1026 1516 1233 1569 ὃαὶκτυλΘι,
1255 1533 1295 1560 ut
1307 1523 1404 1573 apud
1426 1524 1568 1560 Heron.
1584 1524 1623 1560 in
1634 1524 1866 1574 Belopoeicis

262 1585 388 1623 videre
409 1583 479 1621 est.
502 1585 607 1629 cujus
627 1581 738 1619 verba
757 1579 854 1617 sunt:
890 1573 1020 1630 μεῖξιξι)
1043 1577 1065 1632 ὂ
1087 1579 1195 1618 τέτων
1215 1576 1359 1626 ὲΓκεᾶιθω
1379 1574 1506 1631 στὸηρὲς
1526 1573 1718 1625 ὃσέκπλβυ
1740 1609 1749 1624 ‚
1771 1581 1865 1617 inter

262 1638 329 1677 hac
343 1650 460 1678 autem
470 1638 638 1675 collicetur
646 1635 791 1689 ferreus
801 1635 941 1688 digitm.
976 1637 1103 1674 Nostri
1124 1638 1270 1675 clavem
1290 1637 1477 1687 appellant
1486 1646 1548 1673 aut
1556 1648 1694 1687 nucem
1708 1634 1864 1673 ballistae.

265 1697 359 1734 Haec
375 1698 447 1734 ille.
478 1696 626 1733 Omnes
638 1694 726 1731 editi
744 1693 827 1730 libri
840 1692 1051 1732 constanter
1068 1696 1230 1731 retinent
1239 1690 1420 1730 Manucla.
1453 1692 1572 1747 Qod
1593 1691 1690 1729 forte
1701 1691 1802 1730 idem
1814 1691 1865 1729 est

264 1755 371 1802 quod
382 1752 567 1789 manicula
581 1781 591 1796 ‚
610 1750 860 1787 diminitivum
872 1748 892 1786 ὲ
902 1761 1029 1788 manu.
1689 1774 1692 1776 v

321 1808 365 1844 M
377 1821 399 1844 Α
414 1822 439 1844 T
453 1821 475 1844 A
489 1823 509 1845 x
525 1823 561 1845 A.
592 1806 700 1845 Lib.v
709 1819 722 1843 1
736 1819 749 1843 1
759 1835 767 1842 .
781 1818 862 1858 cap.
879 1821 913 1850 3.
927 1806 992 1842 Sin
1002 1814 1118 1843 autem
1129 1803 1310 1844 arundinis
1323 1811 1436 1842 Graecae
1447 1804 1539 1856 copia
1549 1817 1616 1841 non
1627 1803 1704 1841 erit,
1717 1801 1863 1853 depala-

266 1859 360 1915 dibug
370 1872 488 1900 tenues
506 1864 704 1916 colligentur
715 1861 757 1906 ό*
767 1870 916 1899 mataxae
928 1891 939 1906 ,
959 1854 1003 1899 ὦ
1013 1862 1140 1898 tomicae
1150 1875 1162 1897 .-
1173 1860 1220 1897 ad
1224 1859 1357 1910 justam
1376 1858 1625 1912 longitudinem
1638 1883 1646 1896 ‚
1666 1868 1735 1892 una
1752 1856 1861 1907 crasst'-

267 1916 388 1953 tudine
396 1916 652 1969 colltgationibus
662 1927 907 1967 temperentur.
923 1916 1059 1954 Baldus
1075 1930 1082 1953 :
1097 1923 1252 1965 Mataxa
1265 1942 1273 1956 ,
1286 1926 1326 1953 ut
1337 1918 1462 1965 inquit
1471 1912 1666 1951 Philander
1676 1940 1686 1956 ‚
1705 1913 1754 1961 6ξί
1766 1911 1861 1962 restis

188 1976 228 2010 Ο
258 1969 327 2023 stu
338 1970 496 2022 funiculi
505 1970 645 2022 species.
677 1972 831 2019 Allegat
848 1972 974 2008 Ifidor.
985 1973 1047 2008 lib.
1065 1985 1078 2008 1
1089 1988 1124 2016 9·
1139 1985 1173 2008 c.
1190 1984 1251 2017 29.
1272 1973 1339 2018 qui
1349 1971 1492 2006 dietum
1503 1978 1608 2019 putat
1620 1967 1640 2003 ὲ
1651 1968 1809 2004 circuitu
1820 1967 1863 2004 fi-

269 2029 394 2065 lorum
415 2027 435 2062 :i
456 2037 555 2064 meta
568 2055 577 2070 ,
596 2027 653 2062 vel
672 2025 777 2074 quod
794 2025 1030 2062 transferatur
1050 2025 1319 2074 quafimetaxa.
1355 2024 1473 2060 Addit
1484 2023 1555 2074 ipse
1578 2023 1795 2067 Philander,
1815 2024 1861 2060 ab

267 2082 466 2131 Aquitanis
476 2082 550 2119 dici
559 2077 755 2132 madaiffam
767 2105 775 2119 ‚
793 2080 838 2117 ab
848 2080 1004 2117 Etruscis
1015 2092 1107 2117 vero
1120 2082 1156 2117 δ(
1170 2080 1361 2116 Romanis
1374 2082 1411 2117 δε
1422 2078 1583 2116 universa
1592 2079 1666 2116 fere
1679 2079 1780 2115 ltalia
1790 2091 1864 2114 ma-

267 2134 396 2190 trffitm.
429 2137 544 2187 Apud
561 2137 718 2174 Graecos
736 2136 904 2173 austores
923 2133 1059 2185 μέτωξοι
1078 2136 1232 2172 sericum
1250 2136 1402 2182 dicitur3
1434 2135 1539 2171 undo
1555 2134 1742 2171 metaxarii
1762 2132 1864 2171 serici

269 2194 525 2242 negotiatores
539 2222 548 2236 ‚
566 2192 611 2229 de
630 2191 764 2241 quibus
783 2192 805 2230 l.
824 2189 885 2227 fin.
910 2191 1012 2227 Cod.
1032 2191 1077 2226 de
1095 2192 1171 2240 pig.
1195 2189 1232 2226 δε
1252 2190 1339 2227 alibi
1358 2189 1456 2241 apud
1475 2200 1618 2227 veteres
1637 2186 1738 2241 10⁰⁵.
1760 2189 1863 2226 Hine

270 2249 472 2286 Auum-ius
485 2278 495 2293 ‚
515 2248 652 2285 Aetius
670 2249 707 2284 ὅ(
730 2245 1013 2283 Nic.Alexand.
1026 2245 1170 2283 Medici
1189 2242 1345 2295 μεπίξζω
1365 2240 1464 2293 esula)
1486 2246 1633 2289 dicunt,
1655 2256 1772 2293 quam
1782 2257 1861 2283 ver-

271 2306 406 2341 nacule
423 2301 502 2353 fita
517 2302 640 2340 cruda.
672 2303 785 2340 Certe
803 2302 980 2339 Graecum
1005 2301 1055 2338 est
1075 2300 1306 2340 vocabulum
1327 2328 1334 2342 ‚
1367 2302 1413 2338 de
1434 2313 1512 2351 quo
1531 2301 1627 2353 apud
1650 2300 1795 2338 Festum
1813 2302 1861 2338 ita

271 2359 469 2398 Lucillius:

612 2419 712 2451 Hunc
730 2422 940 2466 catapratem
953 2424 1042 2466 puer
1058 2410 1170 2449 eodem
1183 2409 1322 2465 'deferat
1339 2411 1486 2449 tinc'c'um
1497 2442 1507 2458 ,

608 2466 747 2506 Plumbi
764 2469 956 2518 pauxillum
970 2495 978 2509 ‚
1002 2467 1097 2506 rudis
1108 2468 1240 2521 linique
1249 2477 1444 2505 mataxam.

274 2529 403 2580 Qem
414 2526 545 2562 locum
557 2525 742 2573 explicans
755 2525 958 2562 Turnebus
969 2526 1033 2562 lib.
1049 2537 1110 2563 20.
1122 2537 1156 2561 c.
1171 2541 1207 2572 4.
1218 2526 1268 2561 ait
1278 2550 1286 2564 ‚
1304 2524 1495 2561 Mataxam
1506 2524 1573 2560 effe
1586 2522 1804 2561 funiculum,
1819 2525 1856 2560 Sc

275 2583 312 2618 in
324 2583 480 2631 antiquo
493 2580 640 2617 Lexico
653 2581 789 2629 exponi
801 2577 883 2627 021392
894 2610 903 2625 ‚
922 2581 959 2619 id
979 2580 1029 2618 est
1050 2584 1200 2625 caten,
1221 2579 1282 2617 seu
1300 2580 1417 2618 vestis.
1452 2580 1643 2631 Qiicquid
1654 2579 1707 2616 isti
1718 2579 1858 2622 dicant,

276 2649 350 2685 ego
366 2638 464 2687 apud
474 2637 693 2675 Vitruvium
704 2647 784 2673 non
794 2648 864 2686 pro
878 2636 1047 2674 funiculo
1059 2636 1196 2675 restevc
1207 2637 1354 2686 accipio
1367 2665 1376 2680 ‚
1395 2647 1516 2684 neque
1538 2638 1638 2673 enim
1649 2635 1684 2671 id
1695 2633 1858 2670 vocabu-

276 2692 359 2728 lum
371 2692 487 2736 sonat,
499 2692 558 2729 sed
567 2703 636 2742 pro
649 2692 905 2742 agglomerato
918 2693 1207 2742 convolutoque
1216 2692 1292 2731 filo,
1306 2692 1430 2740 quales
1442 2692 1462 2728 s
1457 2701 1533 2731 unt,
1546 2691 1680 2740 quibus
1689 2689 1805 2725 linum
1819 2691 1857 2726 ὅ(

275 2745 434 2784 sericum
448 2778 457 2792 ‚
470 2758 509 2785 ut
518 2750 572 2785 ita
584 2748 705 2785 dicam
718 2776 728 2792 ,
739 2758 957 2787 mataxatun
971 2748 1114 2796 quares
1108 2749 1209 2784 entio
1219 2746 1365 2798 prorsus
1377 2759 1466 2785 cum
1477 2746 1615 2784 Budaeo
1626 2774 1636 2789 ,
1648 2744 1713 2793 qui
1724 2744 1857 2782 locum

275 2800 378 2838 hunc
390 2814 596 2852 exponens,
606 2807 657 2841 ait
669 2813 836 2841 mataxas
846 2803 915 2840 effe
927 2805 1139 2853 manipulos
1151 2806 1187 2840 ὅ(
1198 2802 1391 2842 fasciculos
1405 2809 1718 2847 cannarum‚quos
1732 2800 1856 2836 Vitru-

276 2858 355 2894 vius
365 2859 509 2894 tomice
521 2861 658 2908 alligari
670 2861 784 2907 jubet.
815 2861 1003 2897 Caeterum
1013 2861 1099 2909 quia
1108 2861 1216 2897 locus
1226 2860 1436 2898 maculosus
1446 2858 1495 2894 est
1503 2866 1602 2893 totus
1614 2857 1651 2890 ὅ(
1664 2853 1740 2890 obs
1734 2866 1856 2898 curuS,

277 2924 351 2950 nec
362 2912 442 2950 satis
453 2913 776 2962 abexpofitoribus
795 2915 990 2952 illustratus
1004 2944 1014 2960 ,
1033 2927 1103 2952 nos
1121 2927 1191 2965 pto
1212 2915 1347 2953 viribus
1365 2911 1659 2951 emendabimus.
1688 2911 1854 2947 Textum

277 2969 355 3008 hoc
365 2968 474 3020 pasto
483 2967 747 3009 restituendum
758 2970 976 3009 arbitramur
989 2985 997 3008 :
1018 2972 1083 3007 sm
1092 2979 1204 3006 autem
1212 2967 1391 3005 arundinu
1399 2967 1522 3005 ‘Graecae
1530 2967 1622 3016 copia
1631 2978 1697 3001 non
1707 2967 1794 3004 erit,
1814 2962 1855 3000 de

1757 3018 1855 3072 palu-
