2023 3162
439 112 507 139 nr
556 99 1068 139 Ancu1⁷rrcrvnA
1124 93 1399 135 Lrn.VIII.
1652 101 1727 139 169

133 174 170 209 ἃ(
184 169 333 208 castello
346 169 591 215 conjunetum
603 167 647 205 ad
658 165 914 217 recipiendum
933 158 1071 215 aquam
1084 164 1215 216 triplex
1234 162 1486 201 immissarium
1499 189 1507 203 ,
1532 164 1728 202 collocenn

131 237 264 276 tui-que
282 227 319 262 in
337 225 486 262 castello
507 235 580 261 tres
600 222 722 261 fistulae
742 223 931 272 aequalitcr
948 221 1066 259 divisa:
1085 222 1178 258 intra
1188 221 1421 272 receptacula
1433 220 1652 263 conjuncta,
1675 222 1728 256 uti

132 295 222 320 cum
233 281 472 319 abundaverit
484 309 493 324 ,
508 280 553 317 ab
563 280 735 316 extremis
745 280 782 315 in
795 279 962 315 medium
975 278 1251 328 receptaculum
1263 276 1453 314 redundet.
1484 276 1538 312 Ita
1549 278 1584 312 in
1598 276 1726 312 medio

131 350 325 392 ponentur
336 336 458 374 fistula:
477 338 513 373 in
527 346 661 372 omnes
673 332 736 382 [d]
750 336 854 371 lacus
875 336 911 371 <Sc
924 331 1104 370 salientes.
1133 333 1187 371 Ex
1197 332 1314 370 altero
1325 334 1362 370 in
1373 332 1522 370 balneas
1535 360 1545 375 ,
1567 342 1606 368 ur
1617 331 1728 368 vessi-

132 395 191 445 gal
205 394 407 443 quotannis
418 393 562 442 populo
573 391 759 441 praestent:
781 402 825 427 ex
836 390 971 439 quibus
983 390 1095 427 tertio
1115 390 1153 426 in
1167 385 1218 439 [e]
1241 390 1380 426 domos
1399 389 1579 438 privatas,
1594 388 1644 424 ita
1657 415 1667 431 ‚
1680 397 1727 422 ne

133 450 271 488 desitin
284 449 450 506 publico.
482 448 573 484 Non
585 447 685 483 enim
702 456 879 496 poterunt
897 454 1062 483 avertere
1084 456 1171 482 curn
1190 443 1386 483 habuerint
1408 443 1428 480 ὲι
1451 442 1632 494 capitibus
1641 454 1727 492 pro-

133 509 226 558 prias
247 506 452 542 duniones.
485 502 578 539 Haec
597 513 720 540 autem
731 514 843 551 quare
864 499 972 538 divisa
983 500 1256 540 constituerim,
1280 501 1335 538 hae
1346 500 1427 537 sunt
1440 499 1552 537 causae
1565 528 1574 544 ,
1598 499 1729 548 utiqui

134 564 306 613 privatim
326 561 463 597 ducent
480 559 517 595 in
529 558 690 598 domos,
712 557 951 607 veffigalibus
962 565 1132 594 tueantur
1143 567 1207 606 per
1224 556 1445 606 publicanos
1465 567 1645 604 aquarum
1664 555 1729 590 du-

134 620 227 656 Otus.
260 614 335 668 [f]
348 617 409 652 Sin
421 624 546 652 autem
564 614 678 650 medii
690 624 839 650 montes
858 622 964 650 erunt
977 613 1070 648 inter
1089 613 1234 649 moenia
1254 614 1291 649 ὅ(
1305 621 1416 662 caput
1435 610 1553 648 fontis
1565 640 1574 655 ‚
1600 610 1649 647 fic
1661 611 1730 647 crit

135 673 355 712 faciundum
367 700 376 716 ‚
398 671 450 708 uti
462 672 531 722 [g]
544 667 670 719 specus
681 668 867 706 fodiantur
877 667 940 704 sub
952 678 1048 704 terra
1058 695 1069 711 ‚
1080 667 1335 716 librenturque
1346 667 1391 704 ad
1402 666 1581 716 fastigium
1595 696 1604 711 ‚
1625 665 1731 715 quod

136 727 422 782 suprascriptum
435 725 502 762 cst:
523 727 560 762 δε
575 724 598 761 fi
611 725 747 775 tophus
759 725 839 767 erit,
850 733 911 760 aut
921 723 1047 759 saxum
1058 751 1068 766 ‚
1090 723 1127 759 in
1139 723 1204 759 suo
1215 722 1280 760 fibi
1292 720 1357 769 [h]
1369 723 1505 760 canalis
1517 723 1729 760 excidatur:

137 785 192 824 fin
210 794 334 822 autem
353 793 537 820 terrenum
558 792 620 818 aut
645 779 840 818 arenosum
860 780 928 816 erit
948 776 1069 815 solum
1083 806 1093 822 ‚
1113 778 1268 828 parietes
1288 790 1378 815 curn
1399 790 1542 815 camera
1562 780 1600 815 in
1620 779 1731 828 specu

137 842 339 883 struantur,
359 840 452 876 &ita
463 836 683 887 perducatur
694 866 703 881 ,
727 838 779 882 [z]
791 836 970 886 puteique
980 835 1030 870 ita
1040 832 1109 871 sint
1120 832 1204 871 faeti
1218 863 1227 878 ‚
1246 835 1404 871 utiinter
1422 833 1519 870 duos
1539 833 1605 870 fint
1617 834 1730 870 aetus.

138 898 203 935 Sin
223 906 349 934 autem
371 890 423 945 [k]
442 893 568 930 fistulis
580 892 764 944 plumbeis
777 891 957 935 ducetur,
977 891 1142 940 primum
1159 890 1347 927 castellum
1361 889 1406 927 ad
1426 899 1537 938 caput
1557 888 1729 932 struatur,

138 952 270 990 deinde
283 951 326 989 ad
337 951 484 1001 copiam
494 961 598 997 aquae
610 950 742 985 lamnae
753 946 958 984 fistularum
970 945 1242 983 constituantur
1253 975 1263 990 ,
1282 956 1411 994 exque
1421 943 1547 981 fistul'ae
1558 945 1602 981 ab
1613 956 1660 980 co
1673 956 1732 982 ca-

138 1009 243 1046 stello
267 1007 505 1044 collocentur
524 1004 569 1040 ad
579 1004 767 1041 castellum
781 1032 790 1048 ‚
810 1001 914 1052 quod
927 1003 993 1039 crit
1009 1003 1048 1039 in
1067 1003 1270 1039 moenibus.
1301 1000 1364 1047 [l]
1385 1000 1524 1038 Fistulae
1546 1012 1593 1037 ne
1606 1001 1730 1036 minus

138 1066 260 1113 longae
280 1061 417 1113 pedum
433 1061 573 1098 denum
583 1059 784 1097 fundantur
797 1088 806 1104 ‚
820 1070 900 1108 quae
921 1057 944 1094 fi
961 1056 1025 1106 [m]
1050 1058 1269 1095 centenariae
1289 1067 1396 1095 erunt
1408 1087 1418 1103 ‚
1433 1059 1499 1101 [n]
1512 1056 1663 1105 pondus
1673 1055 1733 1092 ha-

139 1121 247 1158 beant
265 1121 302 1155 in
314 1117 466 1166 lingulas
484 1116 615 1167 pondo
636 1128 665 1153 M
679 1129 699 1152 c
712 1130 742 1153 c.
759 1115 783 1151 sl
794 1115 1043 1163 ouogenariae
1056 1142 1067 1158 ,
1087 1113 1220 1164 pondo
1245 1127 1270 1151 D
1285 1127 1306 1151 c
1317 1127 1339 1150 c
1353 1127 1373 1151 c
1387 1127 1407 1150 c
1417 1125 1440 1151 L
1451 1126 1485 1149 x.
1505 1111 1530 1148 fi
1547 1114 1732 1161 quinqua-

142 1177 308 1226 gemnae,
320 1173 450 1224 pondo
463 1184 526 1210 Dc.
538 1172 846 1222 quadragenariae,
857 1169 990 1221 pondo
1002 1182 1208 1208 ccchxxx.
1223 1170 1437 1215 tricenariae,
1450 1168 1582 1218 pondo
1596 1179 1731 1205 ccctx.

1083 1226 1118 1263 Y
1581 1225 1733 1262 vicena-

139 1320 170 1355 d]
202 1319 348 1347 Philantier.
370 1320 404 1346 Et
415 1319 518 1347 laeuum
533 1316 655 1358 frequens
667 1320 702 1346 est
712 1320 815 1346 mentio
826 1319 893 1357 apud
911 1320 1080 1346 Frontinum.
1104 1318 1183 1345 Erant
1194 1317 1266 1344 enim
1278 1310 1384 1355 publica
1394 1325 1520 1355 aquarum
1531 1313 1733 1353 conceptacula,

182 1358 228 1387 ubi
236 1361 358 1388 Romana
370 1359 441 1397 plebs
451 1360 568 1388 ablueret
579 1361 658 1387 lintea
669 1364 692 1388 ἃ
704 1360 804 1387 (imilia.
817 1360 881 1387 Inde
891 1359 1055 1388 balnearum,
1067 1355 1209 1389 fullonum,
1221 1357 1408 1389 coriariorum,
1419 1356 1585 1394 aliorumque
1597 1351 1736 1383 neceffita-

180 1400 252 1427 tibus
264 1399 578 1438 sfflststbaupostoemum
588 1401 659 1428 horti
670 1401 858 1441 irrigabantur.
870 1400 920 1428 Sed
929 1401 998 1428 inter
1008 1400 1121 1438 plurima
1133 1399 1238 1427 caducae
1248 1408 1321 1438 aquae
1332 1398 1486 1430 commoda,
1495 1397 1559 1424 illud
1570 1406 1623 1424 non
1633 1396 1736 1434 postre-

184 1450 258 1468 mum
269 1449 343 1478 putat
355 1441 495 1469 Frontinus
507 1462 513 1471 ‚
533 1442 604 1480 quod
615 1445 639 1469 δε
650 1441 721 1469 urbis
733 1441 878 1469 salubritati
895 1441 1012 1468 maxiine
1024 1438 1159 1469 conferret
1169 1461 1175 1472 ,
1185 1441 1246 1478 quia
1255 1439 1488 1467 immundiciarum
1499 1435 1588 1469 facies,
1602 1435 1734 1474 impurior

183 1480 297 1519 spiritus,
309 1485 333 1509 δε
344 1480 423 1509 causa:
433 1482 562 1522 gravioris
573 1482 646 1515 eceli,
657 1483 752 1521 quibus
765 1480 833 1521 apud
842 1491 943 1510 veteres
954 1480 1024 1509 urbis
1035 1479 1140 1508 infamis
1152 1484 1195 1509 ae'r
1206 1478 1290 1509 fuerat
1301 1501 1307 1513 ,
1325 1488 1438 1508 remotae
1450 1474 1542 1508 effent.
1566 1475 1735 1508 Salientesfi-

182 1521 305 1550 stularum
317 1521 374 1550 sunt
386 1532 481 1560 capita,
493 1523 538 1560 qui
549 1526 573 1550 S:
584 1523 730 1561 fiphunculi
741 1524 875 1555 dicuntur,
886 1532 1000 1561 quorum
1015 1532 1061 1550 ora
1072 1521 1089 1548 Ii
1099 1521 1250 1560 perenniter
1260 1522 1355 1553 fluunt,
1369 1520 1465 1552 masiis,
1477 1519 1502 1546 id
1512 1518 1682 1550 est,mammis
1694 1525 1735 1545 te-

181 1565 380 1603 guntur.Varro
391 1563 679 1602 cap.14.lib.111.vocat
693 1564 864 1602 papillas,live
875 1572 903 1591 ut
915 1563 999 1602 aliqua
1008 1562 1166 1600 exempliria
1176 1557 1632 1594 habent,mammillaffiCaffiodorus
1641 1556 1734 1585 ubera.

185 1605 219 1632 Et
231 1603 303 1642 quod
313 1604 445 1631 interdum
457 1614 505 1643 pro
515 1605 600 1632 mistis
611 1604 760 1644 sculpantur
771 1615 816 1633 ora
827 1604 1031 1642 Leoniiia‚qu0d
1040 1603 1149 1632 testatur
1159 1600 1314 1630 Plutarchus
1326 1601 1372 1629 lib.
1383 1611 1422 1629 ιν.
1434 1599 1556 1639 Sympos.
1568 1598 1735 1637 problemate

183 1645 288 1683 quinto,
300 1645 368 1682 apud
378 1645 523 1684 AEgyptios
534 1644 602 1673 sieri:
615 1656 644 1673 ea
655 1646 776 1674 SidonIus
788 1646 947 1684 Apollinaris
957 1645 1023 1673 dicit
1035 1646 1147 1672 Leones.
1159 1643 1195 1675 Si,
1204 1651 1266 1671 cum
1276 1641 1350 1673 libet,
1363 1641 1522 1669 obturantur
1533 1644 1557 1668 δι
1569 1641 1697 1669 laxantur,
1708 1637 1736 1666 id

182 1685 215 1713 fit
225 1686 386 1722 epistomiis.
403 1695 518 1724 quorum
537 1686 702 1715 manubriola
717 1687 782 1714 dum
793 1695 952 1725 torquentur
963 1706 969 1716 .
990 1682 1153 1724 patefaciunt
1165 1693 1238 1711 nares
1251 1701 1260 1713 ,
1278 1692 1356 1720 atque
1366 1683 1402 1710 ita
1413 1690 1500 1709 manat
1512 1690 1585 1719 aqua,
1604 1679 1738 1708 contraria

186 1725 333 1753 versatione
344 1725 446 1754 easdem
456 1726 593 1755 obturant.
616 1728 685 1755 Haec
696 1727 748 1754 ille.
772 1728 875 1765 Papillae
888 1727 940 1754 ista:
949 1746 956 1757 ,
969 1735 1013 1753 aut
1023 1726 1109 1763 capita
1119 1723 1224 1751 leonina
1237 1725 1325 1761 potius
1337 1731 1493 1750 ornamenta
1507 1721 1565 1751 sunt
1577 1720 1736 1759 epistomio-

183 1775 252 1797 rum,
264 1765 279 1793 it
291 1763 377 1794 forma
387 1767 422 1794 ita
433 1767 519 1795 dista:
533 1777 609 1806 quam
621 1776 706 1805 partes
722 1763 878 1798 effennalem
891 1775 953 1794 cum
964 1775 1067 1805 apertio
1079 1768 1103 1794 δε
1115 1763 1253 1793 obturatio
1261 1775 1306 1804 per
1316 1763 1481 1792 manubriola
1491 1761 1633 1798 fiat,prout
1645 1768 1737 1788 earum

182 1803 313 1833 foramina
325 1808 477 1845 torquendo
486 1817 529 1835 :tut
542 1810 696 1846 aperiuntur
705 1817 749 1835 aut
761 1807 928 1835 clauduntur.

142 1849 168 1883 e]
205 1846 289 1874 Idem.
309 1848 405 1874 Scribit
418 1849 559 1875 Frontinus
570 1849 614 1876 lib.
630 1858 665 1876 11.
676 1849 743 1886 apud
753 1850 876 1886 antiquos
886 1855 996 1876 omnem
1006 1857 1102 1885 aquam
1111 1847 1139 1876 in
1147 1845 1269 1885 publicos
1279 1845 1337 1874 usus
1348 1842 1566 1884 erogarisolitam
1575 1839 1626 1870 effe
1638 1862 1645 1873 ‚
1663 1839 1740 1880 lege-v

183 1897 235 1925 que
244 1896 353 1915 cautum
363 1898 395 1915 ue
405 1890 461 1926 quis
471 1888 587 1926 privatus
598 1889 676 1916 aliam
685 1891 805 1921 duceret,
820 1898 899 1926 quam
911 1898 968 1926 quae
979 1899 1011 1915 ex
1023 1889 1080 1916 lacu
1089 1887 1201 1915 humum
1213 1883 1369 1921 acceffiffet5
1383 1885 1526 1919 (caducam
1537 1881 1678 1913 vocabant3
1689 1882 1700 1916 )
1711 1884 1738 1909 Sc

184 1927 251 1955 hanc
261 1927 340 1966 ipsam
352 1938 406 1956 non
415 1929 440 1955 in
450 1929 530 1956 alium
542 1929 624 1961 usum,
637 1939 716 1967 quam
728 1929 890 1960 balnearum,
902 1937 946 1956 aut
957 1926 1161 1956 fullonicorum:
1174 1926 1361 1966 vestig-alisque
1370 1927 1494 1954 statutam
1504 1923 1666 1954 mercedem.
1678 1931 1738 1960 quae

185 1969 212 1995 in
223 1968 357 2006 publicum
366 1970 524 2007 penderetur
537 1990 543 2000 ,
564 1970 662 2008 aliquid
673 1973 697 1998 δι
709 1970 734 1997 in
747 1970 842 1998 domos
854 1969 1006 2007 Principum
1016 1969 1123 1996 daretur
1134 1988 1141 1994 .
1159 1967 1218 1995 vide
1229 1967 1339 2005 reliqua.
1360 1968 1432 1994 Scitu
1445 1965 1508 1993 illud
1517 1965 1646 2005 dignum,
1664 1961 1740 2001 quod

184 2009 265 2048 tradit
275 2009 387 2038 Galenus
399 2010 493 2037 lib.xvi
501 2010 542 2038 .de
553 2010 671 2049 us.part.,
683 2021 714 2039 ne
726 2012 752 2039 in
762 2009 913 2038 civitatibus
924 2009 1032 2048 quidem
1042 2018 1137 2047 aquam
1149 2008 1221 2035 mole
1230 2017 1259 2035 ac
1269 2008 1387 2047 pondere
1398 2006 1526 2046 aequalem
1537 2005 1602 2033 locis
1614 2002 1739 2040 omnibus

190 2047 241 2076 esse
251 2049 405 2088 dispersam:
427 2050 522 2078 balneo
529 2052 600 2080 enim
612 2051 730 2090 publico.
743 2060 787 2079 aut
799 2053 919 2079 Deorum
929 2050 1000 2079 luco.
1011 2058 1112 2089 partem
1122 2058 1194 2087 aquae
1206 2048 1335 2082 majorem
1347 2048 1437 2079 tribui,
1446 2045 1566 2074 fontibus
1576 2054 1639 2073 vero
1650 2044 1740 2070 bivio-

188 2099 248 2117 rum
257 2093 280 2117 &
290 2091 396 2128 privatis
408 2090 506 2119 balneis
518 2093 657 2120 minorem.
667 2092 798 2120 Publscam'
806 2092 941 2123 dicuntur,
953 2090 1070 2129 quiquid
1080 2090 1095 2118 ὂ,
1104 2088 1168 2118 fisco
1179 2089 1345 2121 conducunt,
1355 2097 1384 2116 nr
1395 2087 1531 2127 publicum
1541 2084 1666 2124 veetigal.
1676 2092 1739 2121 por-

189 2138 232 2157 tus
243 2130 381 2158 vaenalium
389 2141 475 2159 rerum
486 2152 492 2163 ‚
510 2132 647 2160 salinarum
659 2153 666 2164 .
685 2133 855 2161 metallorum
866 2153 873 2166 ,
892 2133 1000 2160 auctore
1011 2131 1126 2170 leiano
1146 2129 1321 2158 Pande&.11b
1332 2138 1426 2157 xxxix.
1437 2127 1468 2155 de
1479 2126 1552 2165 publ.
1567 2129 1591 2153 8<
1603 2124 1702 2163 veffig-
1713 2126 1739 2151 Sc

186 2170 282 2198 eodem
293 2174 316 2198 ἃ
329 2171 397 2205 Caio
407 2171 454 2198 lib.
468 2181 491 2199 r.
504 2173 535 2200 de
545 2183 594 2201 rer.
607 2177 631 2201 δε
643 2173 716 2201 verb.
727 2172 838 2213 fignific.

209 2210 293 2238 Idem.
316 2211 444 2240 Palladius
455 2211 501 2240 lib.
513 2222 552 2241 rx.
564 2223 621 2252 cap.
632 2224 655 2241 2.
665 2215 702 2241 ita
710 2210 834 2252 express'it
849 2223 855 2239 :
876 2213 902 2239 Si
910 2212 965 2250 quis
975 2219 1045 2239 mons
1058 2211 1204 2248 interjec'itu
1215 2210 1350 2238 occurrerit
1358 2230 1364 2239 ,
1374 2216 1473 2246 autper
1483 2207 1568 2234 latera
1577 2205 1631 2243 estu
1641 2213 1739 2243 aquam

192 2251 314 2278 ducemus
323 2250 450 2290 obliquam
458 2270 464 2280 .
480 2261 526 2280 aut
537 2253 572 2280 ad
579 2263 648 2289 aqua
660 2261 735 2290 caput
751 2253 877 2290 speluncas
886 2251 1035 2279 librabſsmus
1043 2271 1051 2281 ‚
1059 2258 1104 2288 per
1113 2261 1224 2289 quarum
1242 2250 1398 2285 strm‘i'uram
1405 2250 1550 2286 perveniat.
1571 2247 1681 2274 Montes
1691 2255 1738 2273 au-

190 2300 246 2319 tem
256 2290 367 2319 collesve
381 2295 421 2327 (ut
433 2292 519 2321 obiter
526 2294 629 2327 dicam)
642 2294 742 2321 duabus
753 2293 832 2320 caulis
844 2289 915 2320 effici
926 2312 932 2322 ,
952 2301 1039 2319 rerum
1051 2300 1150 2319 natura:
1167 2291 1243 2329 periti
1260 2290 1385 2318 testantur
1394 2311 1401 2321 ,
1421 2298 1549 2327 aquarum
1567 2287 1668 2326 impetu
1678 2289 1701 2314 &
1712 2285 1739 2314 vi

190 2342 353 2360 ventorum:
375 2342 469 2360 contra
482 2334 571 2360 iisdem
583 2337 605 2361 ἅ
617 2343 691 2362 retra:
702 2334 825 2361 intestino
837 2332 961 2360 incendio
971 2331 1092 2359 demoliri
1104 2341 1134 2359 ac
1146 2327 1262 2369 diffipari
1271 2330 1350 2358 iidem
1360 2331 1477 2359 tradunt.

146 2374 179 2411 g]
209 2373 292 2400 Idem.
314 2375 427 2410 Specum
447 2371 498 2402 effe
509 2373 705 2402 subterraneum
718 2374 852 2403 meatum}
868 2383 912 2411 per
924 2381 1003 2410 quem
1019 2381 1085 2408 aqua
1093 2372 1204 2399 ducatur
1218 2392 1224 2403 ,
1240 2370 1321 2398 tradit
1339 2371 1443 2410 leian.
1454 2368 1576 2397 Pande-ft.
1588 2367 1634 2396 lib.
1647 2376 1690 2399 43·
1707 2365 1741 2393 de

189 2414 262 2441 rivis.
284 2415 392 2442 Rectius
402 2424 480 2452 quam
492 2425 553 2442 cum
565 2417 687 2443 Pra‘toris
697 2415 776 2444 verba
787 2413 882 2442 eodem
893 2423 951 2452 cap.
960 2422 1095 2450 exponens
1109 2433 1116 2446 ‚
1133 2412 1240 2451 specum
1248 2412 1283 2439 ait
1295 2409 1460 2445 effelocum,
1474 2421 1505 2438 ex
1515 2420 1569 2449 quo
1579 2408 1719 2447 despicitur
1731 2418 1739 2437 i

192 2453 252 2481 inde
263 2453 408 2492 spectacula
419 2451 469 2482 else
479 2455 557 2483 dieta.

151 2494 184 2530 h]
213 2495 297 2522 Idem.
316 2496 374 2522 Pari
386 2494 606 2535 figuradiCtumsx
620 2496 714 2524 Plauto
725 2496 750 2523 in
761 2494 968 2533 Amphitryone,
980 2492 1027 2520 telo
1038 2490 1153 2530 suofibi,
1165 2493 1225 2521 &in
1238 2492 1359 2531 Capt1vis
1370 2513 1377 2525 ,
1390 2492 1436 2529 suo
1451 2491 1500 2530 fibi
1512 2491 1590 2527 fitero.
1612 2490 1645 2516 Et
1658 2485 1672 2516 ὲ
1684 2488 1742 2514 Te-

192 2544 261 2562 rent.
274 2536 298 2562 in
312 2535 475 2573 Adelphfiao
490 2536 641 2574 fibtglizdlm
655 2541 678 2564 ἅ·
690 2536 763 2575 plura
774 2535 911 2570 ejusmodi.

148 2577 172 2611 ἱ]
211 2576 296 2603 Idem.
319 2577 415 2604 Puteos
436 2576 486 2604 hoc
501 2577 564 2605 loco
581 2578 691 2616 appellat
703 2577 819 2605 :estuaria
829 2597 836 2608 ‚
856 2575 951 2614 quibus
969 2574 1089 2613 respirare
1100 2570 1179 2612 poffit
1191 2574 1320 2613 perfluens
1330 2584 1396 2612 aqua
1406 2577 1429 2602 ἃ
1441 2573 1477 2601 vis
1487 2571 1589 2610 spiritus
1600 2569 1742 2601 relaxetur,

193 2625 226 2643 ne
235 2615 373 2644 conclusus
382 2619 426 2644 ae'r
437 2616 540 2645 cursum
552 2629 624 2656 aqnae
635 2627 760 2646 moretur.
784 2616 882 2645 Similia
892 2615 1048 2655 spiramenta
1058 2614 1137 2653 paulo
1147 2625 1211 2643 mox
1222 2615 1388 2643 columnaria
1399 2613 1530 2642 nominat.

150 2657 179 2691 k]
202 2657 287 2684 Idem.
306 2658 403 2684 Praeter
415 2657 542 2688 Plinium,
556 2660 715 2686 Frontinum
727 2662 750 2686 δε
763 2656 1019 2689 Palladiumfflaulus
1029 2657 1050 2682 1.
1063 2657 1096 2684 C.
1106 2655 1229 2683 Pandest.
1242 2655 1289 2682 hb.
1302 2664 1400 2684 xxxix.
1423 2655 1455 2682 de
1466 2663 1532 2692 aqua
1542 2652 1614 2692 pluv.
1630 2650 1742 2680 arcenda

191 2697 292 2730 scribit,
302 2707 397 2737 aquam
408 2708 453 2736 per
463 2698 557 2727 listulas
570 2700 631 2727 duci
644 2699 802 2727 conflictum
812 2694 897 2726 fuiffe.
918 2697 994 2726 Vnde
1005 2696 1102 2724 Statius
1112 2695 1161 2723 lib.
1171 2705 1192 2723 ιΑ
1202 2695 1274 2734 Sylv.
1286 2696 1338 2723 ait:

551 2750 651 2784 Terque
668 2754 712 2783 per
730 2745 859 2782 obliquum
873 2745 974 2781 penitus
991 2753 1042 2782 qua
1060 2741 1150 2769 laberis
1171 2751 1274 2769 amnem

548 2789 652 2814 Martia
662 2806 668 2815 .
695 2785 729 2820 (ἂι
747 2786 841 2812 audasi
858 2783 1008 2820 traafisunis
1018 2782 1134 2821 flumina
1145 2781 1257 2821 plumbo.

195 2829 238 2858 Fit
247 2834 272 2859 &
284 2833 386 2861 mentio
398 2833 424 2861 in
436 2831 505 2860 libro
515 2840 611 2870 quarto
623 2830 808 2869 Metamorph.
818 2830 924 2858 Ovidii.
1597 2860 1601 2864 ᾗ

155 2868 187 2903 l]
216 2871 299 2901 Idem.
319 2874 383 2902 Hoc
395 2875 431 2901 ita
445 2873 542 2900 Plinius
555 2873 600 2900 hb,
611 2883 686 2900 xxxi.
699 2878 786 2910 cap.6.
796 2869 891 2898 fistulas
902 2870 1001 2898 denum
1012 2867 1294 2907 pedumlongitudinis
1305 2866 1355 2897 effe
1365 2867 1521 2909 legitimum
1534 2867 1578 2896 est.

157 2911 199 2944 m]
226 2911 307 2941 Idem.
330 2915 358 2942 Id
368 2915 412 2945 est,
424 2914 441 2941 li
453 2914 549 2941 lamina
559 2935 565 2946 ,
578 2922 719 2952 antequam
728 2914 755 2940 in
764 2910 984 2940 rotundationem
995 2910 1117 2938 fleitatur
1129 2929 1136 2942 ,
1154 2908 1206 2938 lata
1216 2910 1265 2938 erit
1276 2909 1376 2950 digitos
1386 2918 1504 2939 centum.
1519 2918 1598 2949 arque
1609 2907 1647 2935 ita
1656 2905 1682 2933 in
1692 2904 1749 2934 aliis

201 2947 321 2982 formulis
331 2954 546 2993 intelligendum.

159 2991 190 3025 ῃ]
215 2990 299 3020 Idem.
319 2995 408 3024 Scribe
417 2988 542 3035 lingulas,
553 2992 624 3023 sensu
635 2994 671 3023 ita
682 2991 871 3032 expostulante.
888 2989 1002 3022 refertur
1012 2991 1083 3022 enim
1093 2992 1125 3022 ad
1135 2989 1241 3022 fistulas.
1640 3028 1652 3063 ]
1665 3025 1692 3054 Id

1627 3038 1639 3058 0
1695 3034 1752 3057 em,
