2023 3162
466 108 1099 150 nnAncmwca—var
1155 109 1395 152 L113.IX.
1672 128 1739 164 195

158 176 409 228 Scorpionem
421 165 548 214 tenent
560 178 597 214 in
609 176 793 215 manibus.
827 174 902 230 [ς]
920 177 1169 216 Simulacrum
1180 179 1237 221 id,
1258 181 1366 229 quod
1383 179 1541 219 Bestiam
1562 181 1743 224 astrorum

155 235 260 283 periti
270 233 573 277 nominaverunt,
584 232 628 271 ad
644 234 852 282 Virginem,
865 235 902 271 ὅ(
914 233 1101 280 Leonem,
1114 234 1151 271 δε
1164 233 1377 274 Cancrum:
1393 237 1538 286 Anguis
1549 241 1742 289 porrigens
1765 232 1767 234 ¹

155 300 289 338 agmen
301 287 484 325 stellarum
495 289 670 326 intortus,
689 288 870 338 subcingit
883 290 1077 338 regionem
1090 290 1229 328 Cancri
1240 320 1250 336 ,
1263 293 1404 342 erigens
1416 294 1571 331 rostrum
1583 293 1628 330 ad
1641 295 1743 333 Leo-

155 356 245 382 nem
259 372 268 388 ,
289 343 493 392 medioque
505 355 666 394 corpore
677 343 848 381 sustinens
861 344 1056 383 Craterem
1070 374 1080 390 ‚
1100 346 1146 383 ad
1155 358 1392 398 manumque
1402 348 1564 398 Virginis
1584 351 1743 389 caudam

154 399 349 447 subjiciens
363 427 372 442 ,
392 400 427 435 in
439 410 511 448 qua
525 397 615 435 inest
629 399 791 438 Corvus.
824 396 890 446 [h]
913 401 1009 454 Qae
1018 410 1145 439 autem
1156 401 1260 452 supra
1278 403 1454 453 scapulas,
1476 416 1646 457 peraeque
1663 406 1745 445 sunt

153 457 336 502 lucentia;
355 453 402 490 ad
416 455 559 503 Anguis
575 456 727 493 interius
741 456 892 494 ventris,
906 455 967 492 sub
980 456 1137 494 caudam
1147 457 1324 505 subjestus
1337 460 1386 497 cst
1399 460 1620 498 Centaurus.
1641 460 1745 515 Juxta

156 513 352 550 Cratcrem
374 512 411 547 &
420 510 594 547 Leonem
614 511 713 548 navis
731 510 781 548 est
791 539 801 555 ,
814 521 893 560 quae
905 512 1119 549 nominatur
1128 512 1235 562 Argo
1247 543 1257 558 ‚
1270 517 1373 562 cujus
1384 527 1492 567 prora
1504 515 1740 556 obscuratur:

154 567 213 605 sed
227 568 358 610 malus,
371 565 407 602 &
417 578 498 615 quae
508 563 589 602 sunt
601 567 698 603 circa
708 566 968 616 gubernacula,
984 568 1188 605 eminentia
1196 569 1366 608 videntur
1376 600 1386 616 ‚
1409 572 1444 616 [i
1452 576 1471 618 ]
1484 572 1630 622 ipsaque
1646 576 1746 612 navi-

155 624 237 661 cula
251 625 286 660 δε
298 622 429 672 puppis
448 632 511 672 pet
522 620 704 660 summam
715 621 868 659 caudam
880 622 976 659 Cani
988 623 1163 672 juugitur.
1197 623 1260 671 [k]
1275 625 1458 664 Geminos
1471 637 1596 666 autem
1608 630 1747 668 minus-

157 679 267 716 culus
279 678 393 715 Canis
403 676 565 725 sequitur
577 687 707 714 contra
718 677 860 726 Anguis
872 680 1125 727 caput,major
1135 681 1225 716 item
1236 679 1397 730 sequitur
1406 684 1606 722 minorem.
1620 685 1745 722 Orion

155 745 244 772 vero
257 731 470 770 transversus
487 731 536 769 est
550 730 740 779 subjectus,
755 729 805 784 [l]
818 730 951 782 press'us
960 733 1099 782 ungula
1110 734 1300 781 Centauri,
1311 749 1422 774 manu
1433 739 1522 776 laeva
1532 750 1660 777 tenens
1673 741 1745 780 cla-

155 802 243 830 vam
256 818 266 834 ‚
287 789 437 826 alteram
454 786 500 824 ad
509 787 696 825 Geminos
707 788 844 825 tollens
856 816 865 832 ‚
887 784 954 839 [m]
970 798 1085 838 caput
1095 801 1186 827 vero
1205 792 1284 837 ejus
1303 792 1415 829 basim
1436 793 1550 832 Canis
1562 798 1745 847 parvoin-

154 845 308 884 ter-vallo
319 844 508 893 insequens
520 843 721 894 Leporem.
734 843 854 881 Arieti
864 845 902 881 ὅ(
915 841 1076 882 Piscibus
1091 845 1210 883 Cetus
1221 845 1271 882 est
1280 846 1301 882 s
1295 846 1474 892 ubiestu&
1492 850 1512 886 a
1522 854 1626 897 cujus
1639 852 1744 890 crista

152 902 324 939 ordinate
344 900 501 947 utrisque
510 898 669 937 Piscibus
686 898 856 949 disposita
868 898 917 937 est
935 900 1055 937 tenuis
1073 898 1168 938 fusio
1181 900 1364 941 stellarum
1376 932 1386 948 ‚
1409 916 1490 953 quae
1504 906 1632 943 Graece
1642 910 1744 945 voci-

153 967 254 996 tatur
267 952 321 1008 [n]
338 948 501 1008 Ε’ξμηδόνη
514 968 522 990 :
537 956 593 1000 [ο]
604 967 818 1005 magnoque
827 955 1022 993 intervallo
1032 956 1206 994 introrsus
1218 957 1352 1008 pressus
1363 960 1486 997 nodus
1496 960 1743 1013 Serpentium.

153 1011 489 1061 attingitsummam
501 1011 589 1048 Ceti
601 1012 757 1049 cristam.
787 1011 935 1049 Eridani
953 1023 1017 1061 per
1032 1010 1193 1062 speciem
1211 1014 1397 1052 stellarum
1417 1016 1556 1054 flumen
1574 1019 1745 1067 profluit,

151 1068 299 1107 initium
321 1066 435 1104 fontis
453 1068 600 1118 capiens
613 1063 632 1102 a
643 1068 737 1104 laevo
756 1067 850 1115 pede
860 1066 1024 1104 Orionis.
1065 1070 1160 1121 Qoe
1181 1080 1272 1107 vero
1290 1071 1334 1107 ab
1347 1070 1518 1120 Aquario
1539 1071 1644 1110 fundi
1664 1086 1745 1112 me-

152 1133 320 1162 moratur
338 1133 452 1172 aqua,
472 1121 624 1175 profluit
640 1123 734 1160 inter
754 1120 859 1160 Piscis
870 1121 1016 1160 austrini
1033 1134 1166 1175 caput,
1184 1124 1222 1162 &
1234 1125 1391 1164 caudam
1405 1128 1505 1166 Ceti.
1538 1129 1636 1182 Qae
1653 1129 1745 1180 figu-

1052 1179 1081 1217 B
1092 1180 1116 1217 b
1147 1193 1168 1217 2
1533 1201 1535 1203 ·
1669 1196 1748 1224 rata

195 1271 253 1301 sunt
264 1272 350 1300 Libra:
361 1275 384 1300 &
397 1273 545 1311 Scorpioni.
563 1273 589 1300 Si
600 1272 753 1300 adverbium
765 1272 1055 1310 existimatur‚dcmpta
1066 1269 1165 1299 scilicet
1176 1270 1349 1313 diphthongo
1362 1296 1368 1306 ,
1381 1279 1405 1303 ἃ
1417 1276 1511 1304 eodem
1523 1277 1608 1304 modo
1617 1277 1748 1317 legendus

195 1314 245 1341 erit
255 1313 328 1341 locus
339 1321 398 1345 ;aut
406 1312 513 1341 Libram
523 1311 689 1341 scribendum
699 1314 748 1341 erit
761 1334 767 1344 ,
776 1313 852 1340 sicuti
863 1313 1046 1351 Scorpionem.
1070 1310 1205 1347 Ejusmodi
1214 1314 1285 1340 enirn
1295 1314 1420 1343 adverbia
1429 1316 1563 1355 duplicem
1575 1316 1670 1345 habere
1680 1327 1749 1345 cona

194 1354 375 1386 structionem,
387 1353 427 1382 vel
436 1354 521 1391 pueris
531 1363 624 1381 notum
635 1355 679 1382 est.
701 1353 767 1381 Illud
776 1363 840 1381 vero
849 1361 941 1381 tenent
952 1354 978 1380 in
990 1352 1121 1385 manibuS,
1132 1354 1353 1393 conjungendum
1364 1366 1425 1384 curn
1434 1356 1602 1396 sequentibus
1614 1379 1621 1391 ,
1632 1366 1660 1385 ut
1673 1358 1746 1396 lega-

194 1403 239 1423 tur
250 1415 257 1427 ‚
276 1403 367 1422 tenent
379 1394 406 1420 in
418 1393 536 1422 manibus
546 1394 714 1423 simulacrum
726 1394 751 1422 id
762 1415 769 1427 ‚
787 1393 858 1432 quod
877 1393 984 1422 bestiam
995 1414 1002 1426 ,
1023 1397 1074 1422 &c.
1095 1393 1144 1421 Sed
1154 1393 1186 1421 de
1199 1396 1337 1423 Centauro
1346 1397 1373 1424 in
1384 1396 1440 1426 haec
1453 1397 1531 1427 verba
1541 1398 1621 1426 tradit
1633 1395 1721 1425 Baffus
1730 1408 1740 1425 τ

193 1435 313 1472 Qdam
323 1434 492 1467 arbitrantur,
503 1443 592 1462 tenere
602 1435 628 1462 in
637 1435 734 1463 sinistra
743 1445 821 1463 manu
833 1437 913 1462 Arma
925 1438 948 1462 ὅ(
961 1436 1095 1473 Leporem
1105 1455 1112 1467 ,
1124 1435 1150 1461 in
1160 1433 1254 1463 dextra
1264 1446 1327 1464 vero
1338 1438 1460 1472 Bcssspla,
1470 1449 1530 1477 qua:
1539 1437 1619 1474 §raffau
1629 1437 1743 1476 appella-

192 1485 246 1509 tur,
258 1478 281 1503 δε
294 1473 386 1513 Bv'gnw
399 1496 404 1505 ,
417 1475 441 1502 id
452 1475 487 1503 est
498 1495 505 1507 ,
517 1484 604 1503 utrem
614 1476 667 1503 vini
677 1475 794 1514 plenum,
805 1476 831 1503 in
843 1485 896 1514 quo
906 1474 1004 1502 libabat
1012 1475 1071 1503 Diis
1081 1474 1108 1502 iu
1119 1473 1241 1503 sacrario.
1265 1479 1336 1515 Qae
1345 1487 1416 1507 arma
1426 1480 1492 1507 dixit
1504 1476 1602 1511 Rufus,
1612 1480 1744 1518 interpre-

190 1524 234 1544 tor
245 1526 324 1554 quem
335 1515 536 1554 thyrsolochum
546 1516 651 1544 vocavit
661 1517 780 1544 Procius.
803 1516 930 1544 Meminit
942 1516 1014 1543 enim
1025 1515 1108 1555 thyrsi
1119 1511 1207 1544 Baffus
1219 1517 1246 1544 in
1255 1517 1386 1547 stellarum
1398 1529 1609 1548 enumeratione.

146 1558 178 1596 g]
211 1557 295 1585 Idem.
317 1557 461 1584 victimam
471 1566 549 1595 quam
561 1556 663 1584 Chiron
675 1579 682 1590 ,
695 1557 721 1585 id
731 1558 766 1585 est
776 1559 925 1585 Centaurus
933 1556 965 1584 ad
973 1565 1045 1584 aram
1057 1556 1207 1595 proximam
1215 1554 1295 1584 offert
1306 1578 1312 1589 ,
1333 1569 1413 1588 nemo
1423 1569 1498 1589 certo
1509 1560 1619 1588 donavit
1631 1559 1743 1587 nomine

182 1596 303 1634 Graium,
314 1597 400 1636 inquit
411 1597 543 1625 Cicerorn
555 1597 745 1635 phaeuornenis.
768 1601 863 1626 Aratus
876 1597 983 1636 quidem
990 1595 1081 1633 θηρίον,
1092 1596 1179 1623 Latini
1189 1597 1272 1624 modo
1280 1594 1372 1632 feram,
1386 1600 1529 1639 aliquando
1541 1599 1648 1629 bestiam
1658 1604 1682 1629 ὃ(
1692 1600 1741 1628 be-

181 1639 285 1668 stiolam
294 1638 397 1666 dicunt.
419 1638 557 1668 Firminus.
570 1638 737 1670 Ptolemzus.
748 1642 773 1667 δέ
785 1636 907 1666 Alfonsus
919 1640 1032 1676 Lupum,
1045 1637 1192 1664 Martianus
1204 1636 1372 1666 Pantheram.

148 1680 180 1715 h]
209 1679 292 1707 [dem.
315 1679 405 1706 Minus
418 1679 454 1706 est
464 1677 506 1706 hic
516 1678 591 1706 locus
602 1678 757 1711 maculosus,
768 1679 960 1707 tantummodo
971 1677 1028 1706 finis
1039 1676 1157 1706 clausulae
1168 1676 1203 1705 est
1212 1674 1345 1707 faciendus
1354 1680 1411 1718 post
1422 1680 1702 1714 difflonen1luccntia;
1713 1685 1741 1710 ὃς

193 1719 439 1757 alceraincipienda‚
452 1719 494 1746 Ad
501 1720 594 1757 anguis
605 1720 712 1747 interius
723 1720 831 1750 ventris,
840 1719 885 1747 sub
893 1718 1013 1752 caudam,
1025 1722 1076 1746 ἃς,
1740 1717 1743 1719 ’

149 1762 172 1796 ι’]
201 1760 284 1787 Idem.
304 1762 409 1788 Canem
419 1759 486 1787 dixit
497 1760 640 1794 majorem:
660 1760 753 1787 narnis
761 1759 865 1798 proprie
875 1760 955 1787 Canis
963 1758 1116 1797 appellatur.
1128 1757 1218 1787 Habet
1231 1759 1331 1787 veroin
1341 1769 1386 1788 ore
1395 1755 1616 1801 fulgentiffimam
1627 1761 1738 1795 stellam,

192 1809 251 1839 qua:
260 1799 403 1838 aliquando
414 1800 523 1827 nomine
533 1800 615 1827 totius
626 1798 722 1838 syderis
735 1809 846 1828 vocatur
857 1800 948 1831 Canis,
957 1799 1097 1837 aliquando
1108 1800 1245 1832 Canicula,
1257 1803 1281 1827 ἃ
1293 1801 1392 1838 Syrius,
1403 1802 1434 1829 ad
1445 1811 1523 1839 quarn
1532 1811 1594 1829 curn
1604 1801 1744 1830 Solacces-

191 1841 262 1873 serit,
274 1840 508 1879 duplicaturiplius
520 1840 591 1868 calor
600 1858 606 1868 .
624 1848 654 1868 ut
663 1841 802 1868 annotavit
811 1837 907 1868 Bassus.
924 1840 1053 1879 Hyginus
1064 1848 1154 1868 tamen
1164 1842 1266 1868 Canem
1275 1841 1300 1867 in
1309 1840 1399 1880 lingua
1410 1842 1463 1869 dici
1474 1842 1563 1880 prodit
1575 1862 1581 1874 ,
1600 1844 1743 1881 &Syrium

192 1882 219 1909 in
231 1882 325 1919 capite.
346 1876 435 1908 Baffus
446 1889 549 1912 contra,
562 1880 663 1913 Habet,
675 1882 770 1919 inquit.
782 1881 873 1913 stellas,
884 1882 910 1908 in
921 1882 1007 1919 capite
1017 1890 1107 1912 unam,
1120 1890 1177 1918 quae
1190 1880 1234 1908 Itis
1243 1880 1349 1910 dicitur,
1361 1883 1385 1908 in
1397 1881 1488 1921 lingua
1499 1891 1587 1915 unam,
1598 1893 1679 1921 quam
1691 1885 1744 1922 Sy-

192 1922 261 1950 rium
271 1921 312 1949 vel
322 1922 425 1949 Canem
436 1930 543 1949 vocant.
565 1921 681 1949 Galenus
691 1921 897 1949 Commentario
907 1922 994 1959 primo
1006 1920 1084 1958 primi
1094 1920 1154 1948 libri
1166 1921 1323 1948 morborum
1342 1921 1492 1962 vulgarium
1506 1923 1679 1961 Hippocratis
1691 1945 1697 1956 ‚
1713 1924 1742 1950 in

195 1963 275 1991 Canis
285 1960 437 1989 mandibula
448 1961 564 1989 collocat
573 1962 678 2000 Syrium
690 1983 696 1994 ‚
710 1962 782 1999 quod
791 1965 885 1989 Aratus
895 1961 1014 1993 dixerat,
1025 1964 1049 1988 3<
1063 1961 1172 1988 testatur
1180 1961 1236 1996 ejus
1245 1960 1400 1989 Scholiastes
1412 1982 1418 1994 ‚
1437 1972 1517 2000 quern
1529 1963 1707 1991 oriridecimo
1719 1967 1745 1991 δε

197 2011 271 2030 nono
280 2002 321 2030 di:
333 2002 393 2030 Iulii
406 2002 500 2030 mensis
507 2002 644 2030 adnotavit
653 2003 678 2029 in
687 2000 899 2041 aphorismorum
910 2001 1083 2040 Hippocratis
1100 2000 1245 2029 sectionem
1265 2010 1385 2038 quartam
1399 2001 1564 2032 philotheus.
1587 2005 1688 2033 Canem
1698 2014 1746 2032 au-

198 2051 253 2071 tem
264 2043 313 2071 illis
325 2051 416 2070 ortum
425 2041 500 2071 sexto
511 2042 640 2071 Calendas
652 2044 762 2083 Augusti
771 2043 883 2071 constat.
905 2042 991 2070 Nobis
1002 2041 1088 2070 oritur
1096 2041 1218 2069 Calendis
1228 2041 1310 2069 Iuliis.

155 2084 183 2118 k]
204 2083 286 2111 Idem.
314 2084 438 2120 Procyon
450 2084 560 2115 Graecis,
570 2082 693 2122 usurpato
703 2084 783 2111 etiam
795 2081 809 2111 a
821 2083 922 2111 Latinis
930 2081 1100 2120 scriptoribus
1110 2081 1249 2116 vocabulo,
1260 2085 1285 2110 ὃς
1297 2083 1435 2111 Anticanis
1445 2104 1452 2118 ,
1472 2093 1551 2124 atquc
1562 2085 1650 2113 mInor
1661 2085 1741 2113 Canis

190 2123 289 2152 Latinis
298 2122 349 2150 hoc
361 2122 435 2160 sydus
447 2123 552 2151 dicitur.
576 2126 617 2152 De
628 2134 683 2162 quo
695 2124 821 2152 Ciceron.
834 2123 919 2152 versus
930 2123 955 2150 in
966 2121 1139 2150 Phaenomcn.

339 2165 478 2190 Anticanbs
496 2163 576 2199 Grajo
594 2167 702 2201 Procyon
718 2167 764 2203 qui
783 2167 885 2192 nomine
897 2163 997 2200 fertur·

196 2199 256 2232 Effe
265 2210 355 2231 autem
366 2201 412 2230 sub
422 2204 542 2231 Geminis
552 2207 576 2231 S<
589 2201 673 2232 Rufus
686 2207 802 2232 Avienus
814 2204 939 2231 testatur:

345 2243 457 2270 Vltimus
473 2245 509 2270 eft
528 2247 637 2276 Procyon
657 2247 822 2272 Geminorum
833 2243 953 2280 subditus
970 2240 1044 2276 astro.

153 2285 176 2321 l]
205 2283 289 2313 Idem.
309 2284 398 2315 Orion
410 2280 598 2311 remotissimus
610 2284 644 2311 est
656 2282 670 2311 ὲ.
682 2286 818 2311 Centauro
829 2288 853 2311 ὃς
864 2293 896 2311 ex
905 2280 1011 2310 aduerso
1020 2283 1171 2320 oppofitus‚
1191 2293 1271 2322 quare
1289 2280 1397 2312 abscissa
1413 2282 1498 2322 prima
1506 2283 1602 2322 syllaba
1611 2294 1659 2324 pro
1670 2287 1746 2313 Cen-

187 2325 256 2353 tauri
266 2325 301 2352 est
312 2324 394 2352 Tauri
405 2323 622 2352 substituendum.
643 2327 734 2362 Atque
742 2326 782 2351 ita
792 2323 870 2351 edidit
880 2322 1023 2351 Barbarus.
1044 2322 1077 2350 Et
1090 2323 1182 2351 dextra
1193 2334 1272 2352 manu
1284 2325 1372 2352 Orion
1382 2324 1484 2353 clavam
1494 2333 1580 2358 tenet,
1591 2329 1616 2355 &
1629 2326 1741 2355 eandem

191 2366 224 2394 ad
236 2364 367 2393 Geminos
379 2364 460 2392 tollit.
935 2388 939 2393 .

155 2408 197 2442 m]
217 2408 304 2434 Locus
314 2405 394 2433 etiarn
406 2404 448 2433 hic
460 2402 474 2433 ὲ
486 2404 676 2432 contaminatis
686 2404 721 2432 est
730 2407 754 2433 3:
764 2403 866 2443 quinos
876 2402 920 2431 diu
931 2401 1036 2431 torserit
1046 2416 1052 2436 5
1073 2413 1135 2433 eum
1145 2413 1209 2433 vero
1221 2412 1278 2432 tum
1286 2404 1432 2444 intelliges,
1442 2413 1504 2433 cum
1515 2415 1564 2444 pro
1573 2414 1649 2444 caput
1657 2426 1664 2436 ,
1674 2415 1744 2445 prae-

198 2446 359 2486 politionem
375 2445 446 2483 apud
461 2444 615 2483 reposueris.
983 2445 985 2447 '

156 2490 187 2523 n]
220 2487 306 2515 Idem.
334 2486 494 2524 Qalidicas
505 2485 635 2513 Mercurii
645 2484 769 2517 delicias;
788 2483 830 2512 sed
839 2484 902 2523 quid
914 2484 950 2513 ita
962 2506 968 2515 ,
989 2484 1110 2513 nondum
1126 2484 1223 2514 Inveni.
1242 2485 1280 2513 Ea
1293 2482 1384 2515 cffufio
1402 2485 1533 2514 stellarum
1550 2486 1585 2513 est
1602 2486 1629 2514 in
1638 2486 1747 2517 dexter-³

198 2527 309 2567 Aquarii
320 2536 407 2555 manu.
418 2526 451 2554 de
462 2536 513 2565 qua
523 2526 550 2553 in
560 2526 629 2554 hunc
641 2525 752 2552 modum
765 2527 859 2553 Aratus
870 2526 896 2553 in
908 2525 1117 2554 Phoenomenis:

336 2578 384 2609 0ἰή
405 2591 438 2608 τις
454 2579 479 2607 τ’
492 2577 561 2614 ἑλίγη
579 2574 656 2612 χόα-ις
678 2575 777 2606 ridell&-
793 2575 848 2610 ἐ’νῖκ
866 2580 888 2617 ’ᾗ
908 2576 964 2611 ’ἔθη

336 2617 497 2655 Σκιδνοιμᾙκ.

193 2672 225 2701 ld
236 2672 280 2704 est,
291 2671 375 2711 qualis
386 2669 507 2709 quaedam
517 2679 595 2709 parva
605 2667 671 2697 fufio
682 2679 754 2709 aquae
766 2669 827 2697 hinc
835 2678 915 2710 atque
927 2668 988 2698 hinc
999 2668 1098 2709 sparsae.
1120 2669 1248 2698 Meminit
1259 2670 1338 2698 etiam
1349 2669 1478 2710 Hyginus
1488 2668 1557 2698 libro
1567 2670 1657 2701 tertio.
1677 2673 1744 2702 Vide

201 2713 331 2742 Lexicon.

159 2754 185 2789 o]
211 2751 452 2782 1dem.Persuadere
464 2750 530 2780 mihi
540 2761 593 2778 non
604 2746 1046 2789 possum‚VitruviumSerpentium
1056 2752 1165 2779 nomine
1174 2751 1258 2779 Pisces
1267 2747 1517 2791 intellexiste.quare
1527 2755 1746 2792 proSerpentium

203 2793 343 2833 suspicatus
354 2792 409 2821 sum
418 2792 544 2831 scripturn
555 2789 630 2820 fuiss'e
642 2789 763 2819 Piscium.
779 2793 842 2819 Sunt
851 2791 922 2819 enirn
934 2790 1047 2819 Piscium
1057 2792 1218 2829 aquilonii&
1228 2792 1342 2819 australis
1356 2796 1367 2828 (
1379 2793 1422 2820 ille
1438 2793 1540 2829 sso'pd&‚
1553 2792 1594 2822 hic
1605 2796 1688 2823 νόπΘ·
1700 2805 1749 2823 no-

200 2834 330 2869 minatur)
350 2833 439 2862 caudae
449 2833 518 2871 quafi
529 2833 643 2863 vinculis>
651 2832 763 2867 (Proclo
774 2831 830 2859 λίνα
839 2852 846 2862 ,
858 2828 934 2859 Basso
946 2831 1049 2860 lineolae
1061 2833 1194 2865 dicuntur,
1202 2832 1332 2870 aliquibus
1341 2833 1436 2865 linum,
1446 2833 1501 2862 aliis
1513 2834 1688 2874 ligamentum
1700 2856 1708 2867 ,
1718 2844 1748 2863 ut

203 2875 310 2902 testatur
320 2877 454 2902 Fontanus
463 2873 726 2902 commentationum
738 2873 764 2899 in
774 2880 882 2899 centum
892 2871 1029 2900 Ptolemaei
1039 2871 1176 2900 sententias
1195 2872 1263 2900 libro
1278 2873 1377 2910 primo)
1402 2873 1562 2909 conjunc-he.
1587 2873 1748 2915 Praefulgens

200 2922 288 2942 aute-tn
298 2915 375 2946 stella,
387 2925 446 2953 quae
457 2915 482 2942 in
493 2914 599 2943 summis
610 2913 712 2941 lineolis
722 2912 894 2950 conspicitur,
909 2916 1001 2941 Grrece
1012 2910 1168 2949 m'drw&
1178 2913 1383 2946 dicitur,Latine
1393 2913 1659 2947 nodus,commissura
1669 2917 1750 2945 etiam

203 2953 315 2982 Piscium
324 2956 420 2989 Plinio,
431 2959 455 2985 ει
466 2955 553 2995 postea
563 2950 650 2987 Baffo,
662 2954 746 2983 nodus
757 2954 840 2983 etiam
853 2953 967 2983 coelestis
976 2974 984 2985 .
1005 2953 1044 2984 uti
1053 2953 1086 2982 ab
1095 2953 1191 2983 eodem
1201 2955 1323 2984 rontano
1334 2954 1429 2984 litteris
1439 2956 1534 2990 eodem
1545 2956 1750 2985 Commentario

205 2993 331 3027 traditum
340 2995 386 3024 est.

1624 3037 1654 3076 p]
1665 3034 1747 3066 Idem«
