2023 3162
673 33 1171 72 PARsPitiMA.
1676 49 1724 82 19

140 102 431 155 contignationi,
448 103 509 141 cui
519 101 719 140 obscuritas
731 103 917 149 metuitur3
940 112 1005 140 aut
1015 101 1175 151 denique
1184 112 1249 153 per
1257 102 1570 154 perpendicularia
1581 104 1724 143 lumina

139 161 162 198 a
171 162 271 200 testo
281 176 291 203 5
303 173 387 210 quoe
398 159 500 210 supra
513 159 642 196 onmia
653 161 816 196 maxime
826 158 906 194 sunt
916 159 1104 198 naturalia,
1116 169 1158 196 ut
1167 170 1258 195 mox
1269 158 1495 196 ostendetur.
1518 160 1657 212 Qoad
1667 162 1722 199 se-

141 218 307 255 cundam
319 215 575 253 difficultatem
586 227 668 263 quae
679 214 748 252 sese
758 212 916 252 offertin
927 214 1160 252 collocandis
1169 213 1190 251 s
1185 215 1267 252 calis
1278 235 1289 262 3
1309 214 1414 264 quod
1424 212 1621 261 subicitum
1632 217 1720 253 licet

138 285 204 326 per
216 273 250 310 se
261 284 339 310 non
352 272 394 310 fit
403 272 510 310 valde
522 269 671 308 difficile
683 291 692 318 3
707 269 770 307 nisi
781 279 962 319 quatenus
973 271 1220 308 incommoda
1231 268 1335 308 affert
1343 270 1463 322 spatiis
1482 271 1526 307 ad
1537 269 1627 308 alio's
1641 271 1722 308 usus

139 330 346 367 necessariis
362 327 483 378 (quod
495 327 634 364 lumina
645 339 725 364 non
736 326 881 363 faciunt
896 327 907 373 )
929 326 1092 364 inducor
1104 323 1167 364 hie
1177 327 1274 364 cleiis
1284 327 1417 364 dicere.
1448 328 1494 364 Et
1502 329 1662 377 primum
1675 328 1723 365 de

135 384 407 424 ministralibus.
436 380 637 420 Observavi
649 384 688 419 in
703 383 799 420 Italis
818 381 928 419 fabris
941 410 950 426 ‚
963 382 1069 431 quod
1080 382 1250 421 lubenter
1268 382 1481 420 distribuant
1501 385 1723 432 coquinam,

138 441 325 493 pistrinam
338 465 346 479 ‚
367 440 612 478 lavatorium,
635 449 748 488 atque
758 438 852 475 adeo
863 439 1084 488 penuarium
1096 437 1158 475 sub
1170 438 1250 476 solo
1262 468 1272 484 ,
1297 441 1333 476 ὃ(
1344 440 1512 489 proxime
1523 439 1544 474 s
1540 450 1628 488 upra
1639 438 1722 476 fun-

138 498 332 534 dationem
342 524 353 540 ,
375 495 412 532 &
423 506 715 542 nonnumquam
726 494 853 531 librata
864 505 952 531 cum
964 504 1044 531 area
1058 505 1119 531 aut
1130 496 1348 544 pavimento
1359 496 1457 533 cella:
1473 510 1480 537 ς
1501 494 1721 532 extollendo

138 554 302 603 primum
315 549 501 588 ascensum
511 551 548 587 in
559 550 651 586 aedes
663 550 876 598 quindecim
888 549 999 599 pedes
1010 559 1073 587 aut
1085 550 1300 601 ampliuS,in
1310 551 1413 588 illum
1424 550 1631 600 finem5quo
1642 562 1721 587 non

137 609 260 646 modo
271 606 450 655 ejusmodi
469 605 721 643 incommoda
742 604 787 643 ab
797 604 938 657 aspe&u
947 616 1193 643 removentur
1203 634 1214 651 ‚
1234 605 1270 641 ἃ
1282 607 1362 655 plus
1372 606 1473 656 spatii
1491 607 1650 656 superius
1659 617 1721 643 ac-

140 665 296 713 quiritur
307 691 317 708 ,
336 661 395 700 sed
408 663 445 698 &
458 673 523 711 pet
534 661 782 698 elevationem
795 662 941 698 Frontis
951 690 961 706 ‚
983 661 1148 706 majestas
1160 662 1303 699 additur
1314 659 1481 711 aspectui.
1511 664 1640 711 Atque
1651 661 1722 698 hac

137 718 372 770 dispositione
391 717 598 768 principalis
616 715 727 754 Sealae
738 746 748 761 ‚
769 728 850 766 quae
862 718 1118 753 communiter
1127 728 1198 753 nos
1210 716 1311 754 ducit
1327 718 1365 752 in
1378 718 1530 766 planum
1548 717 1717 754 secundae

139 774 542 825 contignationis‚mira
552 771 650 809 effici
665 772 810 822 pofl'unt
821 774 960 822 exiguo
972 773 1102 824 spatio,
1115 774 1218 819 cujus
1230 774 1281 809 rei
1291 772 1433 824 possem
1445 775 1587 822 egregia
1598 785 1721 810 exem-

139 832 199 882 pla
210 829 415 881 producere
427 828 524 880 apud
536 838 681 865 exteros
693 849 702 876 5
717 829 938 878 nullumque
950 830 1100 875 majoris
1110 830 1195 865 artis
1207 830 1244 865 ὃς
1256 827 1463 867 venustatis,
1477 840 1591 878 quam
1603 830 1721 866 aedem

138 884 337 924 structam&
356 881 498 922 Daniele
514 880 659 920 Barbara
677 881 880 921 Patriarcha
902 883 1120 937 Aquileienfi
1128 909 1136 922 ‚
1161 884 1270 928 cujus
1290 894 1375 921 ante
1393 885 1630 921 mentionem
1652 883 1723 921 feci

140 944 235 980 inter
246 941 390 979 nobiles
411 940 744 977 Commentatores
757 941 794 977 in
818 941 1048 978 Vitruvium.
1080 940 1226 978 Verum
1238 938 1407 977 definitio
1420 939 1542 989 (supra
1551 939 1726 977 determi-

139 998 239 1045 nata)
259 1006 374 1035 vocat
384 1007 455 1033 nos
464 996 509 1033 ad
523 997 885 1045 contemplationem
895 995 1025 1034 nostrae
1048 997 1232 1044 Regionis
1243 1024 1253 1040 ‚
1273 995 1337 1032 ubi
1349 996 1437 1032 licet
1446 996 1514 1032 alia
1532 997 1661 1033 omnia
1674 996 1729 1032 vi-

137 1055 228 1092 liora
238 1052 434 1090 ministeria
448 1051 486 1099 (s
479 1063 566 1102 upra
578 1051 768 1101 descripta)
784 1053 833 1089 ita
844 1063 880 1088 re
887 1063 989 1089 mota
1001 1051 1069 1088 ess'e
1079 1050 1229 1101 poss'unt
1242 1080 1251 1095 ‚
1263 1061 1387 1088 tamen
1400 1051 1452 1088 ob
1463 1061 1636 1100 agnatam
1648 1051 1728 1087 An-

137 1110 205 1159 glis
226 1107 512 1158 hospitalitatem
527 1133 534 1145 ,
555 1118 650 1157 opus
663 1107 712 1144 est
735 1117 776 1144 ut
787 1108 878 1144 cella
890 1109 1062 1158 penuaria
1074 1107 1115 1144 fit
1133 1108 1250 1157 magis
1261 1106 1460 1157 conspicua
1474 1135 1484 1150 ,
1503 1109 1540 1144 δε
1554 1104 1728 1150 fortassis,

138 1176 209 1215 pro
218 1163 346 1201 nostris
357 1162 566 1207 ordinibus,
578 1164 787 1211 indigemus
801 1165 915 1212 magis
926 1162 1078 1213 spatiosa
1091 1161 1323 1200 &luminosa
1335 1164 1511 1212 Coquina
1527 1191 1536 1205 ‚
1554 1174 1665 1210 quam
1676 1160 1730 1199 su-

140 1219 301 1270 pradicta
314 1219 557 1268 compartitio
568 1217 681 1268 poffit
693 1218 784 1255 ferre
797 1248 806 1263 ‚
827 1229 937 1267 atque
947 1229 987 1256 ut
997 1220 1159 1256 vicinior
1170 1217 1212 1255 fit
1232 1218 1447 1255 coenaculo.
1479 1220 1509 1254 A
1519 1219 1602 1254 liter
1613 1219 1729 1261 enim,

139 1286 266 1326 praeter
279 1276 347 1312 alia
364 1274 614 1311 incommoda
628 1303 638 1319 ,
658 1274 817 1312 fortassis
830 1275 1002 1324 quaedam
1024 1274 1164 1312 fercula
1183 1276 1220 1310 in
1232 1274 1363 1311 itinere
1374 1273 1524 1324 pofl'unt
1544 1273 1727 1322 intercipi.

139 1332 328 1369 Notemus
341 1332 378 1368 ὅ(
392 1330 492 1367 hunc
512 1342 760 1367 communem
773 1329 959 1368 defeCmm
974 1359 984 1375 ‚
1004 1330 1110 1380 quod
1122 1341 1312 1367 careamus
1324 1329 1430 1368 valde
1449 1329 1528 1366 utili
1539 1329 1726 1374 conclavi,

138 1386 243 1435 quod
256 1387 331 1423 Itali
345 1396 483 1424 vocant
493 1385 523 1421 il
531 1385 679 1429 7·i22ell0·‚
704 1389 904 1423 communi
914 1397 1024 1436 atque
1036 1387 1131 1423 adeo
1151 1385 1354 1423 neceffatio
1366 1416 1375 1429 ‚
1395 1386 1433 1422 in
1443 1384 1620 1422 omnibus
1631 1382 1730 1434 ipso-

137 1454 222 1480 rum
232 1442 434 1487 maioribus
451 1441 610 1479 familiis.
641 1442 770 1479 Locus
783 1442 832 1479 est
857 1445 1005 1493 proprie
1024 1442 1222 1480 destinatus
1241 1442 1498 1480 conservandis
1520 1440 1612 1478 cibis
1632 1442 1695 1489 qui
1707 1438 1729 1476 a

139 1498 261 1536 mensa
279 1499 481 1536 tolluntur,
511 1497 659 1544 (donec
680 1497 811 1535 famuli
831 1499 1061 1547 comedant)
1084 1499 1147 1548 qui
1167 1498 1265 1548 apud
1282 1509 1352 1535 nos
1368 1527 1378 1542 ,
1396 1497 1512 1535 veteri
1530 1494 1729 1534 consuetua

139 1553 245 1592 dine,
269 1553 609 1603 magisindecenter
627 1555 776 1591 interim
789 1553 1030 1604 seponuntur.
1067 1556 1150 1592 Leo
1171 1553 1330 1604 Baptista
1347 1553 1523 1590 Albertus
1533 1561 1645 1590 vocat
1656 1551 1731 1588 cel-

137 1608 469 1659 lamopsonariam.
491 1609 613 1647 Porro
626 1621 807 1659 quantum
826 1611 869 1648 ad
888 1610 1184 1648 distributionem
1197 1610 1437 1660 conclavium
1449 1633 1457 1646 ‚
1480 1606 1727 1657 improbanda

139 1665 233 1702 mihi
245 1664 502 1704 consuetudo,
524 1677 621 1713 quae,
631 1667 755 1703 nescio
767 1679 845 1714 quo
857 1667 979 1716 pa&o‚
993 1667 1179 1715 praevaluit
1190 1664 1288 1714 apud
1299 1664 1413 1700 Italos
1426 1692 1435 1707 ‚
1450 1662 1536 1699 licet
1547 1661 1618 1697 sine
1628 1671 1731 1697 vete-

135 1731 219 1757 rum
231 1721 407 1769 exemplo
418 1749 427 1764 ,
438 1731 619 1769 quantum
632 1722 808 1769 colligere
820 1721 964 1770 poss'nm
978 1719 998 1757 ὲ
1012 1721 1186 1757 Vitruvio,
1219 1718 1336 1770 Qod
1349 1717 1510 1766 designo,
1525 1717 1586 1756 est.
1603 1728 1668 1753 eos
1679 1718 1729 1753 ita

138 1776 356 1826 partitiones
377 1775 451 1812 suas
464 1776 675 1825 disponere,
691 1786 729 1812 ut
739 1778 915 1812 omnibus
934 1775 1074 1813 foribus
1094 1776 1227 1825 apertis
1239 1773 1477 1823 introspectus
1496 1771 1538 1809 fit
1556 1774 1594 1809 in
1605 1782 1729 1809 totam

137 1830 278 1878 aedem3
300 1842 379 1879 quae
391 1830 658 1867 resneeess'ario
670 1833 946 1868 intolerabilem
959 1830 1169 1868 servitutem
1179 1830 1342 1879 imponit
1352 1828 1528 1866 omnibus
1539 1828 1730 1866 conclavi-

140 1886 209 1923 bus
221 1896 461 1937 praeterquam
474 1887 612 1923 intimo
625 1915 636 1930 ‚
657 1885 836 1934 fiquidem
857 1887 901 1923 ad
914 1888 949 1923 id
961 1898 1077 1923 nemo
1096 1885 1216 1936 potest
1227 1884 1404 1922 accedere
1414 1883 1478 1921 nisi
1497 1896 1561 1934 pet·
1572 1885 1727 1932 reliqua,

140 1953 203 1980 aut
214 1943 299 1979 alias
314 1952 467 1993 oportet
479 1943 635 1992 parietes
647 1942 770 1979 facere
782 1952 947 1980 extreme
959 1943 1089 1980 craffos
1103 1971 1113 1986 ,
1133 1952 1173 1978 ut
1189 1940 1350 1978 secretos
1370 1940 1459 1977 dent
1479 1940 1612 1976 aditus.
1647 1939 1732 1976 Nec

141 2008 265 2034 tamen
274 1997 310 2034 id
319 1998 527 2035 temedium
542 1997 660 2047 potest
674 1996 802 2034 afferre
817 2024 824 2037 ‚
848 1998 911 2034 nisi
924 1997 1064 2047 singula
1075 1997 1280 2035 conclavia,
1296 1997 1363 2034 tria
1373 1995 1463 2033 ostia
1474 1995 1519 2032 ad
1531 1996 1730 2031 minimum

140 2052 319 2100 habeant3
339 2053 443 2102 quod
463 2055 622 2091 maxime
641 2054 872 2091 intolerabile
891 2055 928 2090 in
946 2054 1082 2102 frigidis
1102 2056 1139 2091 ὅ(
1158 2051 1318 2090 ventosis
1335 2050 1549 2100 regionibus
1559 2078 1570 2094 ‚
1594 2052 1631 2086 ὅ(
1648 2050 1729 2086 ubi-

143 2120 216 2157 que
227 2108 335 2145 valde
346 2108 507 2146 infirmat
527 2119 651 2146 totam
669 2109 904 2147 strusturam:
927 2121 1039 2158 quare
1060 2109 1156 2158 apud
1167 2120 1237 2145 nos
1249 2133 1257 2146 ‚
1281 2109 1343 2155 qui
1355 2106 1608 2154 fi·igefa6'tione
1629 2103 1730 2141 haud

142 2164 353 2213 indigemus
364 2192 374 2207 ,
395 2165 551 2212 probare
571 2177 649 2202 non
662 2165 808 2215 pofl'um
829 2165 1013 2210 ejusmodi
1025 2165 1177 2202 direehs
1189 2161 1449 2213 oppositiones
1462 2170 1728 2210 aperturarum‚

142 2231 231 2257 cum
252 2217 395 2256 causam
406 2218 564 2256 habeant
584 2232 725 2257 meram
744 2221 991 2257 ambitionem
1008 2250 1018 2264 ‚
1039 2220 1250 2268 exponendi
1271 2218 1453 2254 nimirum
1466 2215 1678 2266 conspeCmi
1689 2227 1729 2252 0-

142 2277 285 2312 mnium
299 2275 601 2323 peregrinorum,
620 2284 741 2311 totam
763 2274 1045 2324 supellectilem3
1066 2275 1229 2322 ideoque
1245 2274 1408 2321 &magis
1431 2271 1610 2321 probatur
1624 2271 1670 2308 ab
1689 2272 1730 2306 iis

143 2331 278 2379 quibus
290 2331 433 2367 animus
443 2328 493 2365 est
505 2340 646 2379 paucos
665 2328 828 2380 hospitio
840 2333 1028 2379 accipere3
1050 2340 1129 2379 quo
1142 2338 1288 2366 tantum
1307 2328 1494 2365 lucrantur
1513 2328 1725 2365 vanitatem,

142 2388 181 2424 ὃ(
194 2397 275 2423 raro
291 2384 446 2422 sentiunt
465 2385 826 2422 inconvenientiam.
856 2384 915 2421 Est
927 2387 962 2422 ὅ(
975 2385 1065 2422 alter
1083 2384 1246 2423 defefi’tus
1268 2383 1372 2428 (nam
1394 2396 1476 2420 raro
1494 2382 1729 2420 absurditates

143 2441 223 2478 sunt
241 2441 422 2488 solitariae)
443 2441 507 2489 qui
526 2439 725 2478 neceffario
745 2440 908 2489 sequitur
926 2451 1004 2478 tarn
1024 2439 1191 2479 servilem
1208 2438 1486 2489 dispositionem
1506 2439 1682 2476 interloru
1689 2449 1728 2474 m

143 2497 402 2534 conclavium:
428 2496 546 2545 Quod
567 2497 873 2546 coganturfacere
893 2506 971 2535 tam
984 2498 1100 2533 multa
1120 2496 1340 2533 communia
1357 2496 1444 2532 atria
1463 2505 1575 2543 quam
1590 2491 1669 2530 sunt
1679 2492 1730 2529 di-

144 2551 250 2590 versae
262 2553 563 2600 contignationes
576 2573 586 2599 3
609 2565 689 2601 quae
703 2554 965 2602 (praeterquam
977 2552 1080 2601 quod
1091 2561 1130 2590 ut
1140 2552 1341 2601 plurimum
1356 2549 1436 2587 sunt
1447 2549 1612 2587 obscura,
1625 2548 1732 2598 quod

144 2607 342 2646 difficulter
351 2609 455 2645 vitari
468 2607 586 2657 potest
597 2633 605 2646 ‚
630 2619 716 2644 cum
730 2620 792 2657 per
805 2608 974 2646 medium
989 2610 1102 2644 totius
1117 2607 1255 2644 domus
1266 2605 1484 2652 discurrant)
1506 2614 1650 2642 tantum
1663 2603 1733 2653 spa-

146 2665 186 2701 tii
199 2664 381 2701 devorant
394 2693 402 2707 ,
425 2674 464 2700 ut
476 2673 669 2713 propterea
682 2673 829 2702 careant
847 2664 1056 2714 porticibus
1068 2665 1103 2700 ὃ(
1117 2664 1192 2700 aliis
1204 2663 1300 2699 locis
1320 2671 1487 2710 receptus
1497 2685 1506 2700 ‚
1528 2660 1630 2709 quod
1642 2660 1732 2709 serpe

146 2719 396 2765 observavi(ut
407 2730 538 2755 verum
549 2718 677 2769 fatear)
690 2731 777 2756 cum
790 2731 923 2768 magna
941 2720 1201 2760 admiratione,
1215 2717 1456 2754 animadverti
1467 2717 1582 2755 enim,
1592 2717 1733 2753 nullam

148 2777 340 2812 nationem
350 2777 387 2811 in
397 2785 483 2811 toto
495 2773 602 2819 orbe,
615 2785 752 2813 natutae
764 2786 840 2813 tam
851 2776 996 2825 privatae
1007 2776 1042 2811 ὅ(
1055 2773 1212 2817 secretae,
1225 2784 1336 2822 quam
1349 2772 1461 2809 Italos
1475 2798 1482 2811 ,
1505 2774 1541 2809 δ(
1553 2782 1632 2820 quae
1644 2782 1735 2808 con-

151 2840 204 2865 tra
214 2833 335 2868 minus
345 2830 574 2868 absconditas
587 2831 679 2868 aedes
692 2830 824 2868 habeat
834 2860 844 2875 ,
863 2833 912 2868 ita
924 2841 963 2868 ut
976 2841 1099 2881 pugna
1119 2828 1160 2866 sit
1171 2831 1265 2865 inter
1287 2840 1421 2865 eorum
1438 2826 1685 2865 habitationes
1699 2826 1737 2862 δε

152 2885 309 2935 ingenia.
340 2883 509 2925 Fortassis
520 2883 585 2925 hic
604 2887 773 2938 expectet
791 2888 874 2937 quis
883 2912 891 2928 ,
918 2897 958 2925 ut
978 2886 1106 2924 saltem
1116 2884 1321 2923 describam
1343 2883 1465 2935 (quod
1485 2883 1545 2921 alii
1564 2881 1687 2920 fecere
1697 2885 1736 2918 in

1037 2943 1058 2976 †
1072 2951 1092 2978 c
1123 2955 1145 2979 2
1600 2937 1736 2976 Ichno-
