2023 3162
471 128 538 155 DE
585 115 1096 155 ARCH1TECTVRA
1154 113 1376 155 L13.VI.
1662 132 1734 167 117

149 187 166 237 s
177 185 215 234 l]
235 185 380 224 Horrea
393 213 402 228 ,
423 183 567 221 foenilia
579 213 588 227 ‚
606 184 751 221 farraria
763 211 772 226 ‚
785 182 950 234 pistrina,
972 193 1071 221 extra
1088 184 1215 221 villam
1226 182 1391 222 facienda
1408 184 1608 231 videntur,
1625 199 1668 225 ut
1686 189 1733 226 ab

145 245 240 294 ignis
251 242 420 293 periculo
431 239 499 277 finr
509 240 602 278 villae
620 241 785 282 tutiores.
815 238 950 287 Siquid
960 239 1149 276 delicatius
1160 241 1197 276 in
1208 241 1301 278 villis
1310 240 1526 279 faciendum
1544 241 1663 287 fuerit,
1684 256 1730 282 cx

144 298 363 348 symmetriis
376 326 385 341 ,
396 308 477 345 qua:
488 297 522 333 in
534 296 678 332 urbanis
687 294 708 330 s
703 305 789 344 upra
797 294 818 330 s
813 296 928 343 cripta
937 292 1016 331 sunt
1028 295 1229 333 constituta
1239 324 1249 340 ‚
1259 297 1310 334 ita
1319 296 1510 343 struantur,
1526 308 1566 335 ur
1577 297 1650 336 fine
1659 301 1731 336 im-

145 355 339 407 peditione
349 352 488 390 rusticae
498 351 660 388 utilitatis
671 348 908 386 aedifiecntui·.
938 349 1076 387 Omnia
1086 351 1238 388 aedificia
1249 361 1289 388 ut
1300 351 1480 390 luminosa
1497 352 1564 390 sint
1575 364 1729 403 oportet

147 410 285 454 curari,
299 409 356 445 sed
369 437 379 453 ‚
397 420 480 456 quae
496 409 575 443 sunt
584 407 629 443 ad
637 407 756 444 villas,
778 405 944 442 faciliora
952 406 1125 444 videntur
1136 407 1204 444 ess'c
1219 436 1227 451 ,
1249 406 1335 446 ideo
1345 409 1452 458 quod
1461 411 1580 459 paries
1591 411 1729 447 nullius

146 467 258 502 vicini
279 464 399 515 potest
417 461 571 499 obstare.
603 463 644 498 In
664 460 754 498 urbe
764 471 889 497 autem
903 490 912 505 ‚
931 471 994 497 aut
1013 464 1280 500 communium
1303 467 1484 515 parietum
1505 466 1727 511 altitudines,

148 532 211 559 aut
221 520 474 570 angustiaeloci
483 517 729 567 impediundo
740 515 881 553 faciunt
900 515 1151 554 obscuritates.
1171 520 1301 567 Iraque
1313 521 1359 557 de
1372 533 1413 558 ea
1424 532 1462 558 re
1480 519 1527 558 fic
1538 524 1604 559 crit
1616 534 1727 572 expe·

147 577 329 614 tiendum.
361 576 414 611 Ex
434 574 753 623 quapartelumen
770 583 945 622 oporteat
965 573 1127 612 sumere,
1148 577 1225 619 [m]
1242 575 1340 613 linea
1351 577 1525 614 tendatur
1541 577 1586 614 ab
1606 578 1730 615 altitu-

148 634 234 670 dine
243 631 399 682 parietis‚
409 630 473 678 qui
483 628 624 665 videtur
635 628 792 672 obstare,
802 628 847 665 ad
857 639 943 682 eum
954 629 1083 665 locum
1095 655 1102 668 ‚
1117 631 1176 666 cui
1185 629 1316 667 lumen
1327 643 1502 681 oporteat
1513 634 1730 670 immittere:

149 691 187 726 ὅ(
200 687 223 724 si
235 688 280 724 ab
290 699 331 724 ea
341 687 435 724 linea
450 710 456 723 ‚
474 686 512 720 in
524 684 757 721 altitudinem
768 695 856 720 cum
866 681 1124 733 prospiciatur,
1146 686 1285 734 poterit
1293 685 1445 737 spatium
1457 689 1537 737 puri
1547 689 1638 725 coelj
1649 700 1730 726 am-

149 745 254 795 plum
263 742 389 785 videri,
403 743 441 777 in
453 751 500 777 eo
513 741 603 776 loco
616 742 743 777 lumen
755 740 823 776 erit
834 738 906 775 fine
918 739 1175 788 impeditione.
1206 741 1270 777 Sin
1279 752 1405 780 autem
1417 742 1585 781 officient
1595 744 1732 789 trabes,

148 800 213 837 seu
232 800 298 843 [n]
313 798 438 835 limina
451 825 460 840 ‚
482 806 544 833 aut
562 797 862 845 contignationes
875 823 884 839 ‚
896 794 941 831 de
960 793 1203 844 superioribus
1216 798 1378 847 partibus
1396 800 1594 849 aperiatur,
1620 802 1657 837 &
1677 801 1729 837 ita

149 856 383 892 immittatur.
420 851 518 889 Etad
529 850 711 889 summam
729 851 776 887 ita
786 849 836 887 est
854 849 1158 899 gubernandum,
1175 862 1215 889 ut
1227 850 1247 888 ὲ
1260 852 1541 903 quibuscunque
1553 845 1732 903 ¹partibus

150 910 294 948 coelum
315 907 469 959 prospici
481 908 636 956 poterit,
659 919 723 958 pet
741 917 802 943 eas
822 909 879 952 [ο]
900 904 1139 944 fenestrarum
1151 908 1244 945 loco
1262 909 1519 958 relinquantur
1540 924 1548 945 ε
1568 909 1616 946 fic
1628 912 1732 948 enim

150 965 270 1003 lucida
279 974 384 1002 erunt
395 961 559 1000 aedificia.
588 964 693 1000 Cum
705 972 831 999 autem
842 963 879 998 in
890 963 1053 999 tricliniis
1065 962 1273 1013 caeterisque
1285 966 1531 1003 conclavibus
1542 968 1729 1003 maximus

151 1022 201 1059 est
211 1020 291 1058 usus
301 1021 485 1057 luminum
501 1047 511 1063 ‚
529 1028 612 1056 tum
622 1020 733 1056 etiam
744 1019 783 1054 in
795 1017 987 1055 itineribus
997 1044 1005 1058 ‚
1023 1019 1124 1056 clivis
1137 1046 1145 1059 ,
1160 1018 1333 1069 scalisque
1346 1050 1355 1065 ‚
1375 1021 1480 1070 quod
1490 1022 1528 1057 in
1539 1020 1593 1056 his
1605 1020 1729 1071 saepius

149 1076 291 1114 aliialiis
312 1075 460 1112 obviam
470 1075 680 1119 venientes,
699 1074 856 1111 ferentes
865 1073 1021 1111 sarcinas
1039 1073 1365 1114 solentincurrere.
1394 1076 1536 1129 Qoad
1545 1079 1654 1126 potui
1674 1077 1731 1113 di-

148 1132 378 1169 stributiones
396 1141 555 1180 operum
567 1130 786 1167 nostratium
800 1159 809 1174 ‚
831 1140 872 1166 ut
882 1129 951 1166 fint
961 1129 1248 1168 aedificatoribus
1259 1144 1338 1169 non
1349 1132 1437 1169 obse
1444 1144 1515 1169 urae
1529 1161 1538 1176 ‚
1549 1132 1729 1181 explicui.

150 1188 264 1225 Nunc
285 1188 397 1224 etiam
414 1185 738 1234 quemadmodum
752 1186 973 1223 Graecorum
995 1187 1324 1226 consuetudinibus
1343 1187 1500 1225 aedificia
1520 1187 1734 1225 distribuan-

150 1252 221 1288 tur,
233 1244 285 1279 uti
297 1253 374 1280 non
383 1241 452 1278 sint
463 1242 471 1276 i
476 1251 605 1290 guma,
617 1242 830 1281 summatim
840 1253 1036 1292 exponam.

786 1361 936 1398 (ΠΛΡ.
997 1358 1043 1394 X.

151 1449 234 1500 De
255 1447 525 1499 Graecorum
549 1447 849 1516 aedificiorum
869 1486 881 1507 ,
905 1466 1161 1521 eorumque
1177 1451 1401 1519 partiam
1419 1448 1727 1521 dispositione,

211 1539 362 1598 atque
376 1523 986 1600 diiffi’rentibmnominibm
996 1565 1011 1591 ,
1034 1523 1153 1597 stitis
1172 1523 1233 1575 ab
1249 1525 1436 1578 Italica}
1447 1522 1658 1578 moribus

693 1601 741 1652 εἴ
753 1602 876 1662 ufibm
893 1602 1200 1667 discrepantibus.

243 1726 344 1763 Triis
361 1728 483 1763 Graeci
503 1727 592 1774 quia
610 1738 688 1764 uon
710 1737 857 1764 utuntur
870 1751 878 1765 ‚
899 1737 1022 1775 neque
1039 1725 1168 1764 nostris
1188 1726 1355 1763 moribus
1375 1726 1580 1771 aedificant‚
1608 1725 1668 1763 sed
1687 1725 1734 1762 ab

244 1783 352 1827 janua
362 1781 636 1818 introeuntibus
649 1811 658 1826 ‚
678 1784 807 1819 itinera
817 1782 956 1819 faciunt
974 1781 1231 1819 latitudinibus
1249 1794 1329 1819 non
1350 1782 1533 1833 spatiosis,
1556 1782 1592 1818 &
1606 1794 1649 1818 ex
1661 1793 1733 1818 una

146 1845 246 1884 parte
256 1839 394 1885 equilia
407 1866 415 1879 ‚
436 1837 472 1872 ἃ
484 1849 526 1872 ex
539 1839 650 1873 altera
666 1840 725 1883 [a]
738 1838 915 1875 hostiariis
927 1838 1048 1882 cellas,
1065 1838 1256 1885 statimque
1268 1839 1586 1883 januaeinteriores
1603 1836 1737 1873 finiun-

145 1901 214 1927 tur.
247 1892 321 1928 Hic
341 1902 465 1929 aurem
479 1894 586 1928 locus
605 1893 697 1929 inter
709 1894 795 1929 duas
815 1896 938 1938 januas
948 1893 1078 1930 Graece
1094 1894 1255 1944 θυρωρεῖον
1273 1894 1485 1944 appellatur.
1516 1894 1663 1931 Deinde
1684 1892 1734 1930 est

144 1948 316 1985 introitus
335 1950 373 1985 in
393 1947 614 1998 peristylion.
647 1949 685 1984 Id
696 1948 920 1997 peristylium
938 1949 976 1985 in
989 1949 1102 1985 tribus
1114 1949 1278 1998 partibus
1298 1949 1407 1986 habet
1424 1950 1594 1998 porticus
1606 1979 1616 1993 ‚
1638 1951 1728 1985 inea

147 2013 245 2054 parte
257 2015 336 2053 quae
346 2004 477 2054 speftat
487 2003 532 2039 ad
544 2004 736 2041 meridiem
747 2033 757 2049 ‚
775 2004 862 2042 duas
875 2014 975 2042 antas
987 2006 1081 2042 inter
1091 2003 1124 2040 se
1133 2003 1249 2054 spatio
1260 2006 1388 2056 amplo
1400 2002 1582 2044 distantes,
1597 2007 1637 2041 in
1649 2006 1733 2053 qui-

1088 2061 1115 2097 P
1149 2070 1164 2100 3
1571 2078 1574 2081 -
1667 2059 1734 2096 bus

148 2158 171 2193 l]
197 2158 264 2185 vide
275 2158 418 2186 Palladium
429 2158 475 2185 lib.
489 2168 508 2185 1.
523 2169 683 2197 cap.xxx11.

147 2200 190 2232 m}
208 2198 289 2226 [dem.
312 2199 342 2225 ld
350 2199 385 2225 est
394 2196 524 2226 funiculus
534 2219 540 2229 .
557 2199 753 2238 1·esticu1a:qna
764 2198 957 2238 significatione
968 2199 1033 2237 saepe
1045 2199 1129 2226 utitur
1139 2207 1205 2227 voce
1218 2199 1316 2226 Lineae.

147 2240 179 2273 n]
207 2239 287 2266 idem.
311 2239 415 2266 Limina
426 2248 473 2276 pro
490 2238 730 2276 superliminaribus
742 2259 748 2270 ,
768 2249 795 2267 ut
815 2250 871 2277 cap.
883 2240 932 2267 ult.
949 2239 1024 2273 hujus
1043 2240 1122 2267 liu&
1136 2239 1202 2277 apud
1223 2236 1342 2266 Plin.lib.
1360 2242 1402 2270 36.
1419 2245 1476 2275 cap.
1490 2233 1737 2269 14.d1'ffici‹'limelyoc

188 2281 342 2315 contingitin
351 2279 438 2306 limine
446 2280 493 2314 ipsa
504 2298 511 2307 ,
534 2279 601 2316 quod
609 2279 709 2315 foribus
728 2280 896 2316 imponebant.
919 2280 993 2307 Vnde
1005 2282 1089 2306 Varro
1105 2279 1150 2306 lib.
1163 2290 1196 2305 ιι-
1209 2288 1265 2317 cap.
1278 2288 1317 2305 ιν.
1337 2277 1442 2304 vocavit
1462 2277 1543 2304 limen
1561 2274 1669 2304 inferius
1683 2297 1689 2309 ,
1709 2285 1738 2304 ut

187 2319 344 2347 discerneret
354 2318 367 2346 ὰ
377 2318 513 2356 superiori.
530 2321 633 2346 Nonius
653 2320 720 2357 apud
732 2319 907 2349 Marcellum,
926 2329 1069 2358 utrumque
1086 2316 1219 2357 expressit.
1242 2318 1415 2346 Exuelumeu
1433 2316 1569 2356 superum,
1590 2317 1662 2356 quod
1672 2316 1738 2344 milii

189 2360 284 2388 misero
292 2359 356 2398 saepe
364 2357 498 2398 confregit
508 2356 720 2397 caput,1nf:run1
730 2369 828 2389 autem.
841 2359 885 2387 ubi
896 2369 948 2399 ego
959 2370 1052 2387 omnes
1062 2360 1164 2399 digitos
1174 2356 1275 2399 defregi
1286 2367 1370 2386 meos.

145 2402 173 2435 o]
196 2401 278 2429 Idem.
298 2403 340 2429 De
349 2398 520 2428 fenestrarum
532 2401 634 2427 ratione
644 2400 745 2428 nullum
756 2400 791 2428 est
800 2400 868 2438 apud
881 2402 983 2428 Vitruv.
993 2409 1155 2438 praeceptum
1164 2422 1170 2432 ,
1191 2410 1249 2430 nos,
1260 2400 1331 2439 quod
1343 2399 1437 2427 scimus
1449 2421 1456 2432 ,
1473 2399 1617 2427 trademus.
1640 2400 1738 2427 Earum

181 2442 272 2469 lumen
283 2442 384 2480 antiqui
396 2441 576 2479 quadrangulo
590 2439 714 2468 finierunt
724 2461 730 2473 ‚
747 2440 818 2478 quoti
829 2451 913 2480 genus
925 2450 1015 2468 extant
1023 2441 1116 2480 aliqua:
1126 2442 1153 2468 in
1171 2442 1220 2468 Via
1230 2442 1323 2479 Appia.
1343 2441 1432 2469 Nostri
1441 2441 1553 2468 arcuatis
1565 2441 1644 2467 etiam
1655 2449 1737 2467 utun-

181 2492 236 2514 tur,
245 2482 259 2510 ,ἰ
270 2482 366 2520 quibus
377 2491 439 2509 cum
449 2480 607 2509 recelle'ruiit
617 2501 623 2511 ,
634 2481 816 2521 quadrangulo
825 2491 878 2508 non
890 2483 1030 2511 contenti,
1045 2481 1191 2520 intersepto
1200 2480 1382 2510 transversario
1392 2481 1557 2520 distinguunt
1567 2501 1574 2511 ,
1596 2481 1738 2518 aliquando

181 2523 383 2551 eiartectarium
394 2522 493 2549 addunt
504 2543 510 2553 ,
529 2532 582 2560 quo
594 2523 678 2549 modo
690 2531 750 2549 cum
764 2522 934 2551 interstintsiae
945 2521 1002 2550 sunt
1014 2520 1141 2552 femstroe,
1152 2522 1276 2558 crozftrias
1287 2543 1294 2552 ‚
1305 2522 1373 2562 quati
1385 2522 1456 2549 dieas
1466 2521 1592 2549 cruciatas
1606 2542 1611 2551 ,
1631 2530 1740 2552 vocant,

182 2564 255 2602 quod
267 2565 293 2590 in
304 2564 389 2590 crucis
400 2563 510 2590 modum
522 2561 733 2590 transversarium
747 2563 934 2602 jugamentum
946 2564 1086 2592 affeci-ario
1097 2563 1169 2591 velut
1180 2562 1351 2591 intersetstum
1362 2562 1490 2590 videatur.
1514 2563 1565 2588 Pro
1575 2560 1737 2589 lacunarium

180 2605 320 2632 altitudine
332 2625 338 2635 ,
357 2613 439 2631 unum
452 2624 457 2634 ,
475 2603 564 2631 duove
573 2612 617 2630 :tut
629 2603 701 2641 plura
711 2602 776 2631 fiunt
787 2600 966 2631 transversaria
975 2604 1126 2642 intersepta.
1148 2604 1361 2632 Arrestariorum
1374 2612 1437 2631 vero
1447 2603 1509 2630 loco
1519 2622 1526 2633 ,
1538 2601 1591 2628 vidi
1603 2603 1650 2641 qui
1661 2602 1735 2630 colu-

180 2645 271 2673 mellas
281 2643 458 2682 supponerent
468 2664 474 2674 ‚
499 2644 704 2682 modolingulas
716 2665 722 2674 ,
741 2644 885 2682 aliquando
905 2646 1033 2673 Doricam
1049 2648 1072 2672 &
1084 2644 1254 2682 superjectam
1268 2646 1395 2672 ionicam.
1409 2641 1604 2671 Transversaria
1614 2642 1741 2670 verosolo

182 2688 332 2724 cyrnnmtio
342 2684 501 2722 scalpuntur.
524 2687 564 2712 De
572 2682 742 2712 fenestrarum
751 2686 877 2724 angustiis
888 2694 930 2712 aut
942 2685 1081 2713 latitudine
1089 2685 1248 2723 disputatum
1258 2686 1302 2712 est.
1323 2685 1437 2711 Fuerunt
1448 2703 1454 2715 ,
1465 2683 1509 2721 qui
1522 2684 1627 2721 Epicuri
1637 2684 1740 2721 placitis

182 2727 266 2754 innixi
287 2730 328 2760 (ut
340 2725 437 2753 scilicet
450 2724 495 2752 fiat
507 2724 721 2753 visiolimulacris
741 2735 827 2753 rerum
838 2725 869 2752 ad
880 2726 972 2753 oculos
988 2725 1060 2760 latis)
1080 2723 1202 2753 fenestras
1212 2725 1318 2753 latiores
1339 2723 1471 2752 faciendas
1489 2723 1653 2752 censuerunt.
1676 2725 1739 2755 Alii,

184 2768 288 2795 Stoicos
299 2766 398 2796 secuti,
419 2767 463 2804 qui
475 2776 507 2793 ex
527 2766 604 2793 radiis
614 2766 658 2804 qui
668 2765 701 2792 ab
717 2766 800 2793 oculis
812 2767 895 2801 jusisti
906 2764 977 2794 effufi
997 2767 1028 2794 ad
1041 2776 1080 2793 res·
1090 2764 1210 2794 feruntur
1220 2787 1227 2799 ,
1248 2766 1374 2793 viiionern
1384 2763 1440 2792 ficri
1452 2773 1561 2803 putant,
1578 2765 1740 2804 angustiores

185 2807 391 2839 commendant,
415 2807 485 2845 quod
495 2816 548 2844 quo
567 2807 665 2835 arctior
680 2804 760 2834 fuerit
769 2807 855 2834 aditus
866 2828 872 2837 ,
891 2817 924 2835 eo
937 2807 985 2834 iint
1003 2807 1146 2842 junstiores
1165 2807 1190 2833 in
1201 2808 1273 2834 exitu
1294 2805 1369 2833 visuii
1381 2805 1454 2838 radii,
1474 2806 1561 2844 obque
1573 2806 1599 2833 id
1610 2806 1741 2834 suaviores

186 2845 354 2886 egressiones.
376 2849 446 2883 Quat
457 2848 525 2874 ratio
533 2848 630 2885 placuit
641 2846 798 2875 Architecto
810 2850 886 2885 Cyro
895 2848 963 2885 apud
974 2849 1136 2875 Ciceronem
1144 2847 1214 2884 epist.
1223 2847 1255 2874 ad
1265 2848 1385 2874 Atticum
1398 2845 1444 2873 lib.
1456 2856 1491 2874 ιι.

155 2889 184 2922 a]
208 2887 350 2917 l'liilander.
374 2889 422 2916 lul.
434 2888 527 2916 Pollux
536 2899 592 2926 cap.
604 2897 672 2915 vrit.
682 2888 727 2915 lib.
741 2898 762 2915 ι.
773 2888 850 2915 tradit
864 2888 1081 2923 janitorislocum
1089 2888 1142 2915 dici
1160 2886 1288 2921 παλάμαι
1300 2886 1416 2924 subsequi
1426 2885 1557 2922 ωςέῖυμρι,
1570 2890 1594 2915 3<
1605 2884 1742 2919 medanam:

197 2926 283 2956 cw’zlw‘
292 2939 355 2957 vero
365 2929 521 2956 interiorem
530 2927 581 2956 effe
592 2937 694 2967 partem
706 2949 712 2960 ‚
731 2925 928 2966 quamdasm
937 2929 972 2956 ait
980 2929 1013 2956 ab
1023 2929 1147 2956 Homero
1159 2930 1258 2955 vocari.
1282 2929 1422 2955 Enarrator
1440 2937 1530 2956 tamen
1542 2929 1656 2955 Homeri
1669 2927 1740 2953 Iliad.

198 2977 235 2994 ixi
249 2967 313 2996 lianc
325 2979 372 3007 pro
392 2970 515 2998 illustrata
533 2969 594 2997 Sole
619 2970 726 3009 porticu
737 2971 941 3009 interpretatum
962 2967 1056 3008 odila&
1066 2968 1079 3006 5
1091 2967 1215 3000 dxiv—vm
1225 2991 1232 3001 ,
1253 2967 1352 2998 τὲι-’ἕςι
1364 2967 1427 3002 meo}
1446 2967 1514 3000 η”κιιον
1525 2968 1671 3007 &Caluum
1689 2964 1744 2996 ςειί»

198 3002 412 3051 ωθὲρτεοώΰεοζ,
424 3010 436 3039 ‘0¹
450 3013 480 3041 ἐς
491 3010 612 3049 φλεμοῡς.
1711 3048 1726 3078 d

1605 3050 1632 3084 ί]
1643 3050 1707 3078 Clau
1731 3068 1737 3076 .
