2023 3162
347 96 811 138 VocAssvLORvM
868 96 1443 138 VITRUVIANORUM.
1664 115 1713 148 37

114 161 296 222 angulares
307 165 445 214 infimus
463 164 584 217 verfios
594 164 819 219 fastigiatum
837 165 1041 205 collocantur
1053 193 1060 206 ,
1084 166 1176 204 unde
1184 169 1316 205 tellum
1334 166 1531 207 deliciatum
1544 200 1555 217 ‚
1574 170 1617 216 (jv
1626 172 1711 212 deli.

113 227 201 262 ciatae
210 220 342 275 tegula.
377 222 469 259 Haec
480 222 613 259 eadem
623 224 791 260 Turneb.
806 223 866 260 lib.
886 236 899 259 1
910 236 947 259 ο.
961 235 1039 273 cap.
1059 236 1072 260 1
1086 237 1116 266 7.
1147 224 1245 262 Vide
1258 225 1470 274 Colliquiae.

169 281 208 318 D
222 291 242 316 Ε
253 290 280 316 N
290 289 338 316 TI
350 290 375 316 C
387 291 413 318 V
423 290 447 316 L
458 290 480 316 1.
513 280 594 315 Lib.
612 291 642 315 1.
654 290 734 330 cap.
751 293 784 315 ι.
815 285 904 315 Item
919 279 1095 327 slDoricia
1105 279 1258 333 epgstylt'u
1267 281 1304 317 in
1312 286 1439 318 coronu
1447 280 1617 320 denticuli
1615 282 1711 336 scul-

105 345 248 390 pentur.
279 334 415 371 Baldus
430 350 436 372 ι
458 336 684 386 Scalpuntur
696 335 922 372 denticuliin
933 336 1086 373 coronis
1106 338 1231 374 ionici
1242 337 1279 374 δε
1290 337 1479 375 Corinthii
1490 340 1631 376 ordinis
1645 366 1653 380 ‚
1672 343 1710 378 in

113 393 262 441 reliquis
276 403 356 428 non
368 390 441 428 fine
453 392 556 427 vitio.
592 389 682 427 Ideo
694 400 820 427 autem
831 391 1030 436 denticuli,
1051 392 1157 441 quod
1168 393 1336 431 dentium
1347 395 1550 444 imaginem
1562 396 1711 433 imiten-

113 459 186 486 tur:
211 445 493 484 nostridentellos
505 446 646 482 dicunt.
676 451 795 494 Remo
807 453 1013 493 Craterum,
1025 450 1074 485 ait
1088 450 1282 488 Vitruvius
1299 449 1403 495 lib.4.
1420 463 1498 502 cap.
1511 458 1549 488 6.
1578 454 1711 489 Doricos

112 506 152 541 in
162 499 312 555 opertbus
323 515 430 555 neque
447 500 598 538 mutulos
616 515 726 554 neque
745 501 961 540 denticulum
977 502 1121 540 addidit.
1154 505 1274 552 Cujus
1292 507 1343 542 rei
1363 506 1509 545 causam
1525 505 1631 545 affert
1641 509 1704 546 lib.

113 560 200 597 cod.
215 571 333 609 cap.2.
370 559 460 595 Hoc
473 568 672 608 peccatum
684 570 761 595 non
772 561 957 597 evitarunt
968 559 1152 597 inferioris
1162 561 1430 600 aeviarchitceti
1443 563 1570 612 :quod
1581 566 1618 602 ὃς
1629 564 1709 602 Phi-

114 616 240 654 landcr
250 614 520 652 animadvertit.
542 615 735 652 Habentur
745 617 845 652 enim
858 626 992 653 contra
1002 617 1162 655 Vitruvii
1170 617 1423 668 praescriptum
1434 619 1614 657 denticuli
1625 622 1710 659 Ro-

112 684 181 710 mae
194 673 232 708 in
252 672 302 707 T.
316 668 547 719 Vespasiani,
571 669 857 708 Constantini&
877 672 1012 710 Nerva:
1024 671 1250 718 fornicum,
1272 675 1385 722 inque
1396 674 1564 723 ejusdem
1574 677 1706 715 Nervae

113 730 276 779 porticu,
290 726 441 763 thermis
452 726 619 762 Dioclct.
638 727 730 763 Item
742 727 904 765 Veronae
917 729 953 762 in
966 727 1136 765 Theatro
1148 758 1157 773 ‚
1170 731 1206 766 &
1218 728 1359 766 ibidem
1370 732 1405 767 in
1417 732 1564 769 duobus
1574 735 1706 770 veteris

114 784 299 821 strueturae
309 781 526 819 fornicibus,
559 782 719 831 Magnus
731 791 864 819 naturae
883 783 1050 820 imitator
1062 794 1139 820 erat
1160 785 1354 823 Vitruvius
1368 811 1376 824 ,
1398 787 1706 827 &monstrorum

113 840 200 877 osor
212 842 249 877 ὃ(
261 839 477 888 exagitator.
509 838 654 875 Laudat
665 847 791 875 autem
809 838 963 876 Graecos
974 839 1170 888 magistros
1189 838 1379 890 religiosos
1393 844 1429 878 δ(
1453 842 1706 890 observantes,

113 893 171 932 his
191 896 329 932 verbis:
359 890 573 946 Qodenlm
592 907 660 930 non
674 896 787 946 potes?
798 895 838 931 in
846 895 1001 932 veritate
1008 894 1113 945 fieri,
1133 909 1200 932 non
1213 905 1432 948 putaverunt
1451 899 1645 949 optimit'llz'‚
1667 902 1706 936 in

112 947 462 1003 z'rnagimbzufadum
471 958 599 986 certam
610 959 779 987 rattonem
789 946 921 988 habere.
936 952 1234 989 Denticulorum
1246 951 1498 1001 symmetriam
1510 954 1625 992 docet
1633 955 1705 1006 ipse

112 1007 174 1045 lib.
193 1006 389 1057 3.cap.ult.

168 1064 206 1100 D
221 1077 238 1099 E
256 1076 273 1100 P
287 1075 309 1098 A
326 1076 344 1098 L
357 1075 380 1098 A
395 1076 419 1097 τ
438 1076 448 1099 1
463 1074 500 1098 ο.
533 1062 617 1098 Lib.
637 1073 692 1099 ix.
705 1075 786 1112 cap.
802 1069 835 1098 8.
865 1059 970 1100 Nobbs
981 1071 1097 1100 autem
1109 1059 1149 1100 ab
1157 1060 1414 1116 hisstparandae
1422 1061 1513 1116 sunt
1524 1061 1708 1120 horologio-

111 1131 190 1155 rum
208 1120 377 1157 rationes,
399 1111 443 1154 ὤ*
461 1116 666 1169 explicandae
685 1117 862 1169 menstrue
881 1117 1018 1155 dierum
1036 1117 1227 1157 brevitates
1246 1145 1255 1159 ,
1284 1120 1435 1172 itemque
1462 1118 1707 1172 depalationes.

112 1174 212 1212 Bald.
225 1173 416 1211 Vocabuli
428 1175 572 1211 novitas
586 1176 623 1211 ὅ(
637 1173 840 1212 insolentia,
851 1176 996 1224 magnis
1007 1176 1092 1213 viris
1104 1186 1283 1225 magnum
1293 1177 1493 1225 negotium
1508 1176 1610 1222 fecit,
1622 1177 1708 1214 Phi-

109 1230 256 1273 laudm,
269 1230 429 1266 Barbaro
441 1255 449 1268 ‚
473 1230 676 1269 Turnebo‚
701 1242 865 1278 quorum
877 1233 985 1281 primi
1004 1230 1106 1269 sicco
1117 1231 1213 1281 pede
1225 1260 1236 1277 ‚
1258 1233 1387 1268 tertius
1397 1243 1467 1282 pro
1487 1234 1703 1283 viriliparte,

112 1297 270 1323 conatus
280 1285 329 1322 est
339 1298 418 1323 rem
429 1287 580 1335 aperire.
613 1287 742 1335 ltaque
753 1286 813 1323 lib.
827 1293 864 1324 6.
878 1298 957 1337 cap.
977 1299 991 1323 1
1003 1299 1036 1323 2.
1060 1289 1181 1324 innuit
1193 1316 1204 1332 ,
1225 1287 1479 1337 depalationes
1490 1288 1537 1325 ad
1557 1289 1706 1326 dierum

110 1343 343 1380 incrementa
355 1343 536 1392 pertinere
549 1356 556 1377 :
577 1341 732 1379 demum
744 1343 780 1379 in
793 1354 874 1379 cam
884 1343 1100 1381 sententiam
1112 1343 1347 1392 conquiescit
1360 1369 1368 1383 ,
1390 1337 1452 1394 effe
1461 1341 1706 1396 depalationem

109 1398 147 1434 ia
157 1395 368 1449 hydrologiu,
381 1399 482 1434 cuneo¹
491 1396 755 1443 remotiones‚ad
763 1397 834 1435 dtes
846 1398 1274 1451 ampllfi'candos.Aliquid
1285 1398 1423 1436 dixisset
1436 1400 1459 1436 si
1470 1400 1515 1436 de
1526 1401 1700 1449 aquariis,

110 1464 147 1491 at
158 1455 204 1491 de
216 1455 352 1491 solariis
362 1453 570 1504 horologiis
582 1455 642 1492 hic
651 1454 772 1492 sermo
785 1454 843 1493 est:
853 1457 1086 1504 quamvis‚de
1097 1466 1223 1506 utr0q3
1236 1467 1369 1505 genere
1379 1454 1405 1492 si
1415 1456 1704 1505 iiitelliga5‚quid

109 1510 333 1563 depalationi
344 1522 432 1548 cum
442 1511 677 1548 incremento
690 1512 701 1547 ἒ
716 1512 839 1548 Palare
850 1523 928 1549 non
939 1513 1062 1550 modo
1073 1514 1173 1551 valet
1183 1512 1275 1562 palis
1286 1511 1434 1557 fulcire,
1445 1511 1503 1549 sed
1517 1514 1554 1549 ὅ(
1568 1514 1703 1562 vagari.

110 1566 215 1620 Qid
232 1565 258 1602 si
278 1579 319 1603 ea
338 1578 437 1605 voce
456 1567 673 1605 intellexerit
690 1568 789 1605 Solis
808 1579 872 1618 per
892 1567 1050 1618 signiferi
1069 1578 1189 1619 partes
1209 1569 1476 1617 evagationes?
1507 1578 1605 1605 certe
1624 1568 1703 1605 hoc

109 1624 155 1660 ad
166 1623 420 1659 analemmatis
433 1624 594 1661 rationes
606 1653 616 1669 ‚
638 1624 683 1660 de
694 1625 830 1674 quibus
842 1627 960 1675 agitur
973 1655 982 1669 ,
993 1626 1176 1675 imprimis
1187 1625 1356 1674 pertinet.
1387 1625 1449 1660 Re
1458 1622 1609 1674 pressius
1621 1636 1705 1662 exa-

108 1680 247 1716 minata
260 1704 266 1717 ‚
291 1679 330 1714 in
340 1691 420 1716 eam
431 1679 614 1718 descendo
627 1679 844 1719 sententiam
855 1707 863 1720 ,
884 1681 1136 1731 depalationes
1156 1680 1336 1717 denotare
1347 1679 1536 1720 hocloco,
1549 1682 1705 1719 varieta-

108 1743 163 1771 tes
175 1761 182 1773 ,
194 1734 233 1771 δε
246 1760 255 1775 ,
270 1745 310 1771 ut
322 1736 370 1772 ita
382 1736 506 1774 dicam
521 1766 530 1781 ‚
542 1737 801 1774 inconstantias
812 1737 849 1773 &
862 1740 1087 1775 mutationes
1101 1737 1243 1774 dierum
1259 1764 1269 1780 ‚
1290 1745 1403 1784 atque
1423 1735 1581 1786 proinde
1592 1735 1703 1773 hora-

107 1801 190 1826 rum
201 1805 209 1831 ς
232 1791 337 1839 quod
348 1793 384 1827 in
396 1793 583 1830 Romanis
595 1793 804 1841 horologiis
817 1793 904 1829 ideo
914 1793 977 1830 usu
986 1792 1158 1831 veniebat
1169 1819 1177 1832 ‚
1201 1791 1317 1841 quod,
1332 1802 1373 1829 ut
1383 1792 1535 1842 ipsemet
1544 1793 1593 1830 ait
1603 1818 1611 1832 ,
1626 1791 1704 1830 dies

107 1846 377 1894 aequinostialis
389 1846 655 1897 brumalisque,
679 1851 845 1898 itemque
857 1847 1047 1886 solstitialis
1059 1879 1069 1894 ‚
1088 1851 1125 1886 in
1136 1848 1342 1886 duodecim
1353 1857 1472 1898 partes
1483 1849 1639 1898 aequales
1650 1848 1704 1885 di-

107 1902 302 1939 videretur.
336 1902 428 1939 Haec
439 1905 475 1939 in
486 1916 523 1940 re
534 1903 722 1942 difficili&
732 1905 807 1942 obs
801 1917 903 1944 cura,
915 1913 1039 1942 utrum
1049 1917 1180 1943 verum
1192 1904 1405 1951 conjectura
1416 1903 1566 1941 assecuti
1576 1903 1701 1947 simus,

108 1957 267 2003 dejerare
278 1970 358 1996 non
369 1958 561 1997 audemus.
593 1962 828 2005 Tuinterim‚
841 1961 1017 2010 quilegis,
1035 1961 1113 1998 haec
1132 1972 1215 2009 quae
1228 1958 1410 1997 dedimus,
1424 1959 1518 1996 boni
1538 1960 1699 1997 consule.

112 2012 205 2049 Haec
216 2014 286 2049 ille.

165 2067 203 2102 D
219 2081 230 2103 1
245 2080 265 2105 Α
281 2081 304 2104 G
318 2082 341 2104 0
355 2082 380 2105 N
397 2084 408 2107 1
423 2082 449 2107 o
464 2083 490 2106 s,
521 2070 604 2107 Lib.
616 2085 651 2116 4.
667 2082 746 2121 cap.
766 2083 796 2107 1.
829 2068 967 2110 cAbaci
984 2067 1132 2107 latitudo
1141 2070 1191 2106 ita
1200 2067 1323 2107 habeat
1331 2072 1513 2114 rationem,
1524 2079 1564 2106 ut
1573 2078 1703 2121 quanta

100 2120 219 2173 fuerit
227 2121 372 2158 altitudo
386 2149 393 2161 ‚
414 2122 460 2161 bis
471 2133 571 2161 tanta
589 2124 639 2173 sit
649 2124 820 2179 diagonios
840 2124 880 2163 ab
899 2126 1023 2178 angulo
1041 2125 1088 2162 ad
1103 2126 1282 2178 angulum.
1312 2126 1466 2164 Baldus:
1492 2129 1586 2177 Qae
1606 2126 1702 2162 linea

112 2178 329 2227 Diagonios
341 2178 492 2217 dicatur,
506 2180 643 2218 eodem
653 2181 868 2230 suggerente
876 2181 1010 2218 scimus
1023 2197 1030 2218 :
1045 2183 1095 2217 ita
1107 2183 1211 2218 enim
1221 2180 1343 2218 scribit
1353 2182 1413 2217 lib.
1424 2195 1435 2217 1
1445 2194 1479 2217 x.
1492 2192 1569 2229 cap.
1580 2192 1610 2216 1.
1641 2181 1701 2217 Li-

109 2247 173 2270 nea
184 2231 222 2270 ab
233 2232 355 2285 angulo
363 2231 409 2268 ad
415 2234 581 2286 angulum
600 2237 783 2284 (quadrati
795 2236 948 2285 nempe)
961 2236 1142 2286 Diagonios
1157 2234 1381 2286 perducatur.
1411 2236 1463 2273 lbi
1475 2247 1578 2284 quoq
1584 2247 1630 2272 ue
1639 2247 1701 2286 ap-

109 2290 221 2340 pellat
238 2287 464 2340 Diagonalem
474 2288 600 2325 lineam
612 2293 649 2337 ᾃζ
662 2291 895 2341 Diagonicam.
925 2291 998 2326 Sed
1017 2293 1055 2327 δε
1072 2291 1133 2327 lib.
1144 2303 1189 2328 V1
1201 2318 1208 2325 .
1219 2303 1296 2340 cap.
1316 2305 1347 2335 3.
1377 2294 1521 2328 Liueam
1538 2292 1698 2344 Diagonl.

111 2347 268 2396 Capella
285 2343 488 2397 augularem
506 2354 630 2382 vocat.
663 2346 770 2381 rursu
790 2346 920 2382 Graece
941 2346 1123 2394 angulus,
1143 2344 1340 2392 ἱλζᾳΓιένιΘ·
1358 2360 1422 2397 per
1441 2347 1611 2396 angulos.
1640 2348 1700 2385 Est

110 2412 236 2440 aurem
247 2402 341 2438 linea
351 2411 430 2449 quae
442 2402 478 2437 in
488 2401 845 2451 parallelogrammis
856 2402 901 2439 ab
913 2403 1054 2451 angulo
1075 2401 1121 2438 ad
1131 2403 1309 2450 angulum
1320 2403 1468 2441 ducitur
1478 2433 1488 2448 ‚
1509 2413 1548 2440 ut
1559 2402 1700 2453 superfi-

111 2460 210 2495 ciem
223 2457 389 2494 bifariam
403 2456 509 2494 secet.
523 2457 664 2494 Latiori
675 2458 865 2495 vocabulo
879 2456 1116 2496 diametrum,
1129 2450 1313 2507 διάμεφςον,
1334 2458 1474 2498 dicunt,
1489 2459 1549 2495 scd
1560 2459 1700 2507 Diago-

110 2516 194 2550 nios
207 2514 354 2564 proprie
364 2512 410 2549 ad
420 2512 601 2550 circulum
613 2525 689 2551 non
701 2515 867 2564 pertinet.
902 2513 1004 2568 Qid
1017 2515 1089 2550 ita?
1101 2516 1277 2564 quianon
1288 2514 1337 2551 est
1349 2515 1459 2552 dueta
1472 2515 1516 2550 ad
1526 2515 1698 2567 angulos.

110 2569 297 2606 Addimus
311 2595 318 2608 ‚
338 2569 491 2606 Graecos
503 2570 727 2607 Geometras
738 2581 887 2620 perraro
904 2570 1127 2620 Diagonion
1140 2599 1150 2616 ‚
1162 2569 1350 2623 saepissime
1362 2571 1496 2607 lineam
1506 2569 1552 2606 ab
1563 2570 1701 2618 angulo

110 2625 156 2662 ad
165 2627 342 2675 angulum
354 2624 515 2670 dunstam,
534 2624 720 2674 Ἆὶθίμεφςον
738 2628 945 2664 nominare.

167 2683 205 2719 D
219 2693 229 2719 1
242 2692 267 2718 A
282 2692 305 2717 G
319 2692 341 2718 R
354 2692 381 2718 A
393 2693 424 2719 M
437 2693 467 2718 M
478 2693 516 2719 A.
546 2682 629 2719 Lib.
642 2696 677 2721 v.
691 2695 770 2732 cap.
783 2696 821 2728 4.
851 2689 971 2734 Itaque
980 2690 1020 2718 ut
1025 2691 1138 2734 potero
1150 2682 1213 2730 (de
1226 2683 1436 2720 Harmonia
1447 2680 1583 2731 sermo)
1595 2692 1698 2733 quam

111 2737 315 2787 apertissime
334 2749 378 2773 ex
402 2736 596 2789 Al'ssoxeni
611 2735 797 2791 scripturis
816 2734 1084 2790 interpretabor,
1107 2731 1152 2776 ό*
1168 2740 1241 2787 ejus
1260 2738 1483 2790 Diagramma
1504 2734 1697 2790 fitbjlciam.

113 2793 267 2830 Baldus:
291 2793 409 2849 Qod
420 2795 457 2830 in
477 2794 674 2832 Prooemio
693 2794 753 2830 lib.
775 2805 788 2834 3
801 2821 809 2831 .
840 2792 1133 2845 Deformationem
1155 2794 1390 2830 Grammicam
1406 2803 1699 2845 nuncupaverat,

113 2859 224 2886 vocat
236 2849 295 2886 hic
307 2855 541 2902 Dtagramma.
572 2851 701 2887 Graeca
713 2861 786 2886 vox
804 2845 1172 2900 ffirffzlqestolcpum
1192 2848 1411 2888 describere,
1434 2850 1571 2887 lineare
1583 2876 1591 2890 ‚
1612 2849 1700 2887 deli-

113 2915 234 2948 neare,
245 2904 434 2954 designare
447 2936 457 2952 ‚
478 2907 576 2944 unde
588 2902 807 2958 ὢοέχαμμοι,
821 2905 1026 2955 designatio
1040 2935 1049 2949 ,
1070 2905 1297 2943 deformatio
1310 2935 1321 2951 ‚
1342 2903 1539 2956 descriptio
1551 2934 1561 2949 ,
1571 2904 1698 2954 figura.

116 2958 206 2996 Hoc
225 2960 322 2999 sensu
342 2962 558 3001 Plutarchus
577 2957 836 3014 Ἆζρικαίμμωῖᾇ.
855 2955 1073 3006 Χαλδιάκεὲ,
1093 2961 1333 3012 figurationes
1355 2960 1575 3000 Chaldaicas
1594 2960 1696 2998 dixit,

948 3024 977 3055 E
1010 3029 1025 3059 3
1616 3025 1697 3066 quae
