2023 3162
502 135 1126 177 nE'ARcrriTEcTVRA
1182 133 1414 176 L113.1V.
1703 144 1757 184 ⁶7

155 202 224 250 [ι’]
240 203 362 242 femur
373 229 381 243 ‚
402 203 508 254 quod
519 206 650 242 Graece
661 201 760 257 μηςές
782 205 935 251 dicitur3
958 203 1165 242 secundum
1179 214 1263 241 eam
1277 203 1529 243 canaliculiad
1546 216 1687 244 normae
1698 219 1757 245 ca-

155 269 296 297 cumen
313 261 588 310 imprimantur.
621 261 675 298 Ex
697 260 828 298 ordine
841 272 991 303 eorum,
1011 259 1136 296 dextra
1154 271 1197 297 ac
1217 259 1365 305 finistra,
1376 262 1487 298 altera
1505 260 1651 299 femora
1665 274 1757 300 con-

154 313 362 360 stituantur,
384 327 497 365 atque
508 317 544 352 in
556 318 725 353 extremis
737 316 898 365 partibus
912 314 1200 353 semicanaliculi
1217 316 1512 355 intervertantur.
1545 318 1757 367 Triglyphis

154 371 206 408 ita
219 371 428 409 collocatis,
444 382 617 421 metopae,
637 384 718 420 quae
734 370 918 408 suntinter
929 370 1134 420 triglyphos
1149 400 1160 416 ‚
1183 368 1289 420 reque
1302 373 1381 409 altae
1397 371 1476 417 finr,
1487 383 1601 421 quam
1619 373 1758 423 longae.

155 426 249 464 Item
266 428 304 463 in
322 428 494 463 extremis
516 427 660 476 angulis
675 426 740 473 [k]
762 426 1019 476 semimetopia
1039 426 1107 463 sint
1124 426 1291 477 impressa
1301 427 1456 465 dimidia
1477 428 1625 465 moduli
1637 429 1758 466 latitu-

156 480 252 520 dine.
284 483 339 519 Ita
357 484 456 519 enim
469 484 553 520 erit,
581 493 620 519 ut
637 484 767 520 omnia
780 483 868 518 vitia
881 507 888 519 ,
902 484 1190 531 &metoparum
1202 484 1626 521 &intercolumniorum
1649 486 1687 521 ὅ(
1706 485 1759 520 la-

157 539 398 575 cunariorum
410 567 420 582 ‚
439 538 543 585 quod
554 538 712 586 :equales
734 536 929 575 divisiones
941 536 1044 574 fastae
1057 547 1165 573 erunt
1177 562 1185 576 ‚
1199 538 1450 576 emendentur.
1484 539 1678 589 Triglyphi
1700 549 1760 576 cao

157 594 274 643 pirula
292 591 386 631 sexta
406 603 507 642 parte
529 593 674 630 moduli
694 591 775 629 sunt
794 592 983 629 facienda.
1016 591 1131 641 Supra
1151 593 1421 643 triglyphorum
1440 596 1599 644 capitula
1613 594 1670 641 [l]
1690 606 1758 631 co-

157 659 252 686 rona
263 648 312 686 est
323 647 547 685 collocanda
564 650 600 684 in
609 648 816 698 projectum
836 647 989 685 dimidia
1000 649 1037 685 δε
1049 647 1144 685 sexta
1156 658 1257 697 parte
1268 674 1276 687 ‚
1299 648 1435 686 habens
1454 652 1657 698 cymatium
1677 651 1760 688 Do-

158 706 280 741 ricum
294 706 331 740 in
349 706 427 741 imo
440 733 450 748 ,
472 704 628 740 alterum
649 705 686 740 in
698 703 858 741 summo,
881 704 972 739 item
990 714 1079 739 curn
1093 705 1262 751 cymatiis
1276 715 1419 741 corona
1433 705 1542 742 craffa
1553 718 1596 743 ex
1608 705 1761 742 dimidia

158 759 316 797 moduli.
348 758 566 797 Dividendae
586 769 710 796 autem
729 758 859 795 suntin
871 769 1015 795 corona
1033 759 1111 795 ima
1131 759 1176 795 ad
1185 760 1506 809 perpendiculum.
1533 761 1759 811 Triglypho-

158 827 243 852 rum
260 816 297 852 &
308 814 352 852 ad
368 814 509 852 medias
522 824 693 864 metopas
713 815 855 851 viarum
868 813 1090 850 dircffiones
1102 842 1112 858 ,
1135 815 1172 850 ὅ(
1192 824 1385 864 guttarum
1403 815 1691 856 distributiones,
1706 818 1758 854 ita

159 873 213 908 uti
231 873 307 916 [m]
318 880 425 920 guttae
441 869 498 907 sex
516 871 554 906 in
574 870 849 918 longitudinem
863 898 873 914 ‚
889 880 962 906 tres
974 870 1013 905 in
1025 868 1258 907 latitudinem
1277 881 1449 920 pateant:
1470 872 1608 920 reliqua
1632 871 1756 922 spatia,
1771 880 1799 903 V·
1813 876 1873 904 abi-

159 926 267 975 quod
283 927 472 975 longiores
488 924 570 962 sunt
590 936 754 977 metopae
773 937 887 974 quam
907 925 1098 976 triglyphi,
1122 937 1211 976 pura
1223 927 1491 976 relinquantur,
1518 938 1580 964 aut
1600 927 1757 965 fulmina
1768 918 1890 946 ‘udinem‘

158 980 377 1032 scalpantur,
395 981 441 1019 ad
461 980 658 1031 ipsumque
677 991 851 1018 mentum
870 992 1025 1018 coronae
1045 981 1228 1018 incidatur
1245 983 1342 1019 linea
1361 995 1444 1031 quae
1460 983 1592 1019 Scotia
1611 982 1754 1021 dicitur.

159 1037 320 1086 Reliqua
331 1038 460 1075 omnia
472 1047 674 1087 tympana,
692 1035 788 1074 simae
801 1065 811 1081 ‚
830 1047 982 1073 coronae
996 1065 1006 1079 ‚
1028 1037 1357 1085 quemadmodum
1377 1038 1554 1089 scriptum
1573 1038 1622 1075 est
1641 1040 1679 1075 in
1697 1041 1757 1076 Io-
1772 1041 1887 1079 usupra

159 1094 262 1133 nicis,
282 1095 332 1130 ita
352 1092 600 1143 perficiantur.
637 1092 730 1129 Haec
749 1094 842 1128 ratio
862 1092 900 1129 in
913 1092 1090 1143 operibus
1105 1094 1171 1138 [η]
1195 1093 1367 1142 Diastylis
1384 1095 1453 1131 erit
1473 1093 1691 1131 constituta.
1723 1083 1898 1132 Siscmpmm.

159 1155 249 1186 vero
279 1151 359 1196 [o]
389 1146 549 1198 systylon
569 1147 606 1185 &
628 1146 978 1199 monotriglyphum
999 1158 1094 1200 opus
1114 1151 1182 1186 erit
1207 1147 1420 1187 faciendum
1439 1176 1448 1190 ‚
1480 1149 1586 1187 frons
1607 1149 1712 1196 aedis,
1737 1150 1764 1189 fi

1161 1206 1177 1241 Ι
1211 1220 1231 1243 2
1623 1208 1690 1257 [p]
1703 1216 1762 1244 te-

157 1295 199 1330 ih
207 1297 291 1325 Idem.
311 1299 394 1336 Μηξός
405 1298 504 1325 Graecis
512 1296 632 1336 parfiest',
651 1306 708 1335 qux
720 1295 734 1323 a
745 1296 891 1323 coxendice
903 1296 997 1334 incipit
1007 1295 1158 1327 acetabulo,
1169 1298 1194 1322 δε
1203 1293 1260 1322 finit
1272 1295 1305 1322 ad
1315 1305 1397 1334 genu.
1420 1297 1482 1332 Ejus
1493 1304 1578 1335 partes
1590 1296 1754 1323 exteriorem

193 1346 273 1375 atque
280 1337 532 1374 anterioremfemttr
542 1338 630 1365 Latini
641 1345 750 1368 vocant.
763 1336 920 1364 interiorem
932 1340 956 1364 ἃ,
966 1337 1137 1374 posteriorem
1145 1336 1241 1372 femen.
1264 1335 1469 1374 Metaphoricoes
1479 1338 1561 1376 igitur
1573 1337 1598 1364 in
1610 1336 1755 1376 triglyphis

192 1377 319 1406 dicuntur
329 1376 429 1406 femora
447 1379 530 1407 veluti
548 1379 613 1406 striae
624 1379 693 1405 inter
712 1377 871 1404 canaliculos
889 1376 921 1405 ad
932 1386 1032 1404 normae
1050 1376 1178 1415 angulum
1192 1385 1348 1406 excavatos.
1369 1376 1420 1405 five
1441 1377 1644 1416 protuberantes
1656 1386 1755 1414 partes,

192 1419 314 1446 Femoris
324 1420 396 1446 enim
405 1420 487 1447 ttius
499 1417 584 1446 forma
594 1440 600 1451 ‚
620 1419 659 1446 uti
668 1418 738 1446 ιεξὶε
751 1415 765 1444 a
778 1417 881 1445 Galeno
901 1417 948 1445 lib.
959 1417 991 1445 de
1001 1414 1088 1446 Offib.
1099 1417 1227 1445 traditum
1237 1417 1272 1444 est
1284 1437 1291 1449 ,
1309 1419 1441 1447 anteriore
1452 1420 1477 1446 in
1488 1426 1561 1457 parte
1572 1418 1757 1456 exterioreque

192 1457 285 1498 gibba,
296 1460 321 1486 in
332 1459 475 1497 posteriore
484 1460 661 1497 interioreque
670 1459 732 1486 sima
741 1458 790 1484 est.

160 1498 189 1532 k]
211 1499 294 1527 Idem.
317 1501 509 1538 Semimetopia
518 1499 693 1538 appellantur,
717 1498 790 1536 quod
799 1498 1000 1527 dimidiatarum
1011 1507 1180 1537 metoparum
1199 1498 1248 1526 fint
1258 1499 1331 1527 loco.
1350 1498 1415 1527 Non'
1426 1498 1497 1527 enim
1507 1508 1598 1527 earum
1609 1497 1761 1526 dimidiata-

193 1548 252 1567 rum
267 1561 272 1572 ,
285 1539 328 1568 sed
337 1538 566 1569 semimodulifere
576 1540 673 1568 habent
686 1536 895 1572 craffitudinem‚
904 1539 983 1578 idque
994 1549 1103 1578 propter
1113 1539 1180 1579 scapi
1189 1539 1284 1568 summi
1295 1541 1503 1572 contrasturam,
1515 1540 1547 1568 ad
1559 1540 1633 1574 cujus
1644 1538 1754 1577 respon—

194 1579 258 1607 dent
270 1581 499 1619 perpendiculum.

159 1619 182 1654 1]
212 1620 357 1649 Philander.
380 1621 409 1649 ld
419 1622 464 1654 est.
476 1631 585 1650 coronae
594 1621 743 1661 projestura
753 1620 870 1650 facienda
881 1621 917 1649 est
925 1631 957 1649 ex
965 1620 1076 1649 dimidia
1085 1629 1157 1660 parte
1169 1621 1283 1653 moduli⁷
1292 1630 1422 1660 quantum
1430 1619 1531 1648 scilicet
1540 1619 1592 1647 alta
1601 1620 1646 1652 est,
1658 1626 1687 1647 ut
1697 1617 1760 1646 sub-

192 1661 289 1701 jungit.
313 1664 343 1689 In
351 1671 406 1700 quo
417 1672 471 1690 non
483 1659 585 1701 poffum
595 1673 648 1690 non
660 1663 733 1691 valde
745 1663 833 1690 mirari
846 1682 853 1693 .
875 1661 938 1700 quid
947 1662 1046 1689 venerit
1057 1663 1084 1688 in
1096 1670 1214 1689 mentem
1224 1662 1381 1689 Architesto
1395 1660 1490 1688 theatri
1502 1660 1639 1690 Marcelli,
1652 1658 1698 1698 qui
1709 1668 1758 1686 co-

192 1711 286 1729 ronam
296 1703 437 1740 projecerit
454 1703 536 1741 duplo
553 1700 605 1731 fere
616 1705 701 1742 magis
712 1725 718 1734 ,
740 1712 821 1741 quam
832 1712 876 1740 par
885 1711 950 1730 erat.
971 1702 1002 1730 Id
1011 1710 1101 1730 tamen
1118 1702 1196 1730 video
1216 1711 1270 1730 uon
1280 1698 1438 1740 displicuisse
1455 1701 1594 1737 Sangallo,
1615 1701 1699 1738 quiin
1711 1708 1762 1727 ex·

193 1743 304 1770 truenda
313 1742 497 1771 Farnefiomm
507 1743 600 1775 domo,
611 1744 703 1770 eadem
713 1743 743 1770 fit
753 1742 810 1770 usus
822 1752 933 1770 cotona.

158 1783 199 1817 m]
219 1782 303 1809 Idem.
322 1785 388 1810 Sunt
398 1785 510 1811 omuino
520 1792 604 1822 guttae
617 1803 623 1813 ,
644 1793 702 1822 quae
713 1785 741 1811 in
751 1792 851 1811 corona
871 1783 924 1809 ima
935 1781 1083 1819 scalpuntur
1102 1781 1133 1810 ad
1143 1782 1306 1821 singulorum
1316 1781 1518 1823 triglyphorum
1531 1779 1760 1819 perpendiculum,

192 1822 287 1850 decern
297 1826 322 1850 ὅ(
333 1823 396 1851 osto
408 1844 415 1854 ,
427 1823 512 1863 figura
521 1823 629 1851 diversae
640 1825 715 1851 abiis
723 1845 730 1857 ‚
753 1833 811 1862 quae
819 1821 865 1850 sub
874 1822 1018 1862 triglyphis
1029 1823 1205 1861 propendent.
1223 1825 1295 1852 Nam
1305 1823 1343 1850 hae
1353 1820 1436 1850 afficti
1446 1823 1507 1850 coni
1518 1821 1569 1849 five
1581 1829 1659 1849 metae
1670 1819 1759 1860 figura*-

190 1860 385 1894 deformantur.
397 1863 446 1890 ille
457 1873 521 1890 vero
531 1864 563 1890 ad
571 1865 702 1891 circinum
715 1863 880 1902 propendent
892 1862 1038 1894 verticosa-⁸.
1050 1871 1078 1890 ut
1090 1863 1182 1890 inverti
1194 1862 1306 1891 turbinis
1318 1864 1400 1890 imam
1411 1872 1477 1900 pene
1489 1863 1628 1900 partemin
1638 1860 1754 1899 speciem

193 1901 307 1931 referant
317 1924 324 1933 .
343 1914 400 1942 qua:
411 1912 501 1931 tamen
510 1903 602 1931 sentim
613 1905 735 1931 imminui
747 1904 877 1931 videatur.
899 1903 983 1941 Atqui
993 1912 1056 1930 cum
1065 1911 1204 1942 guttarum
1215 1912 1288 1942 aquae
1303 1902 1414 1931 habeant
1424 1903 1573 1942 imaginem
1584 1923 1590 1933 ‚
1615 1901 1760 1940 oportebat

193 1942 297 1971 infimas
307 1952 478 1982 utrarumque
488 1953 572 1983 partes
583 1943 752 1982 sphaeroeides
763 1943 857 1971 habere
866 1940 980 1972 schema.
991 1943 1016 1970 id
1028 1943 1075 1973 est.
1085 1940 1135 1970 effe
1146 1943 1317 1971 orbiculatas.
1337 1948 1386 1971 Leo
1395 1943 1522 1970 Alhertm
1534 1942 1693 1970 existimavit
1705 1941 1763 1980 sup-

195 1984 339 2021 pendentes
350 1984 492 2023 triglyphis
503 1993 592 2024 guttas
602 1983 784 2021 repraesentare
795 1983 939 2011 claviculos
950 1983 992 2011 sex
1002 1980 1143 2011 subaffixos
1153 1984 1292 2024 tignorum
1310 1986 1446 2022 (quorum
1455 1983 1554 2012 resecta
1564 1984 1650 2021 capita
1660 1986 1683 2010 ἃ
1693 1981 1766 2019 super

196 2023 298 2051 trabem
316 2025 426 2060 trajcCta
447 2025 577 2064 triglyphi
594 2023 731 2059 referunt)
752 2024 952 2052 retinendorum
969 2024 1066 2064 gratia.
1091 2034 1123 2052 ne
1137 2025 1322 2063 regrediantur
1334 2023 1470 2052 introrsus.
1493 2024 1613 2061 Qidani
1625 2033 1671 2061 pro
1681 2022 1766 2061 guttis

194 2064 349 2102 scalpserunt
361 2086 367 2096 ,
384 2066 552 2104 campanolas
563 2065 776 2103 prominentibus
787 2064 894 2103 ropalis,
904 2064 929 2091 id
940 2065 975 2092 cst
983 2064 1122 2092 malleolis.
1151 2066 1181 2092 Id
1194 2075 1258 2093 vero
1265 2064 1288 2092 se
1299 2063 1385 2094 facere
1398 2065 1581 2103 Amiquorum
1592 2063 1715 2101 exemplo
1725 2063 1766 2089 di-

197 2104 303 2139 cebant,
315 2105 386 2144 quod
398 2114 502 2134 tantum
511 2106 591 2139 abest,
600 2106 718 2140 credam,
728 2114 757 2134 nt
769 2103 903 2133 affirmare
912 2105 1006 2136 ausim,
1018 2115 1105 2133 carere
1117 2104 1220 2144 prorsus
1228 2106 1342 2134 ratione.

530 2171 731 2209 Guttarum
743 2172 909 2210 Coronae
920 2174 956 2210 &
968 2172 1130 2222 Epistylii
1145 2173 1384 2210 deformatio.

164 2527 194 2559 a]
222 2525 305 2553 Idem.
320 2526 349 2554 Id
361 2528 405 2558 est.
416 2528 441 2555 in
452 2528 585 2566 operibus,
597 2538 712 2567 quorum
726 2528 938 2560 intercolumnia.
948 2540 1044 2569 praeter
1053 2531 1213 2564 medianum,
1223 2533 1295 2569 quod
1307 2534 1409 2562 carretis
1421 2533 1553 2572 patentius
1564 2533 1599 2560 est
1611 2554 1618 2565 ‚
1630 2531 1710 2559 trium
1721 2541 1772 2560 co-

205 2566 357 2593 lumnarum
368 2568 501 2596 habebunt
514 2569 696 2608 interpositam
704 2565 910 2601 craffitudinem,
923 2571 940 2598 fi
951 2572 1061 2610 quidem
1071 2573 1117 2603 ita,
1128 2582 1156 2601 ut
1165 2573 1212 2600 lib.
1222 2583 1272 2600 ιιι.
1284 2576 1386 2603 VitruV.
1398 2574 1515 2611 exposuit
1525 2594 1532 2604 ‚
1547 2573 1699 2611 accipimus.
1720 2572 1770 2600 Sed

205 2607 233 2633 in
245 2607 480 2646 triglyphorum&
491 2619 660 2648 metoparum
671 2609 854 2638 distributione
863 2610 913 2638 alia
924 2613 990 2640 ratio
1001 2611 1120 2641 habenda
1130 2613 1175 2641 est.
1194 2615 1263 2641 Nam
1273 2613 1347 2652 supra
1356 2616 1436 2643 trium
1448 2613 1632 2641 columnarum
1643 2614 1769 2640 interval-

206 2647 274 2679 lum,
285 2648 388 2692 additur
397 2651 669 2678 intercolumniorum
677 2651 845 2689 angularium
854 2652 977 2691 epistyliis
990 2654 1163 2688 (utdiximus)
1174 2655 1410 2687 se111imodu1us‚ur
1424 2656 1471 2682 lint
1484 2654 1585 2682 moduli
1597 2653 1637 2682 sex
1647 2657 1669 2682 S<
1681 2653 1769 2685 semis.

207 2697 270 2715 cum
281 2690 365 2726 iplum
376 2690 612 2718 intercolumnium
622 2690 715 2718 habeat
729 2691 850 2719 modulos
860 2701 964 2721 tantum
974 2695 1089 2732 quinque
1108 2699 1131 2722 3„-
1146 2695 1295 2722 dimidium.
1317 2699 1435 2724 Vocetur
1445 2705 1511 2731 ergo
1520 2705 1603 2734 genus
1614 2695 1664 2722 lioc
1675 2696 1773 2728 diasty-

206 2727 252 2755 lon
263 2729 458 2770 ditriglyphon.
477 2732 525 2759 Sed
537 2731 579 2760 hic
590 2731 782 2759 advertendum
795 2752 801 2763 ‚
819 2732 948 2771 diastylon
967 2738 992 2762 ἃ
1013 2734 1126 2773 systylon
1145 2745 1243 2763 nomen
1256 2735 1370 2763 nancisci
1382 2736 1395 2763 a
1405 2727 1505 2763 caetefis
1517 2745 1611 2773 praeter
1621 2735 1772 2763 medianum

206 2769 340 2808 epistyliis.
363 2772 520 2799 Medianum
532 2774 639 2800 enimin
652 2780 765 2810 utroque
774 2773 931 2811 araeostylon
942 2776 994 2802 est:
1016 2777 1114 2803 namin
1128 2775 1225 2814 systylo
1237 2775 1464 2816 monotriglypho
1485 2776 1562 2804 habet
1575 2771 1774 2804 crassitudinem

207 2808 391 2839 columnarum
402 2813 485 2840 trium
497 2815 520 2840 ἃ
531 2813 658 2844 dimidiae,
670 2813 697 2839 in
707 2813 817 2851 diastylo
828 2813 995 2854 ditriglypho
1006 2825 1119 2855 quatuor
1131 2820 1155 2844 ἃ
1167 2815 1253 2843 semis.
1393 2810 1398 2815 ”

171 2848 199 2881 0]
219 2848 299 2878 Idem.
320 2853 444 2891 Systylon
457 2855 563 2881 vocavit
575 2853 620 2881 lib.
634 2862 682 2881 111.
700 2854 773 2888 cnjus
794 2854 1030 2884 intercolumnium
1049 2865 1154 2884 tantum
1175 2865 1292 2894 pateret,
1311 2864 1440 2894 quantum
1454 2853 1542 2885 crass'ae
1551 2855 1633 2885 effent
1642 2857 1775 2884 columna:

205 2886 271 2916 duae.
287 2893 364 2920 Nunc
375 2903 455 2921 vocat
467 2893 583 2932 systylon
596 2893 859 2933 monotriglyphon,
877 2896 951 2931 cujus
970 2897 1324 2936 angulariaintercolumnia
1342 2906 1396 2924 non
1407 2896 1505 2926 liabent
1518 2899 1603 2937 plures
1624 2897 1777 2935 triglyphos

206 2937 284 2965 quarn
293 2939 382 2966 unum,
392 2944 473 2972 quem
482 2935 653 2963 circumstent
663 2943 778 2972 metopae
790 2935 856 2962 duae.
878 2936 1002 2975 Systylon
1013 2948 1076 2965 vero
1087 2947 1140 2964 non
1152 2937 1257 2975 proprie
1265 2937 1362 2965 dicitur
1372 2958 1379 2970 ,
1392 2938 1452 2976 quia
1462 2938 1476 2966 „i
1487 2939 1615 2966 columna
1626 2930 1777 2965 adnixum-

206 2977 268 2995 nam
277 2968 359 2999 solum
370 2974 405 3002 est
414 2975 494 3003 trium
506 2976 679 3003 modulorum
688 2975 867 3007 intervallum,
880 2977 951 3015 quod
959 2978 1108 3016 pycnostyli
1117 2978 1151 3005 est
1162 2977 1376 3016 proprium,cum
1385 2977 1500 3017 systylon
1513 2979 1543 3006 lit
1554 2988 1668 3017 quatuor
1677 2999 1683 3009 ‚
1696 2978 1776 3015 liqui-

206 3007 269 3037 dem
277 3008 354 3040 habet
364 3012 474 3052 spatium
484 3016 596 3046 duarum
605 3015 801 3046 columnarum.
823 3017 872 3046 Sed
879 3018 1107 3056 quemadmodum
1115 3018 1217 3048 nonita
1227 3018 1343 3048 multum
1353 3027 1413 3048 ante
1423 3040 1429 3054 ,
1441 3020 1680 3049 intercolumnium
1693 3018 1777 3044 inter-

1676 3065 1773 3096 pret-iti
