2023 3162
232 37 356 85 206⁰
616 36 1052 80 M.V1·rRuv11
1091 33 1453 74 penmonis

228 112 376 152 detibus
394 110 619 151 examinatio
631 118 777 160 reperta
788 136 798 153 ,
819 106 982 145 vindicat
992 104 1038 142 ab
1059 106 1253 156 iniquitate
1273 104 1370 153 justis
1383 102 1553 142 moribus
1563 105 1694 144 vitam.
1728 107 1824 147 Non

227 169 419 218 minusque
430 168 508 207 sunt
517 165 806 207 innumerabiles
817 161 1097 200 moderationes
1111 160 1438 200 machinationum
1447 189 1457 205 ,
1468 160 1514 197 de
1526 162 1660 210 quibus
1670 175 1748 201 non
1758 177 1825 202 ne-
1850 195 1856 200 .

229 226 322 264 ceffe
333 224 474 263 videtur
486 223 665 273 disputare
676 249 686 265 ,
706 220 892 269 quoniam
902 217 1033 255 suntad
1045 229 1201 255 manum
1213 217 1440 267 quotidianae
1452 241 1461 256 ,
1482 226 1523 253 ut
1531 216 1611 255 sunt
1621 229 1731 260 rotae,
1749 221 1824 273 [g]

230 281 338 320 folles
350 280 555 322 fabrorum,
567 276 701 320 rhedae,
713 272 780 321 [h]
792 273 887 313 cisia,
899 274 1223 323 torni,caeteraque
1234 286 1317 323 quae
1328 283 1552 311 communes
1563 272 1608 309 ad
1620 274 1722 313 usum
1732 287 1825 312 con-

231 337 480 375 suetudinibus
499 332 637 372 habent
657 331 956 382 opportunitates
969 359 977 366 .
1011 331 1139 381 ltaque
1162 331 1384 382 incipiemus
1413 328 1460 367 de
1481 327 1538 365 his
1557 340 1637 378 quae
1657 342 1741 370 raro
1762 326 1840 371 ve-'

231 395 339 432 niunt
350 392 394 430 ad
405 402 547 430 manus,
563 398 603 427 ut
612 397 704 425 nota
712 386 783 425 firit
793 416 804 434 ‚
821 387 1016 438 explicare.

897 492 1046 530 CAP.
1107 491 1161 530 11.

359 586 443 638 De
459 583 628 636 adium
638 583 900 659 sacrarum
918 622 926 636 ‚
947 578 1352 654 publicorumque
1377 596 1571 655 operum
1591 597 1697 631 ma-

776 658 1062 707 chinationibus
1084 660 1289 705 traHoriti.

230 784 531 866 PRiniumque
540 781 771 821 instituemus
784 779 829 818 de
841 782 911 827 his,
923 794 1008 831 quae
1019 779 1157 818 aedibus
1169 778 1274 817 sacris
1286 778 1332 816 ad
1342 790 1574 830 operumque
1584 778 1826 830 publicorum

295 839 562 891 perfestionem
573 836 790 876 necestitate
811 847 1096 887 comparantur:
1110 848 1190 885 quae
1200 835 1294 872 fiunt
1304 837 1354 872 ita
1368 849 1376 872 :
1388 836 1516 884 Tigna
1525 836 1592 872 tria
1604 834 1649 871 ad
1665 846 1830 872 onerum

231 894 532 947 magnitudinem
543 897 684 932 ratione
695 893 958 943 expediuntur,
983 895 1022 930 ὅτ.
1036 892 1086 941 [a]
1101 892 1121 928 a
1134 895 1254 942 capite
1273 888 1387 930 fibula
1400 890 1600 938 conjuncta
1612 916 1620 929 ,
1642 890 1680 927 ἃ
1697 891 1830 928 inimo

234 950 447 990 divaricata,
462 951 654 1000 eriguntur
674 949 823 986 funibus
834 952 872 986 in
893 945 1077 999 capitibus
1096 948 1308 988 collocatis,
1326 948 1364 985 &
1380 949 1423 984 iis
1434 949 1525 984 item
1538 948 1637 984 circa
1649 945 1833 996 dispositis

233 1008 354 1045 ereeta
365 1008 578 1044 retinentur.
612 1002 673 1052 [b]
694 1004 881 1053 Alligatur
900 1006 939 1041 iii
949 1002 1095 1041 summo
1117 1003 1306 1043 trochlea,
1328 1015 1444 1053 quam
1457 1004 1571 1040 etiarn
1590 1002 1767 1039 nonnulli
1778 1014 1833 1039 re-

235 1063 409 1100 chamum
420 1062 561 1099 dicunt.
591 1062 634 1098 In
645 1059 855 1098 troclileam
865 1059 1043 1098 induntur
1054 1060 1215 1097 orbiculi
1230 1060 1310 1097 duo
1322 1088 1331 1105 ‚
1343 1071 1407 1110 per
1416 1060 1585 1096 axiculos
1606 1056 1832 1096 versationes

232 1118 409 1156 habentes
423 1147 432 1162 ,
456 1128 522 1168 pet
532 1118 639 1163 cujus
657 1116 871 1154 orbiculum
883 1114 1075 1154 summurn
1092 1117 1269 1163 trajicitur
1279 1115 1465 1153 ductarius
1479 1114 1600 1152 funis:
1622 1114 1756 1151 deinde
1769 1112 1834 1151 de-

233 1175 392 1212 mittitur
411 1175 448 1210 &
469 1172 675 1210 traducitur
692 1173 791 1209 circa
800 1173 963 1210 orbiculi
974 1173 1097 1209 imum
1113 1172 1291 1210 trochleae
1310 1171 1516 1219 inferioris3
1537 1169 1689 1208 refertur
1705 1179 1835 1208 autem

234 1231 281 1267 ad
294 1229 509 1268 orbiculum
529 1230 649 1266 imum
669 1227 846 1265 trochleae
864 1227 1076 1278 superioris,
1099 1229 1197 1266 &ita
1216 1227 1403 1265 descendit
1423 1227 1469 1263 ad
1486 1225 1724 1269 inferiorem,
1744 1227 1832 1263 &in

233 1286 419 1324 foramine
439 1286 519 1332 ejus
532 1294 643 1337 caput
655 1283 751 1321 furiis
772 1284 956 1333 religatur.
989 1283 1117 1321 Altera
1139 1295 1219 1336 pars
1239 1283 1338 1321 funis
1358 1282 1511 1320 refertur
1529 1282 1624 1319 inter
1645 1283 1738 1319 imas
1753 1292 1836 1319 ma-

235 1342 355 1379 chinae
364 1351 497 1391 partes.
528 1342 569 1377 In
586 1340 733 1391 quadris
744 1351 867 1378 autem
888 1341 1082 1390 tignorum
1103 1339 1390 1390 posterioribus,
1409 1338 1581 1390 quoloci
1599 1336 1682 1375 sunt
1702 1336 1835 1376 divari-

234 1404 337 1437 cata,
358 1396 524 1447 figuntur
535 1399 594 1444 [c]
607 1396 779 1435 chelonia
791 1426 801 1444 ‚
819 1398 858 1434 in
868 1408 948 1446 quae
961 1397 1211 1443 conjiciuntur
1230 1394 1447 1435 sucularum
1463 1395 1584 1446 capita
1595 1419 1604 1435 ,
1629 1402 1669 1430 ut
1679 1392 1833 1431 faciliter

1746 1460 1832 1486 axes

523 1549 581 1576 ET
612 1550 993 1579 DISPOSITIONIS
1024 1552 1104 1578 SVB
1135 1549 1311 1577 GLADiI
1343 1548 1392 1575 PE

523 1601 713 1629 R1CVL0
746 1603 1004 1632 PERPETVO
1037 1597 1331 1632 CVSTODIEN

531 1652 592 1679 DA
625 1652 918 1683 MANDATVR.

227 1707 260 1742 g]
291 1706 375 1734 Idem.
395 1705 543 1735 Fabrorum
553 1703 631 1736 folles
643 1729 649 1741 ,
666 1707 761 1747 quibus
772 1709 799 1736 in
806 1706 960 1739 fornacibus
969 1713 993 1739 8<
1004 1708 1114 1737 caminis
1125 1717 1238 1739 utuntur
1248 1707 1392 1737 excitando
1401 1708 1468 1748 igni,
1481 1704 1604 1746 expreffit
1613 1706 1710 1747 Virgil.
1720 1704 1831 1735 Aeneid-

278 1744 324 1773 lib.
333 1756 401 1775 vui.

674 1805 758 1814 -—
780 1791 839 1819 Alii
850 1790 958 1830 ventosis
972 1790 1078 1828 foHibus
1086 1799 1165 1818 amaa⁸

605 1833 741 1868 Accipiunt
752 1831 920 1871 redduntque.
942 1845 1025 1854 —-—
1701 1866 1707 1872 ,

229 1867 260 1901 h]
288 1866 372 1895 Idem.
392 1870 493 1898 Cifium
504 1869 619 1898 vehiculi
634 1871 716 1898 biroti
726 1881 811 1910 genus
826 1882 920 1901 autore
930 1873 1024 1900 Nonio
1041 1871 1183 1902 Marcello·
1205 1871 1297 1899 Vtitur
1313 1871 1411 1899 Cicero
1427 1878 1476 1908 pro
1494 1866 1595 1897 Roscio
1615 1869 1755 1896 Amerino.
1776 1871 1832 1898 De-

272 1917 335 1937 cem,
346 1909 393 1941 ait,
405 1909 471 1937 horis
480 1911 604 1937 naflumia
616 1911 663 1946 sex
675 1908 707 1941 ὅ
716 1914 908 1949 quinquaginta
918 1913 998 1939 millia
1007 1913 1122 1949 paffimm
1134 1910 1196 1947 mstis
1208 1911 1366 1947 pervolavit.

101 1965 164 1998 Cap.
179 1969 215 1991 11.
234 1961 264 1995 a]
292 1959 439 1988 Philander.
459 1961 590 1989 Posterior
601 1963 742 2000 praepofito
751 1961 877 1990 abundat.
900 1962 1053 2003 (legebatur
1064 1963 1135 1991 enim
1147 1961 1162 1990 a
1172 1963 1258 2001 capite
1269 1962 1284 1990 ,i
1302 1961 1384 1991 fibula
1394 1961 1551 1997 conjunfta)
1572 1962 1698 2001 quocirca
1708 1961 1835 1990 tollenda,

274 2001 319 2029 Est
327 2009 416 2028 autem
426 2000 516 2033 fibula,
525 2010 604 2040 quarn
615 2003 703 2030 Graeci
715 2001 810 2037 ωὲόνίω
822 2012 920 2031 vocant
935 2023 941 2035 ‚
964 2003 1047 2035 veluti
1057 2002 1174 2030 axicultis
1184 2023 1190 2035 ‚
1201 2001 1450 2036 livcsubscudicula,
1459 2011 1503 2030 aut
1513 2002 1656 2031 claviculus
1669 2024 1676 2033 ,
1695 2012 1750 2041 quo
1760 2004 1835 2037 traji-

277 2041 385 2069 ciuntur
392 2043 533 2080 tignorum
545 2043 639 2081 capita,
652 2051 680 2070 ut
695 2043 756 2071 duci
767 2039 866 2081 possint
878 2064 884 2076 ‚
904 2053 960 2082 quo
971 2043 1031 2070 imae
1042 2052 1127 2082 partes
1138 2043 1327 2071 divaricentur.
1349 2043 1441 2071 Fibula
1451 2043 1532 2070 etiam
1544 2044 1569 2070 in
1580 2043 1694 2083 cingulis
1705 2043 1838 2083 intelligi-

279 2086 340 2112 tum
360 2083 468 2116 trajcc‘ta
478 2084 549 2110 enim
559 2093 604 2121 per
612 2083 738 2111 annulum
749 2093 805 2122 pars
815 2083 895 2112 fibula
906 2084 1046 2111 retinetur.
1067 2084 1175 2112 Dicitur
1186 2088 1209 2112 &
1226 2082 1306 2111 fibula
1320 2084 1468 2111 uncinellus
1479 2104 1485 2115 ,
1504 2093 1558 2121 quo
1568 2081 1688 2112 fctminae
1705 2084 1837 2122 posterio-

279 2132 336 2150 rem
347 2123 444 2150 vestem
463 2122 630 2152 subnectunt.
652 2123 746 2152 Fibula
764 2125 830 2152 item
843 2125 898 2152 usui
913 2122 964 2152 fuit
982 2124 1014 2152 ad
1025 2125 1222 2162 reprimendum
1243 2126 1359 2152 coitum.
1380 2124 1456 2151 Vnde
1474 2123 1563 2151 scribit
1584 2124 1726 2152 Cornelius
1744 2123 1837 2153 Celsus

278 2163 324 2190 lib.
336 2172 389 2190 vii.
400 2172 457 2202 cap.
468 2173 508 2198 ις.
521 2163 733 2192 adolescentulos
744 2163 876 2192 infibulati
893 2165 986 2192 solitos
997 2185 1003 2194 .
1017 2164 1152 2192 interdum
1164 2165 1238 2193 vocis
1250 2186 1256 2196 ,
1274 2165 1408 2193 interdum
1419 2164 1578 2193 valetudinis
1588 2164 1672 2193 causa.
1692 2165 1755 2200 Ejus
1766 2164 1834 2193 lianc

278 2200 355 2231 fuiffe
366 2205 497 2232 rationem
508 2214 514 2231 :
525 2206 675 2244 Cutis‚quae
684 2204 758 2243 super
768 2205 893 2244 glandem
902 2204 1152 2238 est‚extendebatur,
1164 2205 1334 2244 notabaturq;
1349 2205 1441 2244 utrisq;
1454 2205 1579 2237 lateribus
1588 2214 1749 2237 atramento,
1760 2206 1837 2233 dein-

279 2240 311 2270 ἀὲ
324 2245 518 2273 remittebatur.
536 2247 562 2273 Si
572 2245 648 2285 glans
660 2245 674 2273 a
686 2247 754 2273 notis
770 2245 853 2273 libera
863 2254 918 2274 erat
930 2267 937 2278 ,
949 2255 1002 2284 qua
1013 2254 1084 2273 notae
1095 2254 1168 2274 erant
1180 2267 1186 2278 ,
1206 2247 1274 2274 cutis
1284 2256 1333 2274 acu
1345 2245 1420 2274 filum
1437 2247 1552 2274 ducente
1567 2245 1834 2280 transverberabatur,

279 2283 386 2322 ejusque
397 2283 432 2312 fili
446 2286 531 2324 capita
540 2287 609 2314 inter
619 2285 644 2314 se
655 2286 841 2326 deligabantur
853 2308 859 2319 ‚
879 2287 1055 2326 quotidieque
1066 2287 1091 2314 id
1103 2285 1262 2315 movebatur
1273 2308 1279 2319 ‚
1294 2287 1380 2315 donec
1393 2287 1462 2314 circa
1473 2285 1604 2314 foramina
1615 2286 1774 2315 cicatriculae
1786 2285 1836 2315 fie-

278 2334 347 2352 rent.
369 2325 421 2352 Hae
433 2325 477 2353 ubi
488 2325 652 2355 confirmata:
662 2336 736 2355 erant
749 2348 755 2359 ,
772 2336 899 2366 exempto
909 2326 954 2355 filo
967 2326 1048 2356 fibula
1059 2327 1212 2356 addebatur.
1236 2326 1466 2362 Ejusmodifibulae
1477 2328 1579 2355 mentio
1589 2328 1623 2355 est
1633 2327 1701 2366 apud
1720 2328 1834 2356 Iuvena-

274 2365 330 2396 lem
341 2368 364 2393 Sc
377 2366 531 2394 Martialem
543 2377 595 2395 uon
605 2368 693 2399 semel,
703 2368 748 2406 qui
759 2367 897 2396 rchbulare
906 2368 972 2396 dixit
986 2389 992 2400 ,
1013 2378 1062 2406 pro
1073 2367 1183 2396 fibulam
1194 2367 1304 2400 salvere,
1316 2369 1540 2408 Epigrammaton
1551 2368 1596 2396 lib.
1608 2378 1645 2395 ix.

621 2408 704 2443 Cujm
714 2408 865 2444 refibulavit
875 2409 1009 2445 turgidum
1019 2408 1098 2445 saber
1105 2417 1202 2447 penem.

282 2447 319 2474 Ea
332 2447 540 2475 machinahodie
551 2456 663 2476 utuntur
674 2458 770 2481 nautae,
781 2459 887 2488 capram
901 2458 1038 2477 vocantes.

238 2487 268 2522 b]
299 2488 382 2516 Ideni.
403 2487 539 2516 Troclilca
548 2510 554 2521 ,
573 2489 624 2516 five
635 2489 764 2517 trochalia
776 2511 782 2522 ‚
795 2499 839 2518 aut
849 2489 1003 2518 rechamum
1014 2490 1094 2522 dicas,
1104 2489 1225 2519 trastorii
1234 2489 1339 2528 generis
1350 2489 1385 2518 est
1397 2488 1528 2520 machina,
1541 2498 1603 2518 cum
1612 2499 1680 2518 aeteo
1689 2499 1734 2519 aut
1743 2490 1835 2532 ligneo

285 2528 407 2557 orbiculo
418 2550 424 2561 ,
439 2529 484 2568 qui
496 2539 541 2567 per
551 2530 685 2557 axiculum
693 2529 809 2558 versatur
819 2552 825 2563 ,
845 2531 958 2566 trajefto
969 2529 1031 2559 fune
1041 2532 1171 2560 duetario.
1194 2533 1301 2558 Vtimur
1309 2531 1390 2558 etiam
1411 2529 1553 2559 haurienda
1562 2529 1576 2558 ὲ
1589 2532 1674 2569 puteis
1684 2541 1750 2570 aqua
1758 2553 1764 2565 ‚
1782 2542 1834 2570 po-

280 2569 345 2597 liam
356 2570 439 2609 vulgo
452 2579 588 2601 vocantes.
609 2572 772 2609 Qanquam
781 2574 804 2598 St
814 2570 905 2599 adhoc
919 2571 1000 2609 ipsum
1011 2572 1156 2599 tollenonis
1165 2570 1221 2599 usus
1230 2570 1274 2600 est,
1287 2571 1395 2599 alteram
1403 2580 1504 2609 partem
1516 2580 1698 2612 praegravante
1707 2572 1835 2610 pondere,

279 2619 307 2637 ut
317 2611 353 2638 est
363 2610 431 2649 apud
441 2613 551 2639 Sextum
562 2612 731 2649 Pompeium.
751 2611 828 2638 Fiunt
842 2622 905 2639 vero
917 2612 1045 2640 trochleae
1055 2613 1163 2640 auctore
1174 2611 1275 2639 llidoro
1287 2611 1446 2651 Etymolog.
1456 2612 1502 2640 lib.
1513 2622 1570 2640 Xix.
1582 2622 1639 2651 cap.
1653 2622 1687 2640 11.
1700 2612 1731 2640 ad
1743 2612 1834 2641 {imili-

279 2651 400 2679 tudinem
412 2657 436 2679 Θ
447 2652 543 2679 litterae
556 2654 656 2679 Graecae
667 2653 777 2682 ostavas,
788 2652 966 2691 dicunturque
978 2651 992 2680 a
1004 2653 1106 2680 trocliis
1119 2674 1126 2685 ,
1144 2653 1169 2680 id
1180 2653 1213 2680 ess
1227 2652 1331 2680 rotulis.

239 2691 265 2723 c]
302 2690 384 2719 Idem.
408 2691 541 2720 Clieloiiia
551 2691 608 2720 sunt
621 2692 701 2721 veluti
714 2692 843 2725 umbilici,
858 2702 902 2720 aut
915 2693 989 2725 anst,
1001 2703 1058 2731 qua:
1069 2694 1262 2732 appinguntur,
1279 2693 1304 2721 id
1316 2693 1351 2721 est
1363 2690 1512 2732 affiguntur
1523 2692 1680 2723 arrestarii’s,
1691 2692 1717 2720 in
1729 2692 1835 2731 quibus,

281 2740 329 2758 ceu
340 2732 366 2758 in
377 2732 496 2764 armillis,
506 2732 654 2761 sucularum
666 2734 784 2761 cardines
797 2732 945 2765 versantur,
957 2743 1037 2772 atque
1046 2735 1111 2762 :ideo
1122 2734 1179 2772 ipsae
1191 2741 1266 2761 rotae.
1279 2734 1357 2762 Dicta
1367 2744 1430 2761 vero
1439 2733 1498 2762 sunt
1509 2733 1630 2761 chelonia
1641 2731 1654 2760 ,i
1664 2733 1836 2762 similitudine

281 2773 432 2810 tegumenti
443 2774 577 2801 testudinis
589 2774 707 2801 animalis
718 2795 724 2805 ,
747 2783 804 2812 quae
814 2774 1011 2812 95201'2127Graece
1022 2775 1122 2802 dicitur
1135 2795 1141 2807 ,
1159 2775 1243 2814 vulgo
1253 2783 1343 2802 tortua
1353 2795 1360 2807 ,
1381 2778 1406 2802 &
1422 2773 1473 2813 ipsa
1482 2774 1545 2802 testa
1555 2770 1622 2812 χελό
1622 2786 1672 2799 vvvvv
1693 2774 1735 2801 Est
1745 2782 1836 2803 autem

279 2812 366 2839 sucula
377 2813 502 2841 traCtoria
513 2813 643 2845 machina,
655 2815 680 2842 id
689 2814 724 2842 cst
735 2816 789 2842 axis
802 2835 808 2844 ,
819 2815 923 2843 duobus
935 2816 1018 2856 tignis
1028 2815 1185 2843 incumbens
1194 2837 1200 2846 .
1220 2815 1336 2850 trajectis
1349 2816 1472 2853 utrinque
1482 2815 1604 2852 proxime
1620 2812 1739 2842 cardines
1751 2815 1838 2843 vessti„

279 2850 326 2879 bus
338 2862 401 2883 uno,
413 2852 532 2885 duobus,
548 2854 698 2891 pluribusve
709 2869 715 2885 ς
730 2855 907 2890 <Aristoteles
919 2851 1093 2884 mcclianical'n
1105 2857 1248 2895 quasstione
1260 2865 1328 2883 xxii.
1352 2864 1430 2883 vocat
1442 2854 1584 2888 κόλλοπας)
1606 2854 1699 2891 quibus
1710 2855 1774 2882 dum
1783 2856 1837 2883 cir-

278 2894 440 2931 cumagitur,
452 2902 481 2921 ut
492 2895 645 2927 manubriis,
655 2895 804 2924 dustuarius
817 2896 848 2924 ad
857 2906 914 2924 eam
927 2896 1053 2936 religatus
1065 2894 1145 2928 furiis,
1156 2906 1201 2934 pei*
1213 2895 1349 2928 trochleae‚
1359 2895 1376 2922 li
1385 2895 1452 2923 adest
1466 2894 1507 2929 (fit
1517 2895 1589 2922 enim
1602 2898 1625 2922 ἃ
1639 2894 1690 2922 fine
1701 2895 1834 2931 trochlea)

280 2933 431 2962 orbiculum
451 2944 558 2963 currens
571 2955 578 2969 ,
592 2935 765 2969 obvolvitur,
785 2945 863 2976 atque
884 2938 922 2966 ita
939 2936 1108 2967 sublevantur
1124 2946 1167 2965 aut
1188 2937 1372 2977 deprimuntur
1393 2945 1481 2965 onera.
1503 2933 1635 2964 chelonia
1645 2944 1733 2964 autem
1743 2957 1749 2969 ‚
1770 2945 1798 2964 ut
1809 2936 1837 2963 id

1729 2986 1837 3016 quoquc
