2023 3162
464 105 1050 146 nzAchvri-:crvna
1106 103 1381 153 L113.V111.
1637 120 1705 157 171

134 186 217 214 mus
227 171 466 225 expressionis
486 173 531 211 ad
544 172 704 211 eundem
715 171 874 210 modum
893 182 1193 222 coagmentetur.
1224 173 1280 210 Ita
1296 174 1427 212 librata
1444 175 1592 226 planitia
1603 176 1712 215 tubu-

132 233 260 269 lorum
277 242 320 268 ac
341 228 510 267 decursus
523 232 560 267 ὅ(
572 227 813 279 expressionis
825 256 835 272 ,
849 238 927 264 non
939 228 1150 265 extolletur.
1180 229 1356 278 Namque
1366 230 1564 269 vehemens
1572 232 1714 281 spiritus

132 289 169 325 in
181 286 458 335 aqu-'eductione
469 285 561 322 solet
572 283 665 322 nasci
679 313 689 328 ,
708 284 755 321 ita
764 293 804 321 ut
814 283 924 320 etiam
941 283 1020 320 saxa
1029 294 1266 335 perrumpat,
1287 285 1351 322 nisi
1360 288 1524 336 primum
1537 289 1664 324 leniter
1676 287 1714 325 &

132 353 244 393 parce
264 341 284 377 a
296 344 414 393 capite
432 351 527 390 aqua
538 341 774 383 immittatur,
793 341 830 376 δε
848 340 886 375 in
897 340 1076 388 geniculis
1091 349 1153 377 aut
1173 340 1342 380 versuris,
1361 343 1635 392 alligationibus
1651 352 1714 380 aut

134 397 302 449 pondere
324 397 416 445 [aa]
436 396 566 434 saburae
586 397 839 432 contineatur:
856 395 994 444 reliqua
1014 397 1144 433 omnia
1163 398 1216 432 uti
1234 395 1361 434 fistulis
1372 397 1557 449 plumbeis
1574 400 1623 435 ita
1633 397 1714 436 sunt

135 452 373 491 collocanda.
405 448 481 498 [bb]
501 452 595 489 Item
614 463 700 488 eum
719 452 842 500 primo
864 461 959 500 aqua
980 449 1000 486 a
1018 452 1137 502 capite
1153 452 1384 492 immittitur,
1407 463 1490 492 aute
1508 453 1630 492 favilla
1646 455 1716 490 im-

135 511 322 549 mittetur,
338 509 390 545 uti
401 517 641 555 coagmenta,
655 505 679 542 fi
690 518 760 554 qua
771 505 849 543 sunt
860 517 937 543 non
948 505 1064 542 oblita
1077 534 1087 550 ‚
1096 506 1218 544 favilla
1229 508 1461 547 oblinantur.
1493 509 1644 547 Habent
1654 522 1718 547 au-

136 574 213 601 tem
225 564 442 602 tubulorum
453 563 646 600 duffiones
658 572 700 598 ea
719 561 935 598 commoda.
954 562 1118 598 Primum
1128 563 1167 598 in
1176 574 1299 612 opere,
1313 565 1419 612 quod
1431 564 1456 601 si
1466 565 1571 614 quod
1582 567 1716 603 vitium

135 619 274 658 faCtum
286 619 392 656 fuerit
402 647 412 663 ‚
423 618 577 667 quilibet
586 618 622 654 id
632 617 754 669 potest
764 616 931 654 reficere:
948 618 1132 666 etiamque
1144 619 1271 655 multo
1281 619 1456 658 salubrior
1467 621 1515 657 est
1527 633 1570 658 ex
1579 621 1717 658 tubulis

124 688 252 725 vaqua,
266 687 383 724 «quarn
392 686 456 723 per
467 672 621 710 fistulas:
641 673 744 722 quod
756 684 818 722 per
829 671 1024 722 plumbum
1040 673 1188 710 videtur
1204 673 1272 711 effe
1289 675 1374 712 ideo
1386 677 1514 714 vitiosa
1526 706 1534 720 ‚
1557 676 1661 725 quod
1671 688 1716 714 ex

138 744 186 768 eo
206 729 336 768 cerussa
358 727 531 766 nascitur:
562 728 638 766 haec
662 738 787 765 autem
809 728 943 764 dicitur
960 726 1027 763 ess'e
1047 739 1192 765 nocens
1214 732 1434 780 corporibus
1456 731 1645 770 humanis:
1666 733 1717 770 ita

138 787 185 826 fi,
212 786 315 836 quod
327 798 370 823 ex
388 797 434 821 eo
453 794 668 834 procreatur
680 810 688 822 ‚
709 783 806 820 idest
823 781 1016 823 vitiosum,
1038 794 1117 820 non
1135 782 1184 819 est
1195 785 1369 824 dubium,
1391 788 1478 834 quin
1492 786 1606 836 ipsum
1625 800 1721 837 quo,

137 854 213 892 que
233 854 310 878 non
329 840 369 878 sit
387 842 458 886 [cc]
476 839 626 877 salubre.
658 839 854 889 Exemplar
873 847 999 876 autem
1017 837 1062 875 ab
1080 838 1278 876 artificibus
1289 841 1506 891 plumbariis
1528 842 1718 892 poss'umus

137 900 320 949 accipere,
343 895 448 945 quod
466 896 666 946 palloribus
685 904 899 945 occupatos
917 893 1055 931 habent
1074 897 1243 944 corporis
1255 896 1415 933 colores.
1450 898 1622 947 Namque
1634 912 1721 937 cum

138 953 330 990 fundendo
349 954 386 989 ὅ(
406 952 604 1001 plumbum
624 951 750 994 flatur,
767 961 885 1000 vapor
901 961 946 987 ex
967 961 1014 986 co
1025 949 1182 1003 insidens
1195 952 1363 1002 corporis
1385 963 1481 990 artus
1494 981 1503 996 ‚
1526 955 1564 990 ἃ
1585 955 1622 989 in
1642 955 1720 992 dies

140 1019 295 1046 exurens
308 1033 316 1046 ‚
340 1009 444 1057 eripit
464 1019 507 1043 ex
529 1007 706 1044 membris
726 1018 857 1043 eorum
876 1005 1058 1054 sanguinis
1076 1007 1242 1045 virtutes.
1271 1010 1397 1056 ltaque
1418 1009 1576 1046 minime
1597 1009 1721 1047 fistulis

140 1063 322 1116 plumbeis
342 1074 436 1112 aqua
449 1063 537 1099 duci
556 1062 697 1100 videtur
709 1087 717 1100 ,
739 1060 950 1098 fivolumus
961 1072 1044 1098 eam
1063 1060 1196 1100 habere
1209 1063 1398 1101 salubrem.
1434 1065 1614 1114 Saporem
1627 1077 1724 1115 quo-

140 1132 212 1169 que
225 1120 419 1156 meliorem
431 1131 474 1155 ex
494 1118 628 1156 tubulis
649 1117 734 1156 effe,
759 1117 999 1166 quotidianus
1010 1118 1128 1168 potest
1139 1119 1302 1156 indicare
1311 1119 1427 1157 vietus
1441 1145 1449 1158 ‚
1471 1120 1578 1169 quod
1588 1133 1724 1158 omnes

141 1175 320 1214 extruuas
340 1186 426 1212 cum
447 1174 603 1212 habeant
614 1173 786 1211 vasorum
806 1183 1071 1221 argenteorum
1084 1170 1172 1225 [dd]
1192 1175 1354 1220 mensas,
1377 1185 1501 1212 tamen
1512 1187 1663 1226 propter
1674 1177 1724 1214 sa-

141 1231 243 1283 poris
260 1232 506 1280 integritatem
519 1229 687 1268 fiCtilibus
700 1239 861 1266 utuntur.
893 1230 957 1266 Sin
976 1239 1101 1266 autem
1118 1230 1243 1268 fontes
1255 1243 1332 1268 non
1344 1230 1424 1268 sunt
1435 1260 1445 1275 ‚
1469 1232 1565 1268 unde
1577 1233 1725 1270 duffio-

141 1298 205 1324 nes
217 1298 392 1336 aquarum
401 1285 575 1324 faciamus
585 1315 595 1330 ‚
622 1285 763 1323 necesse
774 1284 824 1323 est
835 1295 967 1336 puteos
979 1284 1118 1323 fodere.
1150 1286 1188 1323 In
1198 1297 1398 1336 puteorum
1409 1297 1537 1325 autem
1555 1287 1726 1325 fossioni-

142 1342 212 1379 bus
230 1354 309 1379 non
333 1341 382 1378 est
399 1343 672 1380 contemnenda
689 1343 784 1378 ratio
795 1367 803 1381 ‚
834 1341 894 1378 sed
911 1340 1143 1378 acuminibus
1161 1341 1380 1393 solertiaque
1396 1355 1528 1393 magna
1544 1346 1725 1381 naturales

143 1409 266 1435 rerum
277 1398 432 1434 rationes
444 1397 713 1435 confiderandae
727 1427 737 1442 ‚
751 1397 856 1446 quod
866 1396 976 1434 habet
986 1397 1102 1435 multa
1112 1400 1285 1449 variaque
1296 1401 1438 1437 terrain
1449 1401 1482 1436 se
1492 1412 1633 1449 genera.
1663 1399 1724 1437 Est

142 1455 265 1493 enim,
292 1455 344 1490 uti
355 1454 499 1502 reliquae
509 1466 564 1490 res
577 1483 587 1499 ‚
609 1467 654 1492 ex
665 1465 825 1503 quatuor
835 1454 1022 1504 principiis
1033 1453 1250 1505 composita.
1281 1456 1327 1493 Et
1338 1457 1500 1506 primum
1511 1455 1560 1492 cst
1571 1454 1642 1505 ipsa
1651 1466 1725 1492 ter-

143 1520 250 1548 rena,
266 1508 450 1558 habetque
461 1522 503 1546 ex
515 1509 669 1547 humore
680 1522 783 1559 aquae
793 1508 927 1546 fontes.
962 1510 1057 1546 Item
1068 1511 1208 1547 calores
1219 1540 1229 1555 ‚
1242 1512 1342 1549 unde
1352 1512 1463 1548 etiarn
1474 1510 1631 1562 sulphur,
1645 1512 1726 1548 alu-

142 1576 228 1601 men
241 1594 251 1609 ,
269 1565 436 1602 bitumen
448 1565 626 1602 nascitur:
645 1566 810 1614 aerisque
821 1563 1171 1615 spiritusimrnanes5
1194 1569 1356 1615 quicum
1369 1579 1514 1617 graves,
1539 1578 1602 1616 per
1613 1569 1729 1604 inter-

144 1622 250 1658 venia
270 1620 424 1657 fistulosa
442 1632 564 1660 terrae,
584 1623 798 1672 perveniunt
816 1620 860 1657 ad
871 1618 1075 1658 fossionem
1091 1633 1311 1671 puteorum,
1333 1624 1435 1660 &ibi
1455 1624 1532 1668 [ee]
1551 1622 1728 1661 homines

145 1674 340 1713 offendunt
352 1676 535 1714 fodientes
549 1706 558 1721 ‚
580 1677 880 1726 naturalivapore
890 1677 1069 1714 obturant
1079 1679 1114 1714 in
1126 1689 1261 1715 eorum
1275 1677 1422 1715 naribus
1434 1677 1575 1727 spiritus
1592 1679 1729 1716 anima-

144 1731 216 1767 les:
236 1734 285 1767 ita
307 1733 373 1780 qui
391 1744 471 1769 non
490 1734 642 1770 celerius
662 1732 746 1770 inde
765 1729 967 1780 effugiunt,
987 1732 1039 1768 ibi
1050 1733 1320 1771 interimuntur.
1351 1734 1438 1770 Hoc
1457 1744 1580 1770 autem
1592 1733 1728 1783 quibus

145 1788 349 1823 rationibus
369 1798 561 1832 caveatur,
582 1787 631 1825 fic
650 1789 716 1825 erit
735 1786 967 1824 faciundum.
996 1787 1170 1825 Lucerna
1189 1789 1339 1843 aceensa
1358 1789 1582 1827 demittatur,
1610 1799 1689 1837 quae
1702 1787 1730 1826 fi

144 1841 378 1892 permanserit
394 1843 540 1882 ardens,
568 1843 641 1880 sine
660 1844 827 1893 periculo
848 1842 1098 1880 descendetur.
1131 1844 1194 1881 Sin
1215 1855 1339 1882 autem
1357 1844 1528 1894 eripietur
1546 1845 1672 1880 lumen
1692 1846 1729 1882 vi

143 1899 286 1947 vaporis
300 1926 309 1940 ‚
327 1907 415 1934 tune
435 1896 633 1936 secundum
651 1909 804 1949 puteum
826 1898 952 1934 dextra
972 1910 1016 1935 ac
1037 1898 1170 1936 sinistra
1189 1899 1424 1936 defodiantur
1438 1897 1536 1951 [ff]
1554 1898 1726 1940 aestuaria,

145 1954 195 1990 ita
212 1954 550 2002 (quemadmodum
564 1966 629 2004 per
640 1954 761 2001 nares)
779 1953 919 2003 spiritus
932 1965 976 1990 ex
985 1953 1152 1992 aestuariis
1165 1954 1441 2006 dissipabuntur.
1475 1955 1576 1992 Cum
1588 1955 1666 1992 haec
1677 1955 1726 1992 sic

443 2023 446 2024 ⁷
1080 2010 1115 2046 Y
1147 2025 1168 2049 2.
1612 2012 1728 2061 expli-

155 2079 1545 2090 Ἣ

149 2108 166 2125 a
175 2100 204 2133 a]
237 2099 380 2129 Philander.
404 2103 513 2132 Saburra
524 2105 549 2132 id
560 2114 642 2145 genus
654 2115 736 2134 arenae
745 2105 789 2139 est,
802 2115 855 2145 quo
866 2115 944 2134 naves
953 2107 1054 2134 onerari
1064 2105 1147 2135 solent
1161 2128 1167 2141 ,
1180 2117 1208 2136 ut
1217 2107 1332 2143 jactante
1343 2108 1425 2136 fluffilu
1434 2105 1577 2135 stabulm&
1587 2103 1645 2132 5¹³²·
1665 2105 1729 2133 Vis·

189 2139 267 2179 gilius
280 2143 451 2180 Georgiconr
464 2155 487 2172 v.

804 2201 886 2222 7—-
908 2189 968 2222 Saepe
983 2185 1077 2221 lapillos

568 2229 601 2252 Π
619 2226 705 2263 cymba
725 2225 849 2260 instabzles
865 2224 945 2261 flufft'u
957 2227 1079 2262 jactante
1089 2225 1232 2261 fizburram

566 2266 695 2293 Tam-mn„
716 2280 799 2288 -—-·

152 2303 167 2330 b
178 2303 205 2338 b]
239 2303 323 2330 Idem.
349 2302 410 2330 Hoc
419 2305 498 2330 eriam
507 2304 633 2332 Palladius
644 2306 688 2332 lib.
699 2315 736 2333 rx.
748 2315 804 2343 cap.
817 2315 852 2332 ῃ.
863 2306 910 2332 Sed
918 2312 1066 2343 antequam,
1079 2304 1164 2344 inquit
1176 2328 1184 2339 ‚
1194 2309 1220 2334 in
1231 2308 1260 2335 iis
1269 2317 1338 2346 aqua
1356 2308 1438 2344 cursitas
1449 2308 1624 2338 immittatur,
1635 2306 1734 2343 favilla

195 2347 221 2370 m
232 2353 268 2370 eos
276 2353 364 2379 fnguo
375 2344 469 2381 [lquere
479 2345 606 2376 decurrat,
620 2344 859 2383 utglutinaripoffit
871 2344 1033 2384 ‚fiquasunt
1042 2347 1109 2372 vitia
1116 2345 1242 2376 tuborum.
1267 2350 1308 2376 Est
1317 2358 1405 2377 autem
1415 2346 1501 2376 favilla
1512 2349 1575 2376 cinis
1589 2350 1691 2387 proprie
1703 2348 1734 2377 is,

193 2386 218 2411 in
229 2394 281 2423 quo
290 2385 471 2412 extincturum
481 2385 626 2412 carbonum
639 2386 752 2424 reliquia:
765 2385 897 2424 supersunt
909 2386 1018 2423 aliquae:
1039 2387 1124 2424 quain
1135 2396 1162 2414 rc
1171 2387 1186 2415 a
1196 2389 1310 2429 Virgilio
1320 2389 1464 2419 dictumest
1474 2388 1687 2416 AEneid.lib.v1.

543 2426 678 2463 Pcstqtmm
698 2424 794 2463 collapsi
809 2428 916 2456 cineres,
935 2426 968 2459 (¹3-
975 2425 1090 2464 flamma
1106 2428 1205 2465 quievit
1217 2450 1224 2462 ,

543 2466 671 2504 Reliquias
690 2476 749 2493 ’ωηο
765 2464 797 2497 (5
815 2465 929 2494 bibulam
946 2466 1034 2494 lavere
1046 2466 1182 2503 favillam.

152 2515 164 2532 c
176 2506 201 2539 c]
230 2504 313 2532 Idem.
337 2507 391 2532 Aut
402 2504 516 2532 abundat
528 2507 654 2543 particula
667 2508 798 2546 negativa,
808 2515 852 2534 aut
862 2505 1029 2535 scribendum
1039 2508 1074 2535 est
1084 2507 1191 2536 salubre.
1212 2510 1244 2538 Et
1257 2510 1328 2548 prior
1338 2510 1444 2549 quidem
1455 2509 1579 2547 scriptura
1591 2507 1656 2536 mihi
1666 2508 1738 2536 vide-

194 2555 237 2572 rur
248 2547 372 2584 genuina.
400 2547 473 2572 Prior
481 2556 569 2573 antem
581 2546 706 2585 scriptura
716 2556 771 2575 erat
787 2557 793 2574 ε
816 2557 864 2574 non
881 2546 988 2574 dubium
1005 2550 1041 2576 es‘l
1059 2549 1121 2586 quin
1137 2550 1215 2586 ipfiem
1234 2561 1330 2589 quoque
1343 2561 1391 2578 mn
1404 2551 1440 2589 fit
1459 2550 1610 2586 msalubre).

152 2586 209 2620 dd]
238 2587 320 2614 Idem.
343 2586 434 2614 Mensa
444 2587 494 2614 hoc
507 2587 569 2614 loco
579 2597 626 2625 pro
639 2587 721 2615 abaco
732 2588 802 2616 dista
812 2588 847 2615 est
857 2608 863 2620 ,
881 2587 908 2615 id
924 2588 959 2616 cst
974 2598 1024 2627 pro
1041 2588 1127 2616 mensa
1146 2590 1208 2618 vafis
1225 2592 1336 2630 potoriis
1346 2601 1390 2620 aut
1402 2591 1503 2620 escariis
1515 2589 1682 2618 continendis
1691 2597 1738 2617 ac-

194 2627 375 2654 commodata.

153 2678 166 2694 e
179 2669 204 2701 e]
232 2667 315 2695 Idem.
340 2666 417 2695 Libet
429 2667 476 2695 hac
487 2668 519 2696 de
531 2678 557 2695 re
568 2668 674 2696 Palladii
686 2667 765 2696 verba
775 2667 912 2701 ascribere,
923 2679 954 2697 ex
964 2668 1010 2697 lib.
1024 2679 1063 2697 rx.
1073 2679 1130 2707 cap.
1140 2681 1167 2702 9.
1188 2676 1219 2698 In
1233 2670 1367 2708 fodiendis,
1376 2672 1525 2709 ainputcis,
1539 2673 1682 2700 cavendum
1701 2673 1737 2700 ex'l

189 2707 309 2745 jbffirnm
317 2708 464 2745 periculum.
474 2711 594 2747 quoniam
599 2709 746 2747 plerumque
755 2710 953 2747 terra,fhlphur‚
964 2709 1075 2742 alumen,
1089 2710 1205 2738 bitumen
1212 2712 1293 2739 educit
1304 2733 1310 2743 ,
1318 2722 1424 2751 quorum
1436 2714 1535 2750 spiri-'tus
1544 2713 1610 2748 mzsti
1620 2733 1626 2743 ‚
1637 2713 1736 2740 anheli-

195 2749 327 2785 tumpestu
338 2748 472 2779 exhalant.
487 2745 650 2785 &occupatis
667 2749 758 2783 statim
769 2749 871 2777 namhzu
883 2758 1034 2788 extorquent
1046 2753 1143 2778 animas
1153 2772 1159 2783 ,
1177 2750 1223 2788 mfi
1237 2753 1294 2789 quis
1307 2753 1374 2790 fitga
1391 2747 1438 2789 fihs‘
1446 2754 1581 2781 velocitate
1591 2753 1737 2790 fitecurrat.

195 2791 271 2816 Prius
281 2800 337 2826 ergo
346 2799 425 2827 quam
436 2789 602 2825 defiendmur
612 2789 750 2823 adinfima,
761 2792 787 2816 in
798 2792 831 2818 ebs
840 2790 896 2818 locis
903 2798 980 2827 ponas
988 2790 1116 2818 lucernam
1124 2793 1253 2826 accenfitm
1265 2813 1271 2822 ,
1282 2803 1333 2831 qua
1342 2792 1362 2829 fi
1370 2796 1480 2821 extincta
1489 2804 1537 2822 nm
1542 2793 1632 2830 suerit.
1639 2797 1737 2831 pericu*

198 2827 250 2855 lum
260 2839 308 2857 non
319 2829 426 2857 timebis.
447 2834 472 2856 δι
482 2840 542 2857 vero
553 2832 717 2866 extinguetur
726 2851 732 2862 ‚
747 2830 876 2858 cavendus
885 2833 920 2858 eft
931 2830 997 2857 locus
1008 2852 1014 2861 ,
1032 2842 1107 2870 quem
1120 2832 1225 2869 spiritus
1235 2833 1349 2870 mortifer
1359 2834 1494 2872 occupabit.
1515 2834 1592 2872 Qud
1600 2833 1626 2872 si
1634 2834 1682 2861 alio
1691 2834 1739 2861 loco

197 2876 264 2906 aqua
271 2880 318 2897 non
323 2873 403 2907 potes'r'
414 2872 535 2899 inveniri,
548 2871 640 2898 dextra
650 2870 763 2908 levaque
770 2878 854 2908 puteos
864 2870 1001 2908 fhdiemus,
1012 2873 1088 2910 usique
1097 2873 1132 2898 ad
1139 2881 1207 2910 aque
1214 2871 1286 2909 ipfitu
1295 2873 1476 2903 lzbramentum
1487 2896 1492 2905 .
1501 2874 1532 2906 (5
1542 2874 1575 2901 ab
1584 2875 1622 2902 his
1628 2874 1739 2910 forami-

198 2917 232 2934 na
241 2909 298 2937 hinc
308 2911 365 2938 inde
372 2910 512 2948 pawsasH,
524 2911 596 2938 velut
605 2921 680 2938 nares
688 2913 757 2938 intus
766 2921 880 2948 agemus,
892 2921 946 2950 qua
955 2921 1042 2940 nocens
1049 2913 1150 2950 spiritus
1160 2920 1280 2951 evaporet
1288 2927 1296 2942 .·
1306 2924 1355 2955 quo
1359 2915 1431 2953 [κᾶε
1439 2915 1523 2945 latera
1528 2922 1663 2953 puteorum
1667 2915 1740 2951 stru-

188 2949 404 2990 ‘Huzasufiipian
423 2952 516 2979 Tradit
529 2955 552 2979 ἃ
565 2951 616 2980 hoc
631 2952 697 2979 Plin.
711 2951 754 2979 lib.
765 2962 842 2980 xxxx.
852 2962 910 2991 cap.
921 2962 943 2987 3.

152 2985 212 3024 fs]
242 2989 326 3018 Idem.
349 2992 378 3019 Id
387 2993 422 3020 est
433 2991 588 3030 spiramenta
599 2997 623 3022 Sc
637 2992 720 3022 veluti
731 3003 815 3028 nares,
825 3004 872 3033 per
882 3003 944 3033 quas
954 2993 1042 3033 gravis
1051 2993 1153 3032 spiritus
1164 2994 1304 3024 relaxetur,

1588 3037 1643 3075 gg]
1654 3033 1738 3063 idem.
