2023 3162
461 81 1083 120 DEARCHITECTVRA
1138 74 1349 116 ἰωὴ-Χ.
1657 93 1732 126 223

141 163 230 189 cum
254 150 528 199 quater-centies
548 149 596 187 ab
613 149 736 200 pinnis
757 156 847 183 rotae
867 144 1002 182 fuerint
1020 142 1188 192 versatae,
1217 145 1327 183 semel
1349 156 1566 200 tympanum
1583 147 1738 199 planum

142 210 399 255 circiimagent
409 204 570 256 impulsu
581 206 700 243 dentis
712 232 722 247 ,
744 204 807 252 qui
818 201 863 240 ad
874 202 965 239 latus
978 200 1027 237 est
1037 200 1129 239 fixus
1143 203 1309 253 tympani
1325 203 1364 239 in
1383 207 1518 242 cultro.
1538 204 1655 253 Igitur
1666 206 1738 242 cit-

141 264 257 300 cuitio
270 263 438 313 tympani
447 262 559 311 plani,
572 257 868 310 quotiescunque
879 257 924 294 ad
939 256 1112 295 foramen
1122 259 1301 309 perducet
1315 260 1482 298 calculos
1494 289 1504 305 ‚
1517 261 1662 297 emittet
1671 272 1736 309 pet

139 319 398 356 canaliculum.
430 317 480 365 [e]
505 319 558 355 lta
576 316 794 355 &sonitu&
807 325 968 351 numero
981 313 1161 353 indicabit
1173 315 1342 353 milliaria
1353 315 1463 366 spatia
1472 316 1734 365 navigationis.

141 375 258 424 Qae,
279 374 418 423 pacatis
440 376 478 411 δε
495 372 570 410 fine
582 382 689 410 metu
700 369 951 420 temporibus,
972 370 1019 407 ad
1037 371 1236 410 utilitatem
1247 372 1285 409 Sc
1302 370 1593 412 delestationem
1606 382 1733 424 paran-

140 432 206 476 da,
224 429 548 480 quemadmodum
567 428 727 466 debeant
743 425 844 473 fieti,
864 424 1038 477 peregisse
1049 426 1192 466 videor.
1332 425 1335 427 ’

783 545 938 583 Cap.
999 543 1099 583 XV.

335 638 417 690 De
438 633 826 708 Catapultarum
839 631 903 691 Εἴ
916 633 1231 706 Scorpionnm
1248 632 1539 691 rationibus.

143 765 326 852 NUnc
343 775 432 801 vero
444 775 523 812 quae
534 761 579 799 ad
591 760 751 812 praesidia
770 761 948 813 periculi,
969 758 1006 796 &
1027 758 1283 797 necessitatem
1294 759 1413 799 salutis
1429 761 1511 801 sunt
1522 764 1682 805 inventa,
1697 764 1736 803 id

235 823 284 860 est
302 821 540 871 scorpionum
552 846 562 862 ,
583 819 856 868 catapultarum
868 845 878 861 ‚
899 819 937 854 ὅ(
954 814 1164 854 balistarum
1177 817 1340 854 rationes
1351 846 1361 861 ,
1377 817 1510 866 quibus
1520 819 1738 868 symmetriis

144 878 351 929 comparari
367 874 524 925 possint,
544 884 756 924 exponam.
787 874 833 910 Et
847 875 1016 923 primum
1037 871 1083 910 de
1104 875 1168 919 [a]
1190 872 1385 921 catapultis
1401 875 1438 910 ὅ(
1455 873 1715 925 scorpionibus
1729 906 1738 915 .

143 937 263 973 Omni
279 935 388 984 igitur
396 932 646 981 proportione
667 940 802 967 eorum
813 929 1039 977 ratiocinata
1057 942 1102 967 ex
1122 926 1315 982 proposita
1334 927 1471 978 sagittae
1490 931 1738 981 longitudine,

1622 999 1738 1036 quam

142 1081 167 1114 ε]
197 1075 344 1104 Philander.
360 1075 451 1104 Nostri
460 1074 547 1103 saeculi
558 1084 643 1104 nautae
652 1077 734 1116 longe
742 1073 845 1104 facilius
854 1076 942 1105 cursus
954 1077 1013 1105 suos
1023 1077 1144 1117 dirigunt
1156 1099 1164 1111 ‚
1185 1083 1209 1107 δε
1220 1087 1350 1117 quantum
1361 1079 1539 1119 navigationis
1548 1081 1682 1117 perastum
1694 1082 1736 1113 fit,

183 1118 337 1157 intelligunt
348 1136 355 1145 .
376 1117 429 1150 ejus
441 1115 572 1143 beneficio
583 1137 589 1149 ‚
608 1118 653 1155 qui
664 1118 764 1144 nonita
778 1117 871 1145 multis
883 1127 955 1146 retro
963 1117 1056 1146 seculis
1067 1119 1094 1145 in
1113 1121 1266 1158 Campaniae
1283 1119 1384 1158 oppido
1403 1118 1543 1157 Amalphis
1554 1121 1737 1159 pyxidiculam

183 1168 244 1187 cum
255 1157 367 1196 chalybe
377 1159 402 1185 δε
414 1165 540 1196 magnete
548 1159 647 1195 primus
659 1155 801 1185 fabricatus
814 1158 934 1189 traditur,
945 1159 1019 1195 cujus
1030 1159 1131 1187 indicio
1141 1160 1172 1188 ad
1182 1160 1259 1199 polos
1270 1169 1356 1188 nautae
1365 1160 1552 1199 dirigerentur.
1572 1163 1737 1201 Qanquam

184 1209 237 1227 non
247 1198 339 1227 desunt
352 1219 359 1230 ‚
378 1198 423 1235 qui
432 1197 501 1236 apud
512 1198 596 1225 Plaut.
609 1199 634 1225 in
656 1200 821 1226 Trinummo
831 1198 974 1228 versoriam
992 1210 1040 1238 pro
1050 1199 1104 1227 n'on
1115 1200 1225 1228 abiimili
1236 1202 1414 1229 instrumento
1430 1203 1649 1240 interpretantur.
1669 1203 1738 1231 lllud

183 1249 244 1267 ante
253 1250 301 1267 uos
314 1240 419 1266 monuit
432 1239 673 1278 Goeg-Gymldus,
698 1243 722 1267 δε
739 1250 771 1267 eo
781 1240 853 1278 prior
870 1240 987 1268 Blondus
1004 1240 1107 1268 Flavius
1120 1262 1127 1274 ‚
1147 1241 1199 1269 hoc
1215 1243 1296 1269 etiam
1314 1242 1489 1270 Hermolaus.
1508 1243 1737 1270 Damssnrbarm.

185 1280 278 1308 Facilis
289 1280 323 1307 est
334 1279 473 1318 propolitae
493 1281 529 1307 rei
538 1280 732 1309 demonstratio
741 1279 796 1311 his.
816 1282 861 1319 qui
873 1280 1066 1309 Aritlimeticas
1080 1282 1195 1310 rationes
1206 1283 1378 1323 intelligunt,
1399 1283 1528 1321 quoniam
1547 1291 1638 1312 totum
1651 1293 1739 1323 nego-

186 1322 254 1349 tium
263 1323 288 1348 in
297 1330 330 1348 eo
339 1321 374 1348 est
386 1341 393 1352 ,
409 1329 438 1348 ut
450 1320 607 1359 praefinitam
616 1330 741 1349 notarum
752 1323 967 1362 magnitudinem
976 1322 1097 1351 sciamus.
1119 1325 1192 1351 Cum
1202 1333 1268 1363 ergo
1279 1323 1293 1352 a
1304 1324 1436 1352 diametro
1458 1324 1598 1352 circinatio
1607 1325 1739 1353 rotunda-

186 1363 267 1390 tionis
278 1360 411 1392 sumatur,
433 1357 534 1389 necesse
543 1364 592 1390 erit
603 1371 688 1390 certas
705 1366 730 1390 8<
750 1362 892 1401 praefinitas
901 1363 1047 1392 diametros
1063 1373 1184 1392 rotarum
1202 1365 1324 1393 statuere.
1349 1364 1415 1392 Ideo
1435 1365 1670 1393 Vitruv.rotarum
1679 1365 1739 1393 dia-

187 1412 287 1430 metros
299 1411 457 1440 quaternum
466 1403 563 1440 pedum
580 1406 605 1431 δι
622 1403 750 1442 pollicum
760 1404 875 1432 duorum
886 1405 1024 1432 constituit
1035 1426 1042 1436 ,
1059 1406 1169 1443 pollices
1179 1406 1251 1434 enim
1260 1405 1401 1434 duodecim
1413 1404 1507 1444 pedem
1517 1401 1639 1434 efficiunt
1650 1427 1656 1438 ,
1675 1405 1738 1433 ideo

187 1444 296 1482 pollices
305 1444 360 1471 duo
377 1441 476 1470 sextam
486 1444 557 1481 pedis
573 1442 794 1482 partemfaeiunt.
819 1447 891 1473 Cum
902 1446 984 1484 igitur
994 1454 1069 1474 tanta
1086 1444 1167 1474 fuerit
1177 1447 1300 1475 diametri
1319 1445 1481 1486 magnitudo
1494 1468 1500 1479 ,
1521 1456 1588 1476 r0tae
1597 1447 1738 1474 circinatio

185 1494 235 1512 erit
253 1485 348 1522 pedum
367 1483 715 1513 duodenum&dimidium.
729 1484 814 1524 Qod
826 1486 842 1514 li
860 1487 1056 1525 quatercenties
1073 1487 1196 1516 volvatur
1208 1508 1215 1520 ,
1232 1488 1367 1516 dabuntur
1386 1486 1454 1515 milii
1475 1487 1594 1526 quinque
1606 1486 1678 1515 mille
1689 1497 1737 1525 pe-

184 1526 228 1553 des
241 1535 246 1551 :
269 1525 337 1552 unde
349 1526 409 1562 quia
420 1524 536 1564 quinque
546 1526 622 1564 pedes
639 1523 739 1564 paffum
747 1537 830 1555 unum
839 1528 1006 1556 constituunt
1016 1549 1023 1559 ,
1042 1527 1115 1555 mille
1126 1526 1210 1566 passus
1220 1537 1298 1556 erunt
1309 1525 1445 1556 confecti:
1464 1537 1491 1555 at
1503 1529 1574 1556 mille
1585 1525 1669 1567 passus
1678 1526 1740 1555 rnil-

171 1576 175 1580 ’
186 1567 249 1594 liare
257 1575 339 1593 unum
351 1565 527 1599 constituunt,
540 1577 606 1606 ergo
616 1569 811 1605 quatercenties
822 1568 914 1596 voluta
924 1576 984 1596 rota
995 1568 1106 1596 milliare
1116 1578 1199 1596 unum
1210 1569 1339 1597 ostendet.
1353 1571 1389 1597 Vt
1400 1578 1464 1596 vero
1474 1568 1530 1596 liaec
1541 1568 1742 1609 dignoscamus,

185 1607 296 1635 alteram
308 1605 394 1633 rhedae
405 1607 446 1634 vel
457 1607 566 1647 navigio
583 1616 671 1635 rotam
680 1607 860 1637 sublimiorem
870 1609 946 1648 ponit
958 1629 965 1640 ,
975 1610 1003 1636 in
1012 1609 1100 1637 cultro
1112 1608 1223 1648 positam
1234 1629 1240 1641 ,
1255 1619 1313 1647 quae
1323 1608 1416 1636 dentes
1428 1607 1505 1636 habet
1517 1611 1739 1649 quadringentos,

186 1649 224 1675 ita
233 1656 322 1674 tamen
340 1656 368 1674 ut
380 1648 405 1673 in
418 1647 510 1685 prioris
529 1657 596 1676 rotae
606 1649 687 1676 latere
705 1647 832 1689 affigatur
841 1649 991 1678 denticulus
1002 1671 1009 1682 ‚
1028 1650 1074 1688 qui
1084 1650 1201 1689 fingulos
1217 1649 1337 1677 secundae
1349 1657 1415 1676 rotae
1431 1649 1618 1677 denticulosin
1631 1648 1740 1689 lingulis

189 1687 380 1716 versationibus
392 1688 547 1726 compellat.
569 1692 608 1716 lta
617 1690 688 1717 enim
698 1688 744 1717 fiet
755 1699 783 1718 ut
794 1701 838 1728 per
848 1691 961 1729 spatium
972 1691 998 1717 id
1009 1700 1063 1729 quo
1072 1689 1183 1718 secunda
1193 1699 1253 1718 rota
1260 1689 1339 1718 semel
1350 1688 1503 1717 revolvetur
1511 1711 1517 1721 ,
1529 1692 1614 1729 prima
1624 1689 1738 1728 quadra-

185 1738 290 1769 genties
301 1729 428 1760 versetur.
447 1738 525 1767 atque
537 1730 646 1757 milliare
658 1740 739 1758 unum
752 1730 888 1759 conficiat.
900 1733 936 1758 Vt
947 1740 1011 1758 vero
1023 1731 1048 1758 id
1059 1729 1209 1759 innotescat
1221 1752 1228 1763 ‚
1241 1731 1349 1759 tertiam
1361 1738 1448 1757 rotam
1468 1727 1532 1758 facit
1543 1731 1568 1758 in
1579 1730 1658 1769 plano
1668 1729 1739 1768 posi-

185 1779 241 1797 tam
253 1791 259 1800 ,
279 1779 336 1807 qiiae
346 1770 371 1795 iii
383 1770 572 1798 rotundatione
584 1779 626 1798 tot
637 1768 778 1802 foramina.
791 1780 858 1810 quot
868 1771 969 1803 dentes,
980 1770 1089 1799 habeat:
1110 1772 1136 1799 in
1147 1771 1256 1811 lingulis
1266 1779 1356 1799 autem
1366 1768 1540 1799 foraminibus
1552 1770 1669 1810 fingulos
1681 1769 1738 1797 cal-

182 1810 257 1838 culos
267 1806 406 1837 iminiffos.
416 1811 509 1838 calculi
520 1821 582 1839 cum
594 1812 763 1849 pervenerint
773 1813 805 1840 ad
815 1810 946 1842 foramen.
958 1812 1030 1850 quod
1040 1813 1090 1839 erit
1101 1812 1127 1839 in
1137 1813 1193 1849 ejus
1203 1821 1270 1840 rotae
1280 1812 1464 1840 loculamento
1477 1831 1483 1843 ‚
1505 1811 1582 1839 cadet
1592 1813 1618 1839 iri
1630 1820 1736 1839 aeneum

187 1861 242 1883 vas,
253 1853 275 1877 δι
286 1849 404 1877 sonitum
415 1850 500 1878 dabit.
512 1854 547 1879 Vt
558 1862 622 1879 vero
634 1851 685 1879 hoc
696 1853 799 1890 praestet
810 1874 816 1885 ,
827 1862 892 1891 opus
904 1853 938 1880 est
948 1852 1068 1880 secundae
1079 1862 1145 1880 rotae
1155 1852 1322 1880 denticulum
1330 1861 1464 1890 apponere
1475 1872 1481 1883 ,
1501 1852 1548 1890 qui
1559 1851 1667 1892 (iugulis
1677 1861 1738 1879 ver-

181 1891 327 1921 sationibus
337 1890 452 1930 lingulos
463 1893 572 1926 jacentis
583 1896 607 1920 ὅ(
617 1893 698 1930 plana:
706 1903 772 1921 rotae
780 1893 931 1921 denticulos
943 1892 1092 1931 protrudat.
1101 1894 1137 1921 ita
1148 1892 1204 1925 fiet,
1215 1902 1243 1922 ut
1255 1894 1366 1931 peractis
1378 1891 1506 1920 milliariis
1515 1890 1736 1933 lingulis‚calculi

181 1934 208 1960 in
219 1930 349 1959 foramina
360 1931 437 1969 politi
455 1933 481 1959 in
490 1942 594 1961 aeneum
606 1943 650 1960 vas
667 1933 813 1962 incidentes
829 1935 910 1961 etiam
921 1932 1008 1961 sonitu
1028 1934 1214 1962 milliariorum
1234 1930 1436 1961 confectionem
1453 1935 1478 1960 δὲ
1496 1942 1638 1961 numerum
1649 1933 1740 1960 osten-

185 1974 258 2001 dant.
279 1974 343 2001 Non
351 1969 482 2000 dissimilis
499 1974 603 2001 ratioin
623 1974 734 2014 navigio
744 1975 794 2003 erit
805 1995 812 2008 ,
833 1974 916 2003 modo
927 1984 956 2002 ea
971 1972 1163 2008 observentur,
1184 1983 1243 2013 quae
1253 1972 1268 2002 a
1283 1973 1410 2003 Vitruvio
1418 1972 1488 2002 dista
1503 1972 1572 2002 suut.
1592 1983 1650 2013 qua:
1659 1971 1738 2001 facile

188 2013 393 2053 intelliguntur..

146 2066 296 2096 Phiander.
314 2066 370 2094 Hic
389 2067 515 2096 Vitruvio
532 2067 617 2097 rursus
633 2077 711 2096 atrox
728 2068 822 2096 vulnus
843 2067 940 2095 inflixit
956 2067 1051 2103 injuria
1067 2067 1197 2106 temporis
1209 2089 1216 2099 ,
1234 2073 1286 2096 ευτ’
1298 2067 1388 2107 potius
1406 2067 1550 2096 hominum
1564 2065 1738 2108 negligentia.

191 2110 283 2134 Vtram
293 2107 364 2134 enim
374 2109 458 2147 magis
467 2108 587 2137 accusem
599 2130 605 2140 ,
625 2109 728 2147 pendeo
738 2109 828 2137 animi.
845 2110 909 2137 Non
920 2107 979 2136 satis
990 2117 1056 2141 erat,
1071 2107 1276 2148 praestantissimi
1285 2109 1402 2137 austeris
1421 2106 1589 2136 utilissimum
1601 2117 1666 2146 opus
1677 2107 1740 2135 loco

190 2148 222 2176 de
233 2146 309 2175 stellis
319 2148 433 2184 turpiter
441 2148 570 2177 divulsum
581 2146 641 2181 effe,
652 2159 681 2177 ac
688 2147 822 2177 foedatum
834 2169 840 2181 ,
861 2148 907 2176 nifi
918 2152 942 2176 δε
951 2158 981 2176 ea
991 2158 1064 2188 parte
1076 2170 1083 2181 ,
1099 2149 1191 2187 quade
1201 2148 1330 2176 machinis
1342 2148 1444 2176 bellicis
1455 2149 1566 2176 traditur
1576 2169 1583 2180 ,
1593 2145 1738 2175 foedi'ss'ime

190 2185 372 2216 deformatum
381 2185 454 2219 effer,
466 2197 494 2216 ut
505 2188 569 2217 nihil
579 2190 667 2217 dicam
676 2189 708 2216 de
720 2190 789 2217 vitiis
801 2210 807 2220 ‚
824 2188 918 2226 quibus
929 2197 1020 2217 totum
1030 2188 1154 2217 scatebat.
1175 2190 1209 2216 Et
1219 2186 1282 2216 ferri
1291 2189 1399 2226 quidem
1410 2197 1516 2226 poterat
1527 2188 1595 2216 illius
1607 2188 1659 2216 loci
1669 2188 1741 2223 inju-

193 2230 239 2261 ria,
252 2227 323 2266 quod
335 2228 422 2255 multo
433 2229 525 2256 melius
536 2230 594 2257 caeli
604 2231 672 2257 ratio
681 2240 712 2257 ex
723 2230 779 2257 aliis
796 2227 947 2256 auetoribus
957 2229 1087 2268 cognosci
1097 2225 1194 2266 possit:
1215 2239 1308 2256 eorum
1319 2237 1384 2255 vero
1395 2238 1452 2266 quae
1462 2229 1495 2256 de
1507 2228 1635 2257 machinis
1647 2230 1743 2267 praeci-

189 2272 308 2309 piuiitur,
320 2269 407 2308 gravis
419 2278 472 2296 non
481 2266 532 2296 effe
542 2279 595 2298 non
605 2271 699 2307 potest.
710 2269 781 2307 quod
794 2268 864 2296 nulla
874 2277 994 2296 veterum
1003 2277 1096 2296 extent
1111 2268 1281 2296 monimenta
1297 2268 1366 2296 unde
1384 2268 1454 2307 quati
1466 2269 1507 2297 via
1516 2271 1653 2301 sternatur,
1664 2272 1688 2297 ἃ
1697 2268 1740 2297 hic

191 2311 278 2338 noster
290 2310 383 2337 auctor
392 2310 458 2336 adeo
468 2309 613 2337 maculosus
621 2310 652 2337 fit
664 2330 671 2342 ‚
688 2313 712 2337 &
725 2330 731 2342 ,
741 2318 769 2337 ut
778 2309 864 2336 dicam
875 2329 882 2341 ‚
899 2308 1126 2337 carcinomatibus
1134 2306 1263 2336 deformis
1275 2329 1282 2341 ,
1299 2317 1328 2337 ut
1342 2318 1427 2347 neque
1440 2308 1599 2349 AEsculapius
1610 2309 1740 2342 medicus,

189 2350 338 2390 quamlibet
350 2348 365 2377 a
376 2349 511 2378 veteribus
531 2350 620 2377 Poetis
630 2350 740 2390 egregie
748 2349 866 2377 laudatus
877 2369 883 2381 ‚
904 2358 994 2377 curare
1003 2346 1093 2388 poss'it.
1114 2349 1183 2377 Haec
1197 2359 1236 2377 res
1247 2359 1292 2377 me
1309 2349 1426 2377 multum
1436 2350 1511 2378 torlit
1523 2372 1530 2383 ‚
1549 2360 1579 2379 ac
1591 2351 1636 2378 di'u
1644 2349 1744 2378 sollici-

190 2401 250 2420 tum
260 2390 362 2419 habuit.
374 2390 511 2419 Omnibus
522 2391 622 2430 ingenii
633 2390 732 2418 viribus
742 2389 879 2421 contendi,
891 2400 924 2417 ex
939 2389 1040 2429 aliquot
1051 2389 1242 2428 exemplarium
1253 2390 1369 2431 vestigiis
1379 2411 1386 2422 ,
1404 2394 1430 2419 δε
1439 2390 1495 2426 ejus
1504 2392 1657 2431 argumenti
1670 2411 1676 2422 ,
1695 2390 1743 2428 qui

158 2456 159 2459 ,
189 2442 293 2466 extent,
310 2431 492 2470 scriptoribus.
503 2432 642 2460 emendare
657 2444 664 2463 ς
681 2441 730 2459 nec
741 2432 884 2470 quicquam
895 2439 984 2458 tamen
1002 2429 1114 2469 profeci.
1134 2431 1283 2471 Sagacioris
1300 2431 1456 2471 ingeniialii
1469 2452 1474 2462 ‚
1487 2432 1558 2471 quod
1568 2430 1673 2470 adipisci
1685 2440 1740 2457 non

193 2474 288 2512 potui,
306 2469 414 2500 fortaffe
429 2472 631 2511 consequentur.
653 2474 798 2511 Vtcuuque
816 2472 870 2505 est,
889 2471 994 2512 nequid
1005 2472 1122 2500 studiosis
1133 2492 1140 2505 ,
1159 2472 1248 2511 quoad
1267 2472 1322 2509 ejus
1333 2471 1390 2502 fieri
1402 2470 1502 2511 posset,
1518 2470 1634 2501 deessem
1647 2492 1654 2505 ,
1675 2481 1743 2499 neve

195 2515 272 2553 plane
284 2514 330 2541 fim
341 2513 454 2549 jejunus,
464 2513 584 2552 quaedam
594 2514 730 2542 annotavi.

151 2557 182 2590 a]
205 2556 289 2583 Idem.
311 2554 377 2582 Hoc
388 2555 487 2593 capite,
499 2558 523 2583 Sc
534 2553 702 2593 sequentibus
713 2552 828 2584 duobus,
839 2562 918 2582 nemo
929 2563 983 2581 non
995 2551 1077 2583 videt.
1087 2553 1227 2592 catapultis
1238 2557 1262 2581 δι
1272 2552 1454 2593 scorpionibus
1466 2553 1539 2581 mitti
1551 2551 1658 2591 sagittas
1669 2572 1675 2582 ,
1694 2551 1743 2579 ba-

185 2597 248 2625 listis
258 2604 348 2624 autem
367 2595 417 2630 jaci
435 2596 542 2634 lapides.
565 2596 694 2636 Vegetius
705 2595 749 2623 lib.
762 2605 800 2623 ιν.
818 2594 852 2622 de
863 2605 890 2622 re
907 2594 1015 2622 militari
1029 2593 1119 2623 scribit
1129 2616 1135 2627 ,
1149 2594 1244 2623 balistis
1259 2605 1313 2622 non
1331 2594 1416 2622 solum
1437 2594 1550 2632 lapides,
1569 2593 1611 2621 sed
1621 2596 1644 2621 8<
1657 2592 1743 2628 jacula

187 2637 277 2665 mitti:
301 2636 369 2675 apud
381 2635 478 2664 Iulium
491 2636 634 2670 Caesarem,
645 2636 692 2664 lib.
703 2647 723 2665 1.
737 2636 770 2664 de
781 2635 854 2663 bello
865 2635 937 2663 civili
948 2656 955 2667 ,
965 2636 1029 2675 lego
1040 2635 1178 2674 catapultis
1189 2634 1246 2663 saxa
1254 2636 1304 2671 jaci
1316 2646 1322 2662 :
1335 2635 1399 2663 licut
1410 2635 1477 2673 apud
1497 2634 1632 2661 Valerium
1651 2634 1742 2661 Maxi-

187 2688 261 2706 mum
271 2677 318 2705 lib.
329 2687 350 2704 1.
367 2677 448 2705 filices
468 2676 562 2706 balistis
572 2699 578 2708 ‚
598 2681 623 2706 &
634 2676 899 2707 Ciceronemlib.11.
917 2675 1026 2704 Tuscul.
1036 2678 1124 2715 quaest.
1135 2680 1159 2705 &
1171 2677 1235 2705 alios
1245 2697 1251 2708 ‚
1271 2686 1338 2715 quos
1349 2673 1429 2703 refert
1447 2675 1561 2703 Nonius.
1581 2674 1742 2701 Ammianus

186 2718 359 2748 Marcellinus
377 2717 422 2746 lib.
434 2728 520 2746 xxrrr.
539 2718 677 2757 scorpione
687 2719 795 2749 Quidem
805 2717 901 2756 lapides
912 2738 918 2747 ‚
935 2716 1025 2745 balista
1035 2728 1099 2746 vero
1113 2714 1191 2745 imitti
1200 2716 1307 2756 sagittas
1317 2717 1398 2744 tradit
1411 2729 1418 2747 3
1439 2714 1572 2754 utriusque
1583 2714 1741 2753 descriptio-

187 2769 259 2790 nem„
272 2768 301 2787 ut
311 2768 371 2787 tum
380 2761 507 2799 temporis
517 2752 749 2798 componebantur
761 2780 767 2790 ‚
785 2759 936 2797 exprimens
947 2771 953 2790 ς
973 2767 1002 2786 ut
1012 2767 1101 2787 tamen
1112 2761 1237 2786 Graecum
1249 2757 1388 2785 hominem
1398 2756 1523 2796 agnoscas
1537 2776 1544 2789 ‚
1563 2765 1644 2795 quem
1654 2755 1678 2783 se
1687 2752 1741 2783 effe

187 2810 235 2828 nec
245 2797 385 2828 diffitetur.
395 2802 460 2828 Sunt
469 2802 549 2828 etiam
560 2800 628 2839 apud
640 2801 798 2832 Ctefibium,
810 2799 1036 2838 Appollodorum.
1050 2799 1219 2831 Athenaeum,
1229 2802 1253 2827 St
1264 2798 1414 2827 Philonem,
1430 2797 1502 2825 libris
1513 2797 1545 2824 de
1557 2796 1696 2827 machinis,
1707 2796 1740 2823 de

189 2841 219 2868 iis
231 2844 254 2868 ἃ
265 2841 320 2868 aliis
332 2841 415 2868 multa
425 2863 431 2873 ,
440 2840 482 2869 sed
493 2852 551 2880 quae
562 2842 777 2870 emendationem
789 2837 979 2878 corruptissimi
991 2839 1037 2868 hac
1050 2838 1215 2878 potissimum
1227 2847 1299 2878 parte
1311 2839 1391 2866 nostri
1403 2838 1519 2866 Vitruvii
1528 2847 1582 2865 non
1594 2837 1741 2865 admodum

189 2880 312 2915 juverint.
320 2882 378 2920 iplis
388 2892 442 2909 nou
453 2882 511 2910 saris
523 2883 634 2922 integris
645 2886 670 2911 δέ
682 2882 834 2911 emaculatis
844 2881 1083 2910 austoribus-Nam
1093 2891 1151 2920 quae
1163 2880 1302 2908 Anthemii
1314 2880 1423 2907 nomine
1434 2877 1489 2909 ra&
1499 2875 1647 2920 2>leng
1657 2890 1743 2915 panga-

191 2921 304 2955 vniffl'mi
316 2922 430 2962 legimus
439 2944 446 2953 .
457 2927 481 2951 8<
493 2923 550 2951 sunt
563 2924 657 2951 mutila
668 2945 674 2956 ‚
695 2927 719 2952 St
730 2924 836 2951 alterius
846 2921 903 2950 sunt
914 2922 1037 2950 instituti.
1060 2924 1093 2950 Et
1103 2920 1209 2960 copiose
1220 2920 1327 2960 quidem
1338 2919 1522 2949 &luculenter
1533 2929 1595 2947 cum
1605 2919 1696 2946 amicis
1706 2920 1748 2944 in-

193 2963 273 3001 genio
284 2965 307 2990 &
319 2963 439 2991 doctrina
449 2964 595 3004 inlignibus
615 2975 660 3004 per
672 2965 853 3001 conjecturam
864 2964 896 2992 de
917 2962 956 2992 his
967 2962 1096 2992 machinis
1107 2960 1214 2993 differui
1224 2983 1232 2996 ,
1248 2971 1306 3001 quae
1316 2961 1361 3001 ipfi
1378 2961 1507 2997 majorem
1517 2961 1544 2988 in
1564 2959 1674 3027 modaum
1684 2966 1750 3001 pro-

1637 3005 1749 3030 avennr,

1761 2074 1872 2108 Cap.xv.
