2023 3162
484 107 552 134 Dr:
599 93 1112 133 Arreni-racrvnA
1167 90 1417 133 LrnVH.
1671 111 1747 149 ¹37

159 173 290 203 necne.
307 160 452 216 Iudiciis
470 171 593 199 autem
602 159 755 197 infirmis
767 158 967 197 obscuratae
978 168 1122 196 mentes
1134 184 1142 198 ‚
1154 170 1233 196 non
1245 159 1367 197 valent
1376 159 1533 210 probare
1544 190 1554 206 ‚
1565 163 1668 211 quod
1682 177 1748 215 po-

161 219 227 258 test
243 218 311 256 effe
323 230 410 256 cum
422 219 618 255 autoritate
629 218 666 253 δ(
675 218 819 253 ratione
829 215 987 252 decoris.
1011 216 1144 263 Neque
1155 216 1257 252 enim
1267 216 1418 265 pieturae
1428 217 1580 267 probari
1592 220 1744 260 debent,

160 286 240 325 quae
260 287 338 312 non
347 274 428 311 sunt
439 272 568 311 similes
578 273 738 311 veritati:
760 282 831 308 nec
850 270 875 307 ss
891 270 989 308 faC‘rae
999 269 1079 308 sunt
1091 272 1274 320 elegantes
1283 271 1328 308 ab
1338 283 1412 308 arte
1422 301 1433 316 ‚
1451 273 1540 310 ideo
1552 273 1597 311 de
1608 273 1663 310 his
1680 275 1750 311 sta-

160 334 227 368 tim
245 330 355 367 debet
372 339 522 380 repente
542 328 712 376 judicari,
733 325 799 363 nifi
810 329 1149 375 argumentationes
1160 337 1277 364 certas
1288 327 1483 365 habuerint
1493 331 1655 366 rationes
1673 328 1747 367 sine

160 384 428 424 offensionibus
449 385 666 435 explicatas,
698 382 844 420 Etenim
866 383 976 419 etiam
988 381 1177 419 Trallibus
1190 394 1280 420 curn
1292 383 1492 433 Apaturius
1506 384 1744 423 Alabandeus

161 443 321 492 eleganti
331 452 444 479 manu
459 438 612 476 finxiss'et
621 439 766 475 scenam
777 439 815 475 in
827 438 1034 474 minusculo
1047 437 1194 476 theatro
1206 467 1217 483 ‚
1244 436 1317 490 [f]
1339 440 1443 488 quod
1455 438 1745 489 ἁικλησιαςιίφιον

160 498 258 549 apud
275 509 340 534 eos
351 496 536 534 vocitatur
549 521 557 534 ,
576 496 616 531 in
636 506 753 543 eaque
771 491 907 530 feciss'et
929 505 997 545 pro
1010 494 1198 530 columnis
1211 493 1330 544 figna.
1354 498 1624 547 centaurosque
1645 496 1745 535 susti-

160 563 291 590 nentes
311 551 485 603 epistylia,
508 549 705 587 tholorum
727 548 886 586 rotunda
903 548 1018 593 mera,
1036 547 1265 597 fastigiorum
1286 552 1541 601 prominentes
1559 554 1719 591 versuras
1733 583 1744 599 ,

164 607 397 657 coronasque
408 605 586 656 capitibus
598 605 755 642 leoninis
766 614 935 642 ornatas:
952 616 1034 652 quae
1045 606 1172 641 omnia
1181 604 1448 644 stillicidiorum
1464 606 1483 645 ὲ
1497 609 1600 646 renis
1611 609 1747 648 habent

165 666 368 702 rationem:
398 663 571 699 Praeterea
583 660 683 711 supra
695 669 780 697 eam
799 659 1044 696 nihilominus
1065 656 1127 712 [g]
1151 660 1377 711 episccnium
1392 691 1401 706 ‚
1421 665 1458 700 in
1471 676 1548 714 quo
1558 661 1622 711 [h]
1636 664 1746 711 tholi,

160 721 311 770 pronai,
333 716 557 766 semifastigia
570 745 580 761 ‚
591 715 788 764 omnisque
799 715 887 752 tecti
897 716 1015 751 varius
1025 716 1172 764 picturis
1184 715 1300 753 fuerat
1310 728 1480 756 ornatus:
1510 722 1640 768 Itaque
1658 733 1744 758 cum

164 774 328 826 aspectus
339 776 411 821 ejus
423 772 534 811 scenae
544 782 695 823 propter
714 769 943 822 asperitatem
964 769 1213 808 eblandiretur
1224 775 1402 810 omnium
1421 774 1516 811 visus
1529 804 1538 818 ,
1558 778 1593 813 δε
1615 779 1687 821 jam
1708 777 1745 813 id

161 842 257 882 opus
269 831 421 881 probare
431 827 574 866 fuissent
582 828 708 877 parati,
723 837 802 864 tum
816 826 980 862 Licinius
990 826 1283 864 Mathematicus
1297 828 1443 878 prodiit,
1458 832 1495 867 <St
1508 834 1570 875 air,
1583 831 1747 869 Alaban.

165 886 258 924 deos
269 886 348 923 satis
359 894 490 922 acutos
508 882 552 921 ad
563 894 697 920 omnes
708 893 763 919 res
774 882 896 919 civiles
908 880 1034 920 habeti
1046 909 1056 926 ,
1076 882 1134 920 sed
1146 893 1298 933 propter
1318 895 1397 920 non
1416 897 1596 934 magnum
1614 889 1746 925 vitium

164 942 379 979 indecentiae
396 939 603 991 insipientes
623 951 689 977 eos
709 937 777 975 effe
798 938 978 985 judicatos
992 966 1001 982 ‚
1021 939 1126 986 quod
1143 940 1179 975 in
1199 938 1392 987 gymnasio
1412 952 1545 978 eorum
1566 955 1645 991 quae
1666 943 1746 980 sunt

163 997 287 1035 statnae
299 1025 310 1041 ‚
330 1007 461 1033 omncs
473 994 552 1032 sunt
563 996 681 1032 causas
695 1005 842 1043 agentes
854 1023 864 1038 ‚
884 994 921 1029 in
941 992 1026 1030 foro
1045 1004 1173 1031 autem
1185 994 1304 1032 discos
1322 1006 1508 1040 tenenteS‚
1520 1008 1581 1034 aut
1599 1009 1747 1036 curren-

163 1062 218 1091 tes
238 1051 297 1089 seu
310 1053 379 1103 pila
392 1051 570 1089 ludentes.
604 1052 659 1088 Ita
671 1051 845 1087 indecens
866 1051 959 1085 inter
975 1050 1150 1086 locorum
1162 1052 1404 1101 proprietates
1416 1051 1528 1089 status
1543 1051 1747 1102 signorum,

162 1109 308 1159 publice
321 1108 457 1145 civitati
467 1108 596 1144 vitium
609 1106 885 1143 existimationis
897 1104 1041 1150 adjecit.
1065 1105 1268 1144 Videamus
1281 1108 1369 1144 item
1382 1119 1481 1145 nunc
1492 1137 1501 1152 ,
1517 1121 1563 1145 ne
1577 1109 1749 1159 Apaturii

161 1163 265 1201 scena
284 1161 418 1200 efficiat
436 1165 473 1200 Sc
492 1173 561 1199 nos
585 1161 846 1206 Alabandeos‚
867 1171 930 1197 aut
939 1160 1145 1198 Abderitas.
1176 1163 1271 1215 Qus
1290 1164 1392 1199 enim
1410 1165 1567 1201 vestrum
1583 1193 1591 1207 ‚
1604 1164 1745 1202 domos

160 1218 261 1270 supra
272 1219 475 1267 tegularum
485 1218 581 1255 testa
591 1217 709 1268 potest
722 1217 872 1254 habere,
894 1226 955 1253 aut
966 1217 1159 1254 columnas
1170 1246 1180 1260 ,
1201 1218 1260 1254 seu
1282 1217 1510 1267 fastigiorum
1528 1220 1746 1269 explicatio-

161 1275 249 1312 nes?
283 1274 375 1311 Haec
385 1276 484 1311 enim
503 1272 603 1322 supra
614 1275 913 1322 contignationes
923 1283 1132 1322 ponuntur,
1157 1285 1238 1311 non
1248 1273 1352 1325 supra
1361 1277 1567 1324 tegularum
1579 1275 1685 1312 testa.
1706 1277 1746 1313 Si

164 1342 255 1379 ergo
267 1358 276 1374 ‚
291 1341 372 1378 quae
383 1341 462 1366 non
475 1328 621 1379 poss'unt
639 1331 677 1366 in
687 1330 836 1365 veritate
856 1329 1040 1365 rationem
1052 1328 1187 1366 habere
1197 1328 1280 1367 fasti
1292 1355 1300 1368 ‚
1325 1331 1360 1366 in
1375 1331 1520 1380 pieturis
1533 1331 1747 1380 probaveri-

162 1397 246 1423 mus
258 1414 268 1429 ‚
288 1384 508 1421 accedemus
528 1387 565 1422 ὃς
578 1397 648 1422 nos
662 1385 715 1422 his
728 1384 934 1422 civitatibus
947 1410 955 1423 ,
978 1396 1060 1433 quae
1069 1395 1221 1435 propter
1242 1385 1319 1422 haec
1330 1387 1419 1425 vitia
1437 1385 1644 1436 infipientes
1662 1387 1747 1423 sunt

160 1441 337 1488 judicatae.
355 1441 482 1489 Itaque
496 1440 696 1490 Apaturius
712 1450 845 1478 eontra
856 1440 1073 1490 respondere
1085 1453 1163 1478 non
1174 1440 1223 1478 est
1234 1439 1302 1478 aus
1296 1452 1335 1478 us
1347 1470 1358 1487 ‚
1369 1440 1428 1480 sed
1437 1442 1571 1480 sustulit
1581 1443 1746 1486 scenam,

161 1496 199 1533 &
211 1496 255 1534 ad
266 1497 450 1533 rationem
462 1497 620 1535 veritatis
633 1506 906 1535 commutatam
919 1522 926 1536 ‚
950 1495 1076 1546 postea
1099 1497 1307 1534 comediam
1320 1498 1547 1548 approbavit.
1580 1496 1746 1535 Utinam

161 1551 227 1588 Dii
246 1552 480 1588 immortales
492 1551 669 1597 fecissent,
681 1563 719 1590 ut
728 1553 894 1590 Licinius
905 1550 1148 1595 revivisceret,
1160 1552 1195 1589 δε
1207 1554 1408 1603 corrigeret
1418 1554 1513 1591 hanc
1527 1554 1743 1592 amentiam,

160 1607 476 1656 tectoriorumque
486 1609 640 1645 errantia
652 1609 812 1646 instituta
823 1622 829 1642 τ
840 1607 900 1644 sed
910 1618 1023 1657 quare
1033 1609 1160 1646 vincat
1170 1609 1362 1647 veritatem
1374 1611 1468 1647 ratio
1481 1608 1573 1649 salsa,
1588 1619 1667 1646 non
1678 1609 1746 1646 erit

160 1663 323 1700 alienum
337 1674 531 1714 exponere.
564 1665 680 1716 Qod
700 1666 799 1701 enim
813 1665 953 1713 antiqui
963 1663 1184 1702 insumentes
1194 1664 1359 1701 laborem
1372 1664 1407 1701 &
1419 1663 1628 1701 industriam
1640 1694 1650 1708 ‚
1660 1676 1746 1715 pro-

161 1717 248 1755 bare
267 1718 545 1756 contendebant
565 1721 702 1756 artibus
715 1748 724 1763 ‚
745 1719 782 1757 id
803 1731 903 1756 nunc
923 1718 1114 1756 coloribus
1128 1718 1163 1755 δε
1175 1731 1308 1757 eorum
1319 1721 1475 1769 eleganti
1488 1720 1606 1769 specie
1618 1719 1747 1756 conse-

159 1783 347 1821 quuntur:
370 1776 406 1810 ὅ(
419 1785 530 1822 quam
544 1773 718 1811 subtilitas
730 1774 878 1811 artificis
897 1773 1091 1821 adjiciebat
1105 1775 1278 1824 operibus
1297 1777 1535 1812 autoritatem
1546 1801 1555 1814 ‚
1569 1787 1668 1812 nunc
1678 1774 1748 1811 do-

158 1829 319 1865 minicus
335 1828 499 1878 sumptus
511 1827 622 1866 efficit
642 1842 688 1866 ne
705 1829 934 1867 desideretur.
978 1830 1075 1880 Quis
1095 1831 1195 1867 enim
1212 1832 1452 1879 antiquorum
1473 1842 1551 1868 non
1566 1859 1575 1874 ‚
1597 1832 1649 1868 uti
1668 1841 1744 1866 me-

159 1883 384 1922 dicamento,
398 1885 518 1920 minio
528 1896 637 1934 parce
649 1885 796 1922 videtur
805 1883 884 1922 usus
894 1883 984 1921 effe?
1013 1884 1066 1921 At
1077 1897 1175 1922 nunc
1189 1884 1314 1935 passim
1327 1887 1531 1935 plerunque
1547 1887 1617 1923 toti
1629 1886 1747 1936 parie-

159 1948 213 1977 tes
229 1938 463 1977 inducuntur.
493 1939 656 1978 Accedit
673 1939 750 1978 huc
775 1941 825 1987 [i]
849 1938 1074 1987 chrysocolla
1084 1965 1092 1979 ‚
1114 1940 1254 1980 ostrum
1266 1970 1276 1987 ,
1301 1940 1380 1988 [k]
1402 1943 1608 1980 armenium
1624 1955 1631 1978 :
1667 1941 1744 1978 haec

1118 1997 1143 2033 S
1649 2008 1742 2036 vero

157 2089 194 2126 f]
224 2091 307 2120 Idem.
327 2095 375 2121 Nae
387 2092 423 2120 illi
433 2093 496 2121 mihi
508 2093 630 2122 videntur
649 2092 801 2122 Vitruvium
812 2104 865 2121 non
875 2091 985 2134 legisse,
1005 2095 1093 2132 quiad
1110 2096 1292 2123 testimonium
1311 2105 1437 2123 vocantes
1449 2117 1455 2125 ‚
1475 2104 1539 2132 pro.
1557 2094 1582 2120 in
1597 2089 1745 2119 minusculo

202 2130 486 2172 theatro,legerunt,ut
498 2135 733 2172 praeteream.quod
744 2134 919 2162 Alabandenis
932 2134 1137 2173 tribuant,quod
1149 2137 1244 2164 eodem
1255 2135 1484 2163 autoreTrallibus
1495 2142 1550 2161 erat
1561 2131 1743 2159 tribuendum:

201 2174 226 2200 δέ
239 2172 275 2199 illi
286 2174 380 2202 Cariae,
391 2172 485 2201 bisunt
497 2175 586 2212 Lydia:
596 2175 694 2212 populi.
718 2175 928 2203 Eccleiiasterion
946 2185 1013 2213 ergo
1024 2175 1155 2203 vocabant
1165 2197 1171 2207 ,
1190 2176 1262 2213 quod
1274 2186 1306 2202 eo
1320 2175 1462 2211 (pestatum
1474 2173 1633 2211 congregati
1644 2181 1747 2198 conve-

202 2212 301 2239 nirent.
321 2212 501 2242 minusculum
518 2223 607 2242 autem
621 2215 754 2243 theatrum
773 2214 874 2242 Graecis
893 2213 1022 2249 §ltilpjehav
1031 2215 1129 2243 dicitur
1140 2236 1148 2248 ,
1168 2225 1196 2243 ut
1208 2216 1275 2253 apud
1296 2218 1444 2243 Varronem
1460 2214 1507 2241 lib.
1518 2223 1566 2240 111.
1587 2212 1619 2240 de
1631 2213 1671 2240 Re
1682 2211 1742 2239 rust³

203 2262 261 2290 cap.
275 2262 300 2279 v.

159 2293 191 2330 g]
230 2293 312 2320 ldem.
336 2292 500 2331 Episcenium
513 2294 563 2322 five
574 2294 717 2334 episcenos,
729 2305 757 2323 ut
770 2295 815 2323 lib.
826 2306 850 2323 v.
863 2305 918 2334 cap.
931 2305 997 2324 v111.
1014 2295 1083 2334 quod
1095 2294 1168 2331 supra
1176 2293 1280 2322 scenam
1288 2294 1421 2322 extruitur
1431 2315 1437 2326 ,
1457 2293 1483 2322 id
1495 2294 1546 2325 est,
1564 2291 1746 2322 columnatio—

203 2342 267 2361 num
279 2333 329 2360 live
339 2335 574 2374 contignationum
584 2337 698 2363 ordines.

160 2372 192 2408 h]
224 2373 305 2401 Idem.
328 2374 440 2406 Tholos‚
453 2385 567 2413 quorum
579 2378 678 2403 mentio
689 2374 753 2405 fasta
766 2376 811 2403 lib.
826 2386 863 2403 iv.
875 2384 930 2414 cap.
943 2386 997 2404 vrr.
1015 2375 1190 2413 intelligimus
1201 2375 1342 2403 erectiores
1352 2385 1468 2403 cameras
1484 2374 1646 2412 templorum
1657 2374 1744 2401 herni-

200 2411 314 2451 sphaeriis
327 2434 333 2444 .
353 2414 378 2441 id
390 2416 424 2442 est
442 2416 544 2452 cuppolis
555 2416 613 2444 addi
625 2415 721 2445 solitas.
746 2418 805 2445 ltali
816 2416 930 2444 tribunus
951 2420 974 2445 &
988 2416 1099 2444 laternas
1111 2424 1218 2443 vocant.
1240 2417 1283 2444 Eae
1292 2425 1382 2444 autem
1393 2414 1459 2444 fiunt
1471 2415 1644 2455 multangulae
1653 2423 1696 2442 aut
1712 2413 1745 2442 ad

202 2454 272 2492 cycli
283 2454 416 2482 ducuntur
428 2456 569 2483 ambitum.
1129 2453 1132 2460 ¹

160 2496 182 2530 ι’]
213 2494 298 2522 idem.
322 2494 496 2533 Chrysocolla
507 2494 612 2525 fastida
624 2518 630 2528 ,
651 2508 728 2535 quarn
748 2496 898 2526 Dioscorid.
919 2496 963 2524 lib.
976 2508 1002 2525 ν.
1022 2497 1046 2525 in
1058 2495 1221 2537 aeruginibus
1233 2505 1370 2528 numerat,
1393 2506 1503 2524 utuntur
1520 2494 1638 2523 aurifices
1648 2494 1746 2534 agglu-

202 2534 322 2565 tinando.
334 2533 583 2574 ferruminandoque
594 2547 658 2564 auro
668 2559 674 2568 ‚
692 2538 817 2566 boraccm
828 2546 963 2565 vocantes.
987 2538 1063 2566 Vnde
1076 2541 1100 2566 δ(
1113 2538 1317 2575 Auricapistrum
1333 2537 1364 2564 ab
1376 2539 1512 2565 Avicenna
1533 2544 1653 2563 vocatur.
1677 2536 1744 2563 ham

201 2576 319 2603 venetiis
332 2576 444 2604 vidimus
456 2578 724 2615 quadruplicicoloris
734 2576 891 2609 differentia,
901 2578 997 2607 albam,
1014 2578 1124 2611 luteam,
1136 2578 1245 2605 viridem
1259 2581 1281 2605 ὃς
1295 2579 1480 2617 nigricantem.
1503 2577 1606 2605 Nativae
1621 2574 1686 2602 Plin.
1696 2574 1744 2602 lib.

202 2625 305 2644 xxxiii,
317 2626 372 2654 cap.
384 2628 407 2644 v.
424 2617 543 2645 colorem
559 2614 610 2646 effe
622 2618 708 2646 herbae
725 2618 819 2659 segetis
831 2619 890 2646 laete
901 2619 1008 2646 virentis
1018 2618 1125 2650 scribit,
1145 2615 1249 2656 esseque
1262 2617 1405 2645 humorem
1418 2619 1444 2644 in
1455 2625 1595 2655 puteorum
1606 2614 1744 2643 scrobibus

200 2665 247 2694 per
257 2667 350 2684 venam
361 2658 415 2685 auri
426 2658 587 2685 defluentem
599 2679 605 2690 ‚
620 2656 790 2687 cralssscentc
802 2659 867 2686 iimo
877 2659 1008 2697 rigoribus
1019 2658 1133 2687 hibernis
1145 2658 1261 2696 usquein
1275 2659 1400 2685 duritiem
1412 2658 1533 2693 pumicis.
1555 2656 1743 2684 Laudatiorem

200 2697 228 2724 in
238 2698 334 2725 aerariis
346 2698 475 2728 metallis,
493 2700 641 2736 proximam
653 2700 677 2726 in
688 2700 843 2737 argentariis
855 2698 925 2727 fieri:
938 2700 1048 2727 inveniri
1061 2701 1123 2727 &in
1133 2699 1298 2737 plumbariis:
1319 2695 1478 2731 viliffimam,
1492 2697 1629 2725 aurariam.
1651 2696 1742 2726 Addit,

204 2738 320 2766 nativam
337 2737 407 2766 lutea
419 2738 497 2766 herba
509 2740 577 2779 tingi
590 2761 596 2771 ,
614 2739 650 2766 ob
667 2734 745 2777 idque
764 2741 862 2767 luteam
882 2739 949 2771 dici,
971 2740 1044 2774 cujus
1062 2740 1142 2768 etiam
1163 2740 1283 2766 meminit
1296 2738 1340 2766 lib.
1354 2748 1433 2765 xxxv.
1445 2748 1502 2777 cap.
1515 2748 1553 2766 vr.
1575 2746 1654 2775 quam
1663 2736 1746 2777 longe

205 2778 334 2815 optimam
346 2778 461 2806 censent.
482 2782 522 2807 De
531 2790 560 2807 ea
569 2779 657 2807 scribit
670 2781 762 2808 Galeri.
774 2780 864 2818 Simpl.
879 2780 1022 2808 Medicam.
1033 2780 1078 2808 lib.
1089 2790 1127 2808 rx.
1138 2783 1161 2807 ἃ
1175 2790 1199 2806 x.
1208 2778 1252 2806 ubi
1262 2779 1294 2806 de
1306 2779 1416 2806 humana
1427 2780 1500 2806 urina
1511 2778 1599 2806 tradit.

166 2817 194 2851 k]
222 2817 304 2846 Idem.
330 2820 496 2850 Armenium.
509 2820 582 2858 qnod
593 2820 685 2848 Galen.
697 2821 742 2847 lib.
756 2831 794 2848 ix.
809 2820 900 2858 Simpl.
910 2821 1052 2848 Medicam.
1068 2820 1257 2848 Armeniacum
1270 2827 1357 2849 vocat.
1367 2818 1492 2856 probatur
1503 2818 1652 2847 Dioscoridi
1662 2818 1707 2847 lib.
1717 2829 1743 2846 v.

208 2865 232 2884 c.
244 2867 284 2885 ιν,
297 2860 369 2897 quod
381 2861 485 2888 caerulei
498 2862 594 2888 coloris
604 2862 652 2891 est,
668 2861 734 2888 Plin.
746 2871 808 2889 vero
820 2861 864 2888 lib.
876 2871 955 2888 xxxv.
966 2871 1022 2899 cap.
1035 2872 1074 2888 vi.
1087 2861 1157 2899 quod
1170 2859 1268 2890 viridis,
1281 2861 1481 2887 communicato
1491 2859 1581 2888 colore
1592 2869 1652 2888 cum
1664 2869 1747 2888 caeru-

209 2896 260 2924 leo.
278 2899 379 2927 Mesues
393 2900 437 2928 lib.
449 2901 539 2939 Simpl.
555 2912 587 2929 11.
602 2902 739 2929 meliorem
750 2902 815 2929 dicit
832 2911 892 2929 eum
911 2901 1023 2937 lapidem
1034 2903 1181 2929 armenium
1193 2900 1237 2937 qui
1248 2899 1367 2927 colorem
1384 2899 1460 2928 habet
1473 2901 1590 2928 medium
1602 2901 1669 2928 inter
1681 2900 1746 2927 viri-

207 2936 268 2963 dem
287 2941 310 2966 &
330 2939 477 2969 obscurum.
504 2942 579 2979 Apud
597 2942 760 2970 Trallianum
772 2942 817 2971 lib.
831 2953 850 2971 1.
862 2952 918 2981 cap·
928 2952 993 2971 xxn.
1002 2942 1084 2982 legas,
1102 2942 1204 2981 parium
1214 2936 1266 2969 effe
1279 2941 1373 2970 virium
1385 2949 1446 2971 cum
1460 2942 1521 2970 albo
1532 2950 1637 2971 veratro
1648 2942 1674 2968 in
1686 2949 1747 2979 pur==

210 2977 296 3018 ganda
306 2987 360 3008 atra
368 2980 436 3015 bile;
455 2983 528 3022 quod
539 2983 653 3020 majores
665 2982 788 3012 latuerat.
1627 3019 1646 3057 7]
1662 3018 1690 3047 Id

1625 3044 1629 3048 ,
1693 3027 1744 3046 ειη,
