2023 3162
295 71 345 103 24
652 55 1039 94 ELEMENTORUM
1076 50 1520 90 Ancmmcwaie

293 136 328 159 m
334 123 474 170 mimis,
485 124 544 177 qui
554 124 630 177 pofl
641 135 694 159 eos
705 124 910 161 extiterunt,
923 116 1336 174 autoribuspraefhrantur
1352 118 1486 171 proprio
1495 116 1643 171 quodam
1652 119 1880 174 intelligendi„

293 186 334 213 ut
344 192 418 217 mea
428 182 538 232 opinio
544 177 633 231 fert,
648 174 789 215 ambitu.
803 182 879 215 Post
892 177 1028 214 Zeuxis
1040 186 1141 228 atque
1151 173 1438 212 Parrhafius‚n0n
1447 172 1597 211 multum
1605 184 1700 212 aetate
1708 176 1882 225 distantes,

294 234 400 277 (circa
406 233 636 287 Peloponnefia
646 229 739 269 ambo
748 232 996 284 tempora‚nam
1008 231 1049 268 de
1059 227 1363 280 Parrhafiofermo
1374 230 1538 266 Socratis
1548 229 1639 282 apud
1648 233 1760 270 Xeno
1763 232 1881 285 phon-

295 298 374 328 tem
393 292 604 331 invenitur)
620 286 815 341 plurimum
834 289 905 324 arti
914 284 1127 324 addiderunt.
1161 288 1333 336 Qorum
1344 286 1445 337 prior
1459 282 1644 331 luminum,
1664 285 1883 326 umbrarum.

292 356 358 396 que
376 343 545 395 inveniffi’
556 356 732 382 rationem,
744 341 916 394 secundus
927 338 1135 392 examinaffi’
1142 339 1308 393 subtilius
1318 339 1426 376 lineas
1446 338 1610 377 traditur.
1632 342 1724 379 Nam
1743 345 1882 382 Zeuxis

286 398 366 451 plus
382 398 541 438 membris
557 402 698 450 corporis
716 396 830 443 dedit,
850 395 888 434 id
901 396 1048 451 amplius
1057 407 1159 450 atque
1168 396 1346 448 augustius
1356 404 1465 440 ratus,
1483 402 1499 441 (
1508 404 1547 431 ut
1559 395 1756 446 existimant
1763 403 1781 441 )
1795 400 1880 437 Ho-

289 467 435 493 merum
443 453 603 507 fictitios,
622 454 678 490 cui
698 451 908 505 validisstma
928 466 1065 506 quaeque
1069 452 1193 504 forma
1211 451 1316 488 etiam
1334 453 1373 487 in
1384 449 1542 502 foeminie
1556 450 1682 502 placet.
1712 451 1777 489 Ille
1794 467 1881 492 vero

286 511 338 547 ita
355 508 612 562 circtimsc'rt'pfit
628 510 743 545 omnia
754 539 764 554 ‚
777 518 817 546 ut
835 521 912 547 eum
930 507 1190 562 legumlatorem
1200 515 1324 543 vocent
1335 535 1346 551 ‚
1365 507 1446 558 quia
1455 512 1606 543 Deorum
1617 515 1720 559 atque
1737 504 1880 546 heroum

289 563 414 619 effigies
428 591 436 605 ,
457 565 572 618 quales
592 561 634 600 ab
654 576 689 601 eo
707 563 842 601 traditae
854 592 863 606 ‚
889 567 1017 610 caeteri,
1033 574 1198 616 tanquam
1214 563 1265 598 ita
1283 555 1406 613 neceſje
1413 559 1464 611 stt
1479 587 1487 601 ,
1510 559 1717 614 fi’quuntur.
1747 562 1880 601 floruit

288 631 404 657 autem
422 623 512 657 circa
532 620 740 671 Philippum
753 650 763 666 ‚
782 615 942 673 &usque
950 619 996 656 ad
1002 616 1203 672 fiicceffires
1223 616 1447 661 Alexandri,
1464 617 1604 670 pillum
1617 618 1780 671 pracipue
1792 643 1800 658 ‚
1812 616 1882 671 fid

290 688 335 712 ex
352 674 497 727 diversts
515 673 733 714 virtutibus:
763 689 845 713 nam
862 688 945 713 cura
965 676 1198 725 Protogenes
1216 702 1227 719 ‚
1261 674 1395 710 ratione
1412 672 1625 724 Pamphilus
1642 701 1654 718 ,
1675 686 1714 710 ac
1731 675 1878 712 Melan-

288 730 401 770 thius,
406 729 585 782 facilitate
600 732 829 782 Antiphilus,
842 730 1062 784 concipiendis
1076 724 1571 781 vistonibus(quas<poev⁹(9'wlae
1581 730 1721 771 vocant)
1736 729 1877 770 Theon

290 788 435 824 Samius
445 816 456 832 ‚
474 788 608 840 ingenio
619 780 663 826 (ῥ’
679 790 809 840 gratia,
822 800 925 840 quam
936 783 1002 839 ipse
1010 787 1165 822 maxime
1175 786 1211 822 in
1221 782 1263 835 fi
1271 785 1389 833 jaetat
1402 813 1412 829 ‚
1431 784 1582 834 Apelles
1596 783 1877 836 eftpraestantissi-

286 854 376 878 mus.
409 843 689 893 Euphranorem
702 840 946 881 admirandum
958 841 1051 896 fhcit
1064 869 1071 882 ,
1096 840 1188 894 quod
1196 839 1238 884 <ly
1249 843 1368 877 caeteris
1377 841 1509 892 optimu
1523 838 1649 889 studiis
1658 841 1752 877 inter
1755 845 1877 893 praci-

284 907 369 948 puos
381 924 389 937 ‚
404 897 621 950 &pingendi
628 896 854 952 fingendique
861 897 950 935 idem
961 899 1069 934 mirus
1079 895 1215 949 artifex
1224 893 1315 947 fuit.
1345 895 1476 932 Similis
1488 897 1526 933 in
1530 894 1662 946 statuis
1671 893 1874 947 dffirentia.

289 965 370 988 nam
382 948 425 992 ὦ*
435 952 572 990 duriora
585 952 627 998 ὠ
647 953 836 1005 Tuscanicis
848 955 1012 1005 proxima
1023 954 1148 990 Calon
1157 962 1260 1004 atque
1272 949 1414 1000 Egefias
1425 980 1435 997 ‚
1447 953 1526 1000 jam
1535 952 1650 988 minus
1665 949 1791 1004 frigida
1803 951 1876 990 Ca-

289 1008 416 1048 lanus.
439 1008 591 1047 molliora
610 1007 941 1062 adhucficpradiliis
962 1010 1101 1055 Myron
1109 1005 1211 1059 fecit.
1240 1006 1431 1057 Diligentia
1449 1019 1490 1042 uc
1507 1005 1603 1043 decor
1619 1006 1658 1042 in
1676 1007 1874 1055 Polycleto

279 1060 389 1115 fiipra
406 1074 537 1102 exteros
549 1094 558 1110 ‚
570 1066 626 1101 cui
636 1078 834 1117 quanquam
847 1062 870 1101 ἰι
883 1063 1059 1117 plerisqtie
1075 1061 1245 1100 tribuitur
1260 1060 1375 1115 palma
1386 1087 1395 1101 ²
1417 1070 1535 1098 tamen
1553 1074 1596 1098 m’
1603 1058 1696 1100 nihil
1711 1059 1874 1100 detraha-

286 1128 350 1154 tur
360 1144 368 1158 ‚
390 1116 494 1169 deeffi’
507 1118 638 1172 pondus
652 1129 794 1173 putant.
824 1125 927 1168 Qum
947 1131 988 1156 ut
1007 1117 1162 1156 humane
1171 1118 1296 1169 fhrmae
1313 1116 1466 1154 decorem
1485 1115 1656 1154 addiderit
1672 1116 1787 1170 stipra
1806 1130 1873 1155 ve-

286 1185 382 1217 rum,
393 1175 440 1211 ita
450 1189 516 1211 non
526 1172 716 1227 explevisse
725 1174 863 1213 deorum
873 1174 1115 1212 aut‘loritatem
1124 1172 1266 1212 videtur
1275 1203 1285 1219 ‚
1298 1174 1382 1225 quin
1392 1182 1520 1210 aetatem
1533 1185 1663 1226 quoque
1667 1175 1873 1225 graviorem

287 1227 418 1266 dicitur
435 1228 599 1284 refugisse
611 1260 621 1276 ‚
631 1229 726 1267 nihil
731 1229 830 1283 austes
840 1229 933 1267 ultra
945 1230 1039 1268 leves
1054 1243 1173 1284 genas.
1197 1235 1275 1267 eAt
1286 1242 1355 1281 quae
1367 1228 1560 1277 Polycleto
1568 1226 1773 1277 defuerunt,
1790 1228 1874 1266 Phi-

289 1284 355 1321 diae
366 1295 468 1337 atque
488 1286 686 1324 Alcameni
696 1285 838 1324 dantur.
868 1286 1012 1324 Phidias
1023 1295 1139 1323 tamen
1157 1283 1220 1322 diis
1229 1297 1332 1337 quam
1349 1281 1540 1321 hominibus
1559 1280 1739 1336 efficiendis
1754 1283 1874 1321 melior

287 1338 423 1392 artifex
433 1339 586 1379 traditur
599 1369 606 1382 ‚
627 1344 665 1378 in
676 1340 770 1379 ebore
778 1355 862 1379 vero
871 1341 969 1395 longe
976 1343 1063 1378 citra
1073 1340 1244 1386 romulum,
1255 1338 1319 1376 vel
1322 1339 1362 1389 st
1368 1336 1461 1375 nihil
1469 1338 1537 1390 nifi
1543 1341 1754 1376 Minervam
1766 1337 1873 1377 Athe-

287 1398 341 1432 nis
351 1404 414 1431 aut
435 1396 629 1451 Olympium
638 1399 676 1434 in
695 1395 793 1435 Elide
812 1404 928 1435 Iovem
941 1393 1095 1450 feciffl’t‚
1113 1397 1210 1445 cujus
1225 1393 1443 1450 pulchritudo
1461 1393 1612 1446 adjeciffie
1631 1391 1763 1447 aliquid
1769 1397 1872 1432 etiam

286 1459 424 1503 receptae
435 1451 590 1506 religioni
601 1451 758 1498 videtur,
771 1452 850 1490 adeo
859 1455 1018 1503 majestas
1030 1457 1134 1503 operis
1144 1450 1244 1489 deum
1253 1452 1416 1505 aequavit.
1450 1450 1541 1491 eAd
1549 1451 1736 1488 veritatem
1748 1449 1872 1501 Lyfip-

287 1518 380 1555 pum
392 1500 435 1545 ὠ
453 1509 671 1547 Praxitelem
687 1507 845 1560 accesszffe
863 1518 987 1563 optime
997 1505 1185 1561 affirmant.
1214 1513 1318 1555 Nym
1337 1508 1551 1544 Demetrius
1563 1515 1729 1558 tanquam
1739 1507 1870 1543 nimius

284 1561 323 1596 in
336 1574 375 1597 ea
391 1561 668 1614 reprehenditur,
679 1555 1063 1615 &fuitfimilitudinis
1074 1577 1177 1616 quam
1191 1560 1457 1618 pulchritudinis
1467 1564 1647 1599 amantior.

343 1616 436 1654 Haee
448 1619 498 1656 est
507 1619 695 1668 ingeniosa
706 1621 853 1658 censura
863 1630 1030 1659 veterum
1042 1620 1227 1658 artificum
1241 1649 1251 1665 ,
1270 1630 1384 1669 quam
1399 1616 1655 1670 „Quintilianus
1665 1616 1777 1654 nobis
1787 1618 1871 1654 reli-

291 1673 381 1718 quit.
403 1674 445 1709 In
463 1686 535 1723 qua
546 1674 751 1725 postremus
762 1676 950 1714 charaeter
960 1676 1147 1716 Demetrii,
1169 1674 1322 1724 aliquod
1333 1673 1630 1725 philosophicum
1644 1684 1800 1710 examen
1810 1673 1870 1710 de-

289 1725 433 1771 fiderat,
445 1731 648 1776 quomodo
658 1731 785 1769 artifex
798 1760 808 1775 ,
827 1733 930 1779 cujus
942 1732 1075 1780 scopus
1087 1730 1137 1767 est
1148 1732 1280 1767 imitari
1299 1740 1487 1768 naturam,
1511 1727 1623 1780 possit
1631 1728 1700 1766 effe
1709 1729 1869 1765 nimium

289 1783 460 1818 naturalis
471 1804 480 1830 3
503 1785 606 1832 quod
618 1786 744 1823 itidem
756 1786 880 1823 nostro
893 1797 973 1824 aevo
989 1786 1058 1823 fuit
1068 1786 1201 1824 vitium
1211 1795 1272 1823 aut
1292 1791 1351 1829 (ut
1361 1786 1487 1822 mitius
1497 1785 1646 1833 loquar)
1664 1784 1780 1830 nimia
1789 1795 1868 1832 per-

289 1836 402 1873 fcffio
416 1835 548 1874 Alberti
558 1841 708 1883 Dureri·>
732 1843 768 1878 ὅ(
781 1840 940 1877 fortassis
950 1853 1102 1890 quoque
1113 1837 1317 1877 &Michaelis
1330 1838 1648 1891 AngliBuonaroti:
1666 1839 1761 1875 inter
1771 1850 1867 1887 quos

288 1893 446 1929 memini
458 1905 517 1930 me
528 1894 650 1931 audire
661 1896 705 1932 ab
715 1894 909 1944 ingenioso
920 1893 1076 1932 Artifice
1093 1894 1261 1932 subtilem
1280 1894 1484 1931 admodum
1495 1891 1748 1933 differentiam,
1764 1894 1869 1942 quod

287 1947 497 1985 Germanus
508 1951 617 1987 nimis
627 1953 849 2000 exprimeret
859 1950 962 1999 quod
975 1960 1051 1987 erat
1060 1979 1070 1993 ‚
1097 1950 1261 1987 &Italus
1272 1949 1375 1998 quod
1385 1949 1454 1986 effe
1464 1949 1623 1986 deberet.
1699 1961 1749 1986 uae
1760 1951 1869 1986 nimis

288 2003 405 2039 severa
415 2004 623 2043 observatio
635 2016 771 2043 naturoe
781 2008 817 2043 in
829 2007 937 2043 unius
949 2003 1262 2042 communiffimis
1275 2033 1284 2048 ‚
1305 2006 1342 2041 in
1352 2005 1496 2042 alterius
1510 2003 1704 2042 absolutiffi
1713 2006 1781 2041 mis
1794 2003 1869 2042 for-

287 2060 377 2097 mis,
392 2059 591 2097 necess'ario
601 2061 775 2111 producit
787 2061 977 2110 quendam
988 2063 1150 2110 rigorem
1163 2059 1199 2095 ὃ(
1211 2071 1274 2110 pet
1285 2059 1517 2109 consequens
1529 2063 1710 2105 majorem
1721 2059 1868 2097 natura·

288 2114 431 2151 litatem
442 2127 553 2164 quam
565 2116 804 2154 venustatem.
818 2117 910 2154 Haec
920 2117 969 2153 est
990 2114 1252 2153 evidentissima
1264 2117 1373 2154 ratio.
1398 2116 1450 2152 ob
1461 2127 1576 2165 quam
1588 2116 1737 2164 quidam
1750 2116 1869 2153 exani

288 2168 311 2204 s
305 2173 506 2216 ymmetriae
527 2171 782 2210 observatores
793 2173 928 2222 culpati
938 2172 1072 2209 fuerint
1084 2201 1093 2216 ‚
1114 2172 1220 2220 quod
1231 2172 1340 2208 nimis
1368 2169 1480 2208 ess‘ent
1492 2182 1662 2213 veraces·,
1686 2181 1866 2219 quantum

289 2234 458 2261 mentem
477 2239 601 2264 meam
622 2227 766 2277 possum
786 2230 984 2278 explicare.
1017 2228 1144 2276 Atque
1155 2226 1233 2263 haee
1244 2227 1290 2264 de
1303 2227 1444 2264 delenu
1456 2226 1602 2278 pielurae
1613 2227 1651 2263 ὃ(
1661 2226 1866 2277 Sculpturae

288 2278 448 2328 sequitur
457 2283 658 2332 applicatio
669 2282 855 2332 utriusque
867 2283 912 2320 ad
924 2293 1102 2321 ornatum
1114 2282 1379 2320 stru&urarum.

344 2334 471 2373 Primo
483 2338 606 2386 itaque
616 2338 740 2386 quoad
753 2339 958 2377 Pisturanh
984 2340 1148 2376 occurrit
1158 2337 1313 2375 dubium
1326 2367 1335 2382 ‚
1345 2338 1450 2387 quod
1462 2338 1572 2376 nimis
1581 2337 1709 2376 leviter
1719 2336 1790 2375 fuit
1799 2347 1867 2375 tra-

287 2389 428 2427 &atum
439 2403 517 2429 non
529 2392 649 2431 modo
660 2393 705 2429 ab
717 2395 862 2443 aliquot
871 2395 955 2431 viris
966 2423 977 2439 ‚
996 2394 1053 2431 sed
1066 2394 1330 2432 &nationibus
1342 2414 1352 2441 3
1372 2394 1548 2431 videlieet
1559 2422 1569 2437 ‚
1585 2403 1709 2431 utrum
1719 2392 1796 2431 hoc
1806 2405 1868 2430 or-

286 2456 505 2484 namentum
518 2447 645 2486 deceat
656 2450 837 2486 extimum
851 2450 943 2487 latus
956 2450 1101 2487 aedium.
1119 2450 1237 2493 Cuius
1249 2448 1427 2485 Germani
1436 2460 1513 2486 tam
1526 2449 1695 2497 exiguam
1707 2448 1867 2486 habuere

285 2503 470 2539 rationem
485 2531 493 2545 ‚
513 2513 552 2540 ut
564 2502 787 2541 nobiliffima
798 2504 960 2554 ipsorum
973 2504 1111 2556 oppida
1122 2505 1247 2542 videre
1259 2503 1299 2541 fit
1312 2505 1470 2541 maxime
1482 2504 1591 2554 pieta,
1603 2514 1644 2542 ut
1656 2503 1866 2554 Augustam

287 2557 324 2591 δε
337 2557 639 2610 Nor-imbergam.
675 2559 737 2597 Ad
748 2559 1018 2610 expediendum
1040 2561 1136 2596 hane
1148 2559 1390 2608 questionem
1407 2570 1486 2596 uno
1507 2559 1641 2596 verbo:
1661 2571 1790 2598 verum
1802 2559 1863 2599 est,

290 2609 492 2650 Historiam
504 2613 522 2650 a
534 2616 651 2664 proba
663 2626 775 2652 manu
787 2614 998 2665 expressam,
1008 2615 1145 2664 ubique
1156 2613 1372 2660 judiciosum
1383 2614 1539 2652 oculum
1552 2626 1688 2666 rapere3
1702 2613 1759 2652 sed
1771 2613 1865 2652 haud

287 2666 408 2702 minus
419 2678 548 2706 verum
557 2670 623 2711 est,
644 2672 765 2708 varios
776 2673 925 2707 colores
938 2673 973 2707 iu
987 2672 1132 2707 extimis
1144 2670 1277 2708 aedium
1296 2670 1492 2721 parietibus
1512 2672 1592 2719 plus
1613 2670 1747 2707 habere
1765 2669 1866 2707 dele-

288 2718 461 2758 &amenti
474 2735 584 2771 quam
603 2727 802 2776 dignitatis.
834 2727 960 2779 Qare
971 2727 1087 2762 nolim
1105 2725 1156 2762 ibi
1166 2725 1361 2763 admittere
1379 2725 1465 2763 alias
1477 2725 1634 2775 piCturas
1652 2736 1766 2773 quam
1778 2722 1798 2761 ὲ
1812 2726 1867 2762 ni-

284 2786 355 2822 gro
367 2777 402 2812 &
413 2777 498 2813 albo
512 2807 521 2821 ,
540 2791 657 2829 neque
671 2784 707 2818 in
726 2794 774 2819 eo
784 2793 917 2831 genere
938 2782 1222 2830 ullasimagines
1240 2780 1281 2826 (si
1294 2782 1399 2818 locus
1411 2779 1452 2816 sit
1461 2781 1590 2830 capax)
1611 2781 1733 2816 minus
1751 2792 1865 2828 quam

285 2840 423 2867 novem
435 2842 498 2868 aut
508 2834 640 2872 decem
652 2837 763 2887 pedes
774 2839 862 2874 altas
876 2865 884 2881 ‚
898 2849 979 2886 quae
991 2836 1089 2873 haud
1099 2837 1289 2885 vulgarem
1301 2836 1480 2873 artificem
1492 2835 1698 2884 requirent3
1718 2837 1802 2883 quia
1814 2837 1867 2873 vi-

284 2884 331 2921 tia
342 2887 459 2934 magis
472 2890 672 2939 conspicua
683 2892 763 2929 sunt
773 2904 888 2941 quam
900 2894 935 2929 in
950 2892 1158 2929 minoribus
1170 2890 1494 2941 designationibus.
1512 2891 1555 2927 In
1566 2890 1711 2940 picturis
1724 2901 1861 2930 autem,

1783 2959 1865 2997 quae
