2023 3162
282 101 357 134 152
793 85 1107 122 SeamrLLx
1157 81 1487 119 hmanas.

280 157 467 211 stylobatae
484 155 662 208 planicies
679 153 722 191 B.
737 153 783 192 C.
804 151 1148 190 Horizontisloeo.
1171 149 1298 199 Quare
1311 144 1445 196 plinthi
1463 142 1557 182 latus
1577 145 1623 183 G.
1637 146 1676 183 P.
1697 149 1766 186 erit
1782 159 1824 188 ac
1845 150 1886 189 fi*

282 220 378 256 intra
398 215 545 253 alveum
558 210 745 262 quendam
761 207 978 247 immersum
991 204 1089 244 effer.
1115 206 1247 242 Oculo
1257 204 1358 239 enim
1376 203 1414 238 in
1432 201 1469 237 H
1488 201 1690 240 constituto
1708 216 1789 242 110ss
1806 219 1871 257 ap-

1273 257 1439 309 parebit,
1465 255 1525 292 sed
1544 259 1611 295 erit
1634 269 1679 295 ac
1697 258 1723 296 fi
1743 261 1874 301 thorus

1274 313 1339 364 ipsi
1359 313 1400 349 B.
1414 312 1461 349 C.
1482 312 1658 362 planicici
1675 316 1874 366 impositus

1276 368 1373 407 esset.
1395 367 1488 405 ssafis
1500 368 1626 418 itaque
1636 369 1699 419 ipsi
1711 374 1827 411 oculo
1836 376 1873 411 in

880 435 895 448 κ
930 421 1264 487 GK?
1277 425 1328 462 H.
1349 423 1557 462 constituto
1575 425 1722 474 plintho
1744 439 1874 468 carens

895 486 901 498 ²
946 501 964 518 x
1237 480 1250 495 ³
1276 480 1471 520 videbitur.
1510 482 1587 518 Cui
1614 481 1766 530 quidem
1784 486 1877 523 vitio

982 537 1035 594 ⁸&
1278 548 1477 575 occurrere
1505 536 1638 574 volens
1668 538 1880 588 Vitruvius,

1036 595 1093 655 *χ
1278 593 1524 640 adjeElionem
1535 592 1814 642 perseamillos,
1838 607 1880 635 ut

1093 655 1128 690 Ν.
1279 662 1324 687 ex
1344 650 1419 696 ejus
1439 646 1559 686 verbis
1587 649 1716 699 colligi
1736 650 1876 701 potest.

1150 714 1185 750 χ
1279 705 1517 755 excogitavit.

1204 770 1265 831 κς
1335 760 1396 799 Ut
1416 770 1542 798 autem
1554 759 1744 809 stylobatae
1755 763 1881 801 alveo-

1164 807 1216 843 Η
1229 806 1265 843 ῥ’
1277 817 1370 854 latio
1390 819 1428 854 δε
1457 816 1592 867 plinthi
1611 818 1651 853 in
1669 819 1750 864 ejus
1770 819 1879 857 alveo

1278 871 1470 910 immerfio
1497 872 1656 910 lucidius
1684 884 1879 924 appareat,

1279 928 1496 966 inferiorem
1508 927 1743 980 apposuimus
1761 929 1881 968 defor-

1281 995 1503 1022 mationem.

1337 1039 1424 1077 Esto
1444 1041 1545 1076 enim
1563 1038 1702 1076 oculus
1726 1041 1763 1078 in
1781 1040 1882 1078 hori-

1282 1105 1397 1133 zonte
1407 1096 1497 1146 ipso,
1515 1094 1578 1131 ubi
1588 1095 1638 1132 K.
1650 1094 1741 1132 bafis
1753 1106 1882 1135 autem

1281 1150 1444 1201 plinthus
1455 1153 1562 1189 alveo
1573 1152 1762 1189 immersus
1773 1153 1823 1189 D.
1838 1153 1879 1190 E.

1086 1242 1090 1244 ,
1282 1208 1319 1244 F.
1331 1207 1376 1243 G.
1401 1207 1547 1262 Qibus
1558 1205 1882 1253 constitutis‚bas1s

1139 1296 1161 1298 μ
1173 1294 1199 1297 ᾈ
1279 1261 1353 1314 ipsa
1364 1263 1497 1312 absque
1512 1262 1665 1313 plintho
1676 1265 1880 1313 apparebit3

1062 1366 1074 1373 ⁸
1177 1320 1262 1367 ἒξ
1281 1319 1385 1368 quod
1397 1320 1526 1368 utique
1544 1318 1662 1355 oculo
1677 1320 1716 1355 in
1727 1319 1774 1363 H.
1791 1331 1883 1356 con-

765 1390 804 1402 =====
1049 1375 1102 1417 -ἐ-ι-
1125 1369 1262 1419 Ξ-ὲὲζῖ
1282 1374 1408 1413 stituto
1436 1377 1475 1412 in
1500 1374 1678 1425 superiori
1695 1373 1882 1414 schemate

965 1440 1025 1447 *³
1078 1440 1185 1448 “*‘*
1203 1446 1255 1448 -
1279 1441 1455 1482 apparere
1468 1429 1714 1468 docebamus.

341 1492 578 1530 Remedium
589 1493 775 1541 quaeritur.
808 1489 895 1527 Esto
907 1489 1089 1527 idemmet
1098 1486 1279 1538 stylobata
1296 1487 1346 1524 A.
1361 1490 1466 1534 cujus
1475 1487 1651 1537 planicies
1662 1486 1708 1524 ad
1717 1485 1881 1526 libellam

287 1558 478 1598 exaequata
492 1548 584 1585 BC.
599 1547 902 1595 Addaturitaque
911 1558 976 1597 per
987 1546 1155 1583 medium
1167 1542 1387 1593 stylobatam
1398 1543 1582 1581 scamillus
1593 1542 1634 1579 E.
1644 1542 1695 1579 K.
1707 1542 1751 1579 L.
1762 1543 1808 1580 G.
1822 1545 1885 1582 cui

288 1604 446 1655 quidem
457 1606 675 1654 imponatur
687 1602 777 1641 basis
789 1601 952 1653 plinthus
964 1601 1218 1640 D.E.G.F.Sit
1229 1610 1355 1638 autem
1367 1601 1511 1638 oculus,
1526 1608 1567 1637 ut
1576 1599 1612 1636 in
1623 1600 1743 1649 prima
1751 1598 1882 1649 figura.

289 1661 354 1698 ubi
367 1660 416 1696 H.
429 1662 504 1698 Erit
515 1661 664 1711 opticus
676 1659 798 1696 radius
815 1657 992 1709 lincaipsa
1012 1657 1060 1695 H.
1078 1659 1123 1696 C.
1137 1657 1182 1694 G.
1196 1657 1328 1694 Oculo
1339 1657 1452 1706 igitur
1473 1656 1511 1691 in
1531 1654 1580 1691 H.
1593 1654 1736 1705 pofito,
1752 1656 1884 1694 omnia

288 1728 331 1752 ea
350 1717 511 1753 extantia
529 1715 758 1766 apparebunt
776 1727 861 1765 quae
873 1714 974 1766 supra
985 1714 1165 1765 punCmm
1177 1713 1224 1750 G.
1234 1712 1372 1750 fuerint
1382 1711 1591 1750 constituta.
1608 1721 1643 1748 at
1661 1710 1765 1760 supra
1778 1711 1818 1747 E.
1831 1711 1879 1748 G.

288 1772 425 1808 lineam
446 1774 590 1822 integra
608 1770 698 1809 basis
720 1770 839 1822 posita
857 1771 925 1808 est.
956 1770 1100 1817 adicem
1117 1771 1230 1819 igitur
1249 1769 1416 1806 scamillo
1445 1769 1485 1804 E.
1502 1766 1541 1803 K
1555 1767 1655 1804 L.G.
1678 1766 1877 1814 stylobata,

287 1828 393 1875 quod
411 1828 618 1878 adintegrae
638 1827 729 1864 basis
741 1826 922 1865 vifionem
942 1827 1119 1877 pertinet,
1140 1826 1259 1863 oculo
1280 1824 1329 1862 H.
1352 1824 1557 1862 alveolatus
1574 1834 1654 1860 non
1673 1821 1875 1861 videbitur.

291 1883 410 1934 Qod
421 1882 501 1919 sane
513 1895 557 1919 ex
569 1883 731 1921 Vitruvii
743 1883 953 1933 praescripto
965 1881 1202 1919 efficiendum
1220 1881 1351 1919 fuerat.

345 1937 455 1973 Hisce
466 1938 648 1985 igiturita‚
664 1940 718 1974 uti
729 1939 872 1975 dietum
882 1937 932 1974 est
943 1967 953 1982 ‚
972 1937 1182 1975 constitutis
1193 1965 1203 1980 ,
1218 1936 1341 1973 debita
1354 1934 1444 1971 basis
1455 1935 1602 1982 integrae
1621 1931 1759 1982 species
1769 1961 1779 1976 ‚
1792 1933 1844 1969 uti
1857 1930 1878 1969 ὲ

289 1991 475 2029 schemate
487 2001 654 2042 apparet,
674 1991 744 2029 sese
757 1992 935 2028 ostendet.
949 1993 1087 2029 Eadem
1101 1992 1201 2028 enim
1211 1991 1347 2038 species
1367 1989 1509 2032 adjesto
1521 1988 1687 2025 scamillo
1703 1989 1819 2025 oculo
1842 1988 1879 2027 H

290 2046 360 2085 sese
371 2045 504 2084 offeret
514 2076 525 2092 ‚
534 2056 645 2097 atque
655 2046 878 2085 occurrebat
889 2047 1009 2084 oculo
1020 2048 1057 2082 in
1070 2045 1122 2082 K.
1136 2043 1339 2083 constituto
1348 2069 1358 2085 ‚
1375 2043 1554 2092 stylobata
1564 2041 1700 2092 absque
1710 2043 1731 2079 s
1725 2044 1880 2082 camillo

290 2103 475 2141 existente.

869 2168 1282 2210 OBJEcT1o.

345 2245 417 2282 Sed
431 2243 582 2290 objiciet
594 2243 739 2282 fortaffe
751 2243 945 2295 quispiam,
957 2245 1118 2284 Vitruvii
1130 2242 1293 2291 regulam
1304 2240 1542 2280 universalem
1553 2242 1631 2278 esse.
1648 2253 1768 2292 neque
1779 2245 1881 2283 enim

287 2303 350 2346 ait,
370 2300 739 2348 stylobatam.oculo
756 2301 1048 2338 eminentiorem
1062 2329 1072 2345 ‚
1092 2301 1142 2337 ita
1154 2309 1331 2349 oportere
1350 2299 1549 2346 cxaequari‚
1583 2299 1637 2335 uti
1663 2297 1795 2337 habeat
1816 2313 1881 2350 pet

288 2356 455 2395 medium
475 2355 721 2401 adjectionem
735 2367 798 2406 per
808 2355 994 2394 scamillos
1005 2358 1164 2406 impares
1178 2381 1186 2394 ,
1210 2352 1268 2390 sed
1280 2352 1496 2403 simpliciter
1514 2354 1560 2392 de
1572 2365 1804 2404 quocunque
1814 2356 1882 2404 sty-

286 2413 412 2450 lobata
423 2410 533 2448 verba
545 2410 640 2448 facit.
653 2423 717 2463 par
727 2413 854 2462 itaque
868 2408 1248 2461 est,adjcttionem‚de
1258 2420 1332 2459 qua
1344 2410 1551 2455 Vitruvius,
1561 2410 1761 2461 unicuique
1771 2410 1880 2461 stylo-

288 2469 382 2506 batae
400 2466 536 2504 deberi.

903 2533 1258 2574 D11.v‘r1o.

340 2610 641 2662 Respondemus,
656 2613 781 2648 minus
791 2611 992 2662 oportuisse
1003 2611 1220 2650 Vitruvium
1231 2610 1264 2648 se
1277 2610 1322 2647 de
1334 2610 1574 2647 eminentiori
1585 2609 1762 2658 stylobata
1771 2609 1878 2644 locu-

284 2676 363 2703 tum
377 2667 706 2704 declarare.Nemo
719 2669 816 2704 enim
828 2679 905 2704 non
916 2668 1302 2711 videt,illum‚tantum
1313 2665 1529 2714 stylobatam
1539 2665 1671 2704 dicere,
1683 2665 1746 2713 qui
1757 2664 1876 2699 oculo

286 2720 326 2758 s1t
345 2723 490 2761 elatior,
509 2723 740 2760 alveolatum
758 2723 886 2766 videri,
898 2733 972 2772 atq3
989 2723 1075 2760 ideo
1087 2722 1340 2759 scamillorum
1352 2721 1706 2765 adjefflonemjuxta
1718 2717 1875 2767 praescri-

285 2785 389 2825 ptam
408 2779 594 2815 rationem
606 2778 802 2828 postulare.
816 2777 962 2828 Utique
981 2778 1233 2815 scamillorum
1252 2777 1409 2824 adjectio
1421 2777 1611 2814 Medicina
1625 2773 1795 2823 quaedam
1809 2773 1871 2810 est.

286 2842 400 2880 quare
412 2857 419 2870 ‚
434 2832 535 2869 sicuti
547 2836 746 2883 potionem
758 2836 860 2883 aegris
871 2845 1015 2873 tantum
1029 2835 1271 2884 propinamus
1284 2862 1293 2877 ‚
1307 2834 1353 2870 ita
1364 2832 1614 2869 scamillorum
1625 2828 1873 2873 adjeffionem

283 2887 353 2923 illis
364 2897 509 2924 tantum
523 2888 709 2935 stylobatis
722 2889 897 2928 facimus,
913 2892 976 2939 qui
990 2916 997 2929 ‚
1013 2889 1038 2926 si
1050 2890 1198 2927 scamilli
1209 2900 1285 2925 non
1297 2888 1531 2925 adderentur,
1547 2884 1718 2921 alveolati
1732 2912 1742 2926 ,
1761 2884 1878 2923 veluti

282 2942 468 2981 ostensum
488 2941 557 2982 est,
580 2954 808 2995 apparerent.
838 2947 920 2984 Nec
932 2945 1056 2983 frustra
1066 2957 1126 2982 me
1144 2943 1269 2991 judice
1289 2944 1358 2987 ait,
1378 2941 1455 2978 fieri
1473 2940 1605 2977 debere
1615 2951 1680 2988 per
1690 2938 1872 3001 scamillos

1751 3006 1872 3045 impa-
