2023 3162
262 109 309 136 10
614 91 995 130 ELEMENTORVM
1045 87 1474 127 Ancuiwcrvnzr:

254 164 396 202 ibidem
409 169 554 214 ponunt
563 159 776 198 tabulatum
789 170 831 194 ex
844 157 1026 194 asseribus:
1036 156 1169 194 deinde
1180 156 1330 194 infimus
1342 157 1478 194 chorus
1489 164 1552 193 aut
1563 156 1660 195 ordo
1672 157 1814 197 constet
1825 158 1847 196 ἑὲ

255 220 362 257 nudis
374 218 556 269 lapidibus
577 218 670 264 (quo
682 216 790 251 latior
799 225 847 249 co
859 213 1011 259 melior)
1026 212 1254 258 conjunfflm
1265 212 1390 262 positis
1400 212 1473 249 sine
1484 215 1665 250 mortario
1677 229 1686 257 ·,
1709 227 1790 263 quae
1801 216 1852 253 est

255 277 434 326 generalis
447 274 574 311 cautio
597 273 634 308 in
647 268 825 308 omnibus
837 267 997 318 partibus
1009 268 1207 312 structum,
1219 281 1301 317 quae
1315 271 1499 318 contiguae
1511 266 1589 305 sunt
1608 268 1775 308 asseribus
1788 282 1851 308 aut

256 331 470 380 lignis‚quia
483 329 563 365 calx
575 328 611 364 δε
623 328 766 375 lignum
778 324 909 360 sociari
920 324 1251 368 nolunt‚omnium
1264 326 1421 362 minime
1431 327 1468 361 in
1479 323 1849 364 fundatione.Tertio

258 398 299 424 ut
318 384 587 424 substructionis
598 381 756 419 latitudo
767 379 808 416 sit
820 379 865 415 ad
876 381 1072 418 minimum
1083 380 1192 430 dupla
1203 379 1249 416 ad
1266 379 1486 417 insistentem
1497 381 1647 430 pariete,
1663 383 1778 430 magis
1789 393 1851 420 aut

258 444 383 479 minus
395 471 404 487 ,
417 450 529 491 prout
542 438 687 490 pondus
698 436 842 473 fabricae
852 437 1033 485 requiret:
1049 447 1135 473 nam
1147 444 1323 486 oportet,
1339 447 1378 473 ut
1389 436 1463 473 hoc
1473 446 1638 486 repetam
1652 465 1661 480 ‚
1672 436 1850 480 judicium

257 499 324 535 csse
337 499 617 544 liberius‚quam
627 492 900 541 arteni.Deniq;
912 493 1057 542 reperio
1068 492 1166 542 apud
1178 490 1359 540 quosdam
1373 489 1556 528 curiosum
1569 500 1801 543 preceptum,
1810 504 1852 531 ut

257 553 393 604 lapides
404 561 590 602 ponantur
602 558 642 585 ut
651 550 728 585 nati
737 547 816 584 sunt
826 549 864 585 in
874 547 1070 599 lapicidina
1082 568 1091 595 3
1108 547 1324 598 supponunt
1334 550 1446 586 enim,
1459 547 1540 598 plus
1551 547 1699 584 roboris
1715 547 1850 586 habere

255 612 293 647 in
303 610 461 646 naturali
478 607 499 643 s
493 617 537 643 ua
556 604 731 655 positura.
766 605 867 642 Nam
887 614 927 640 ut
937 599 1114 656 Philt'ppm
1123 602 1164 639 de
1174 601 1304 639 l'Orme
1313 602 1480 644 observat
1492 632 1503 647 ‚
1515 613 1666 653 ruptura
1678 614 1739 641 aut
1747 605 1853 641 incli-

251 667 360 702 natio
380 664 449 700 saxi
468 664 506 699 in
518 662 590 698 hac
602 670 706 711 parte
723 660 921 697 latitudinis
933 669 1083 696 tantum
1104 658 1200 696 dorsi
1209 659 1339 704 cultri,
1359 658 1471 696 efficit
1489 661 1527 696 in
1545 659 1731 710 superiore
1750 670 1852 710 parte

258 720 442 757 strusturae
460 717 618 755 fissuram
638 717 718 768 plus
730 728 842 766 quam
854 714 1127 765 dimidiipedis.
1147 724 1227 752 tam
1245 715 1444 765 periculosi
1464 715 1544 752 sunt
1556 727 1700 753 errores
1720 715 1854 753 funda-

258 775 448 813 mentales.
484 772 592 811 Nihil
615 773 665 812 in.
676 771 771 809 hisce
782 770 1103 809 observationibus
1116 770 1191 807 dixi
1210 770 1255 807 de
1276 772 1465 821 palatione
1485 770 1713 809 fundationis
1726 798 1734 811 ,
1755 771 1775 808 ὲ
1788 772 1854 808 Vi-

262 832 386 868 truvio
396 839 593 880 praecepta,
607 839 698 865 cum
709 826 866 865 humido
878 827 914 864 ἃ
926 826 1106 878 paludoso
1118 828 1210 863 loco
1223 825 1508 877 superstruimus.
1518 838 1605 863 narn
1618 827 1679 863 hic
1692 838 1794 877 error
1804 827 1854 864 est

262 888 300 923 in
311 887 435 936 primo
447 885 601 923 delestu.
631 885 757 932 Itaque
776 884 865 920 tales
876 882 961 921 fitus
973 882 1106 932 quibus
1116 881 1254 919 necesse
1272 881 1321 919 est
1333 882 1388 920 his
1399 884 1454 920 uti
1473 882 1785 933 subpalationibus
1799 883 1854 929 (ut

260 943 431 981 Venetiis
443 941 560 978 nobili
571 941 763 990 exemplo)
774 940 883 976 initio
894 938 998 976 elec‘ti
1007 938 1242 983 videbuntur,
1255 938 1411 976 consilio
1423 937 1670 976 Neceffitatis.

317 998 436 1035 Porro
455 996 673 1034 fundatione
694 995 884 1045 explorata
896 996 933 1032 ὃς
949 993 1215 1032 Γυὺίῖωίὶίοηε
1226 994 1416 1032 collocata
1428 1023 1438 1039 ‚
1459 994 1504 1030 de
1516 995 1711 1045 pai-ictibus
1730 993 1854 1031 dicen-

263 1053 364 1091 dum.
399 1053 558 1089 Parietes
568 1060 630 1088 aut
639 1049 717 1088 sunt
727 1052 859 1099 integri
870 1050 907 1087 δε
919 1051 1109 1090 continui,
1131 1060 1194 1088 aut
1204 1049 1419 1088 intermissi:
1442 1047 1777 1087 &intermissiones
1789 1059 1855 1087 aut

261 1108 343 1146 sunt
356 1109 542 1146 columnae
553 1117 615 1143 aut
629 1117 736 1144 antae.
756 1107 859 1144 malo
872 1107 972 1144 enim
984 1103 1046 1143 hic
1057 1107 1103 1144 de
1114 1107 1184 1143 illis
1195 1118 1303 1155 agere
1316 1135 1326 1150 ,
1345 1117 1459 1155 quam
1478 1115 1518 1142 ut
1530 1104 1720 1142 aliisecere
1731 1131 1739 1144 ,
1760 1107 1854 1142 inter

262 1174 497 1201 ornamenta.
527 1164 664 1212 integri
675 1163 834 1213 parietes
853 1162 990 1201 diverse
1004 1163 1024 1200 a
1043 1160 1283 1213 scriptoribus
1293 1161 1579 1211 distinguuntur,
1602 1160 1622 1197 a
1634 1161 1855 1211 quibusdam

261 1232 332 1269 pro
345 1220 519 1268 qualitate
530 1220 692 1256 materiae
703 1247 713 1263 ‚
733 1228 773 1255 ut
785 1217 905 1268 lapide
916 1228 978 1255 aut
988 1219 1101 1256 latere
1115 1247 1125 1263 ‚
1143 1220 1218 1255 &e
1231 1217 1294 1255 ubi
1310 1218 1433 1255 obiter
1445 1216 1651 1254 notandum
1664 1237 1673 1264 3
1696 1219 1855 1266 parietes

261 1275 350 1312 strui
370 1277 407 1312 ὃς
434 1275 576 1320 majora
594 1284 711 1324 opera
732 1270 752 1309 ὲ
766 1272 886 1321 silice3
910 1274 1014 1319 cujus
1031 1275 1082 1310 rei
1103 1285 1181 1311 non
1197 1272 1326 1310 desunt
1345 1274 1515 1323 exempla
1537 1274 1574 1309 in
1586 1271 1855 1317 nostraInsula,

263 1333 302 1368 δε
322 1331 590 1380 particulariter
613 1330 650 1365 in
671 1329 832 1367 Cantio.
862 1330 1021 1379 antiquis
1050 1330 1189 1379 opinor
1208 1327 1354 1379 prorsus
1381 1329 1485 1365 fuisse
1505 1329 1746 1378 incognitum
1758 1357 1768 1372 ,
1791 1330 1857 1377 qui

263 1386 502 1424 observantes
521 1385 558 1422 in
582 1396 631 1422 eo
650 1383 748 1422 filice
770 1385 909 1434 aliquid
927 1386 1103 1423 metallici
1122 1385 1183 1424 vel
1203 1384 1328 1422 saltem
1354 1383 1576 1422 fusibilitatis
1588 1413 1598 1429 ‚
1626 1383 1673 1420 ad
1691 1384 1856 1421 nobilio-

261 1453 340 1479 rem
365 1440 471 1478 usum
490 1442 596 1478 illum
616 1438 853 1478 destinarunt.
883 1441 958 1478 Ars
977 1452 1077 1478 nunc
1095 1442 1242 1491 penitus
1261 1440 1382 1478 amissa
1392 1467 1401 1480 ,
1428 1451 1491 1478 aut
1504 1439 1599 1478 forte
1610 1441 1736 1490 paucis
1756 1438 1856 1487 Chy-

261 1498 369 1534 micis
381 1507 482 1534 nota.
517 1496 683 1552 Qdam
693 1494 810 1534 rursus
825 1509 902 1534 non
912 1507 989 1535 tam
1001 1497 1233 1535 considerant
1244 1497 1461 1546 qualitatem
1474 1525 1483 1540 ‚
1497 1508 1613 1545 quarn
1626 1494 1855 1546 positionem

261 1551 392 1590 harum
402 1554 658 1590 materiarum:
682 1562 721 1590 ut
733 1564 822 1590 cum
834 1553 963 1590 lateres
983 1563 1044 1592 aut
1055 1553 1231 1603 quadrata
1242 1552 1322 1590 saxa
1340 1555 1513 1591 locantur
1523 1551 1728 1590 secundum
1751 1550 1853 1588 suam

262 1608 538 1656 longitudinem
553 1636 562 1651 ,
577 1607 750 1646 lateribus
761 1608 798 1646 ἃ
808 1608 994 1647 frontibus
1005 1608 1240 1657 conjunsti53
1263 1619 1328 1646 aut
1340 1609 1468 1646 cuneis
1479 1619 1611 1645 eorum
1625 1607 1755 1654 Junffis
1768 1636 1778 1651 ‚
1796 1607 1855 1644 in-

264 1661 332 1699 star
342 1665 424 1701 retis
436 1665 538 1711 (nam
550 1663 599 1700 ita
609 1675 724 1702 vocat
736 1664 926 1703 Vitruvius
937 1662 1161 1702 reticulatum
1170 1666 1279 1716 opus‚)
1294 1666 1330 1701 in
1343 1664 1630 1707 communium,
1646 1674 1687 1700 ut
1698 1662 1853 1703 videtur,

266 1716 374 1767 ipsius
384 1730 484 1760 aevo3
501 1719 590 1755 licet
600 1717 728 1768 postea
738 1718 848 1756 fuerit
858 1720 1095 1769 repudiatum
1109 1749 1118 1764 ,
1128 1719 1225 1757 forte
1237 1730 1390 1770 propter
1401 1719 1571 1756 subtilem
1582 1719 1682 1756 illam
1693 1719 1855 1768 specula-

267 1774 414 1810 tionem
426 1798 434 1811 ,
460 1784 572 1822 quam
592 1771 663 1822 ipse
683 1776 821 1822 tangit:
849 1777 935 1823 quia
956 1777 1007 1813 ita
1028 1775 1138 1826 positi
1156 1778 1315 1828 aptiores
1337 1776 1468 1812 suntin
1487 1773 1708 1812 subsidendo
1730 1775 1858 1810 cuncis

265 1828 287 1864 s
282 1829 333 1865 uis
357 1839 592 1878 perrumpere
605 1856 615 1872 ,
633 1840 746 1876 quam
764 1831 800 1865 in
822 1831 966 1875 jacente
987 1830 1190 1880 positione,
1213 1841 1324 1880 atque
1343 1833 1395 1868 ita
1412 1831 1590 1879 parietem
1609 1828 1750 1865 findere
1766 1844 1773 1866 :
1793 1828 1854 1867 sed

266 1893 309 1920 ut
329 1883 409 1921 haec
427 1884 682 1933 relinquamus
710 1883 945 1923 inferioribus
971 1885 1174 1923 artificibus
1193 1904 1204 1936 5
1235 1887 1354 1935 magis
1378 1885 1573 1922 essentialia
1600 1883 1683 1921 sunt
1703 1897 1785 1933 qua:
1804 1886 1824 1921 s
1819 1898 1855 1922 c-

267 1949 442 1988 quuntur.

321 1994 379 2032 Ut
389 1995 544 2044 parietes
558 1993 624 2031 fint
636 1994 761 2031 exaCte
771 1996 1092 2045 perpendiculares
1103 1995 1148 2033 ad
1159 1994 1443 2033 fundationem:
1465 2008 1554 2034 nam
1565 1997 1683 2034 renus
1700 1997 1857 2046 angulus

267 2050 369 2095 (inde
381 2051 610 2099 dependens)
631 2050 681 2087 est
692 2063 777 2088 vcra
789 2051 890 2089 causa
901 2051 1098 2089 stabilitatis
1112 2080 1122 2096 ‚
1144 2053 1269 2088 tamin
1282 2053 1508 2089 naturalibus
1526 2064 1640 2100 quam
1659 2051 1855 2090 artificiali-

268 2105 337 2141 bus
349 2105 597 2155 positionibus
612 2120 621 2148 ·‚
643 2105 767 2143 homo
784 2108 921 2157 quippe
940 2105 1139 2143 firmissime
1157 2107 1221 2144 stat
1233 2107 1390 2145 ercitus.
1420 2107 1478 2145 Ut
1495 2106 1713 2145 solidiffimae
1726 2110 1763 2145 ὃς
1777 2120 1856 2157 gra-

267 2159 419 2198 vissimae
442 2163 603 2198 materiae
616 2160 684 2198 fint
696 2161 850 2207 infimae,
871 2173 1003 2213 utpote
1020 2163 1181 2212 aptiores
1200 2162 1292 2200 ferre
1306 2192 1315 2207 ,
1335 2175 1451 2212 quam
1469 2163 1564 2199 ferri.
1596 2162 1855 2208 Utstru&ura,

266 2226 378 2265 prout
387 2215 500 2264 surgit
511 2245 520 2261 ‚
535 2218 866 2266 proportionaliter
876 2221 913 2256 in
923 2218 1114 2256 latitudine
1125 2219 1352 2256 diminuatur
1364 2247 1374 2262 ‚
1391 2218 1438 2256 ad
1455 2220 1711 2257 levamentum
1731 2221 1856 2256 oneris

266 2270 304 2307 &
317 2271 636 2322 cxpensarum.Ut
648 2275 739 2310 certi
757 2273 905 2311 ordines
925 2275 1064 2311 caeteris
1075 2273 1597 2324 robustioresinterponantur
1608 2274 1714 2311 instar
1724 2274 1854 2324 oſsium,

267 2326 313 2362 ad
325 2326 598 2377 prohibendam
610 2328 752 2366 ruinam
764 2331 880 2368 totius
892 2331 1015 2380 operis
1025 2355 1035 2369 ,
1050 2328 1075 2365 fi
1086 2329 1278 2367 inferiores
1289 2339 1408 2380 partes
1418 2329 1595 2367 fatiscant.
1625 2330 1802 2379 Denique
1813 2340 1856 2367 ut

268 2384 392 2430 anguli
401 2381 556 2420 firmiter
565 2383 785 2428 vinciantur,
796 2385 950 2434 quisunt
962 2385 1067 2421 nervi
1079 2387 1193 2422 totius
1206 2385 1351 2423 aedificii
1364 2403 1371 2426 ς
1385 2397 1498 2434 quare
1509 2386 1765 2423 communiter
1776 2398 1856 2423 coi·-

268 2440 491 2476 roborantur
501 2437 546 2475 ab
556 2438 658 2475 Italis
670 2464 678 2478 ,
701 2441 814 2476 etiam
830 2442 866 2476 in
880 2442 1040 2478 lateritiis
1052 2439 1233 2479 strueruris
1245 2472 1254 2486 ‚
1266 2440 1311 2477 ab
1322 2450 1482 2490 utroque
1492 2442 1853 2490 latereangulorum,

266 2492 351 2530 saxo
362 2493 455 2530 benc
466 2493 646 2543 quadrato
656 2510 664 2536 ς
689 2497 794 2545 quod
804 2496 840 2534 ὃς
850 2496 1065 2534 firmitatem
1075 2497 1174 2534 addit
1185 2498 1222 2534 δε
1232 2496 1468 2536 venustatem.
1501 2496 1630 2546 Atque
1643 2497 1722 2534 haec
1735 2498 1780 2535 de
1797 2499 1854 2534 in-

266 2558 372 2597 tegro
385 2548 553 2586 &solido
571 2551 718 2599 pariete.

321 2603 633 2645 intermissiones,
656 2615 696 2643 ut
706 2606 781 2643 dixi
793 2635 803 2650 ,
823 2605 916 2645 fiunt
927 2618 989 2645 aut
1005 2619 1068 2658 per
1081 2607 1295 2645 Columnas
1316 2618 1379 2645 aut
1397 2620 1462 2657 per
1476 2607 1609 2645 Antas.
1640 2609 1853 2646 Columnas

265 2658 410 2706 possem
429 2660 591 2698 dividere
609 2664 648 2698 in
657 2660 840 2712 simplices
858 2663 895 2700 ὃς
909 2663 1158 2714 compositas3
1182 2662 1241 2699 sed
1259 2673 1300 2700 ut
1311 2664 1466 2713 planiori
1479 2666 1515 2700 δε
1534 2664 1676 2712 vulgari
1694 2666 1758 2700 viae
1770 2663 1854 2700 insi-

267 2712 368 2757 stam,
379 2716 543 2764 quinque
553 2717 636 2754 sunt
646 2717 793 2754 ordines
806 2720 1085 2764 columnarum,
1095 2717 1300 2756 secundum
1309 2719 1524 2767 dignitatem
1535 2718 1569 2756 δε
1580 2718 1852 2768 perfeffionem

265 2768 316 2805 ita
327 2768 476 2818 digesti3
495 2775 529 2807 T
524 2770 698 2822 uscanicm
710 2802 721 2817 ‚
744 2774 887 2810 Doricus
899 2804 908 2818 ‚
927 2775 1059 2811 Ionicus
1071 2804 1081 2819 ‚
1103 2770 1300 2811 corinthius
1312 2800 1320 2813 ,
1345 2773 1548 2826 Compqfitus
1558 2784 1620 2811 aut
1632 2772 1687 2818 (ut
1698 2773 1852 2822 quidam

266 2825 424 2868 vocant)
437 2830 616 2868 Romanus,
629 2829 706 2865 aliis
718 2830 834 2878 magis
845 2831 1062 2880 generaliter
1073 2828 1224 2866 Italicus.
1246 2830 1308 2866 De
1322 2830 1455 2878 quibus
1467 2830 1632 2877 quinque
1644 2830 1849 2870 ordinibus,

267 2877 391 2915 dicam
402 2881 564 2928 primum
577 2894 658 2930 quae
668 2883 825 2921 habeant
837 2884 1204 2924 communia‚deinde
1215 2896 1294 2932 quoe
1304 2886 1463 2934 propria.
1479 2885 1727 2929 Communia,
1738 2897 1852 2934 quan-

267 2941 349 2971 tum
360 2932 566 2977 observavi,
580 2936 719 2977 habent
727 2938 964 2990 potissimurn
977 2943 1060 2980 tria:
1079 2942 1204 2991 primo
1216 2951 1352 2977 ornnes
1363 2938 1446 2977 sunt
1457 2940 1644 2987 rotundae3
1665 2952 1753 2978 narn
1764 2942 1851 2979 licet

1697 2996 1849 3045 quidam
