2023 3162
473 127 1064 165 DzAnchEC’rvRA
1121 121 1343 161 Lrn.1X.
1658 136 1731 171 197

140 199 188 242 a&⁴
200 207 260 234 eas
271 195 423 247 posteris
441 195 644 245 explicatas
661 194 900 243 reliquerunt.
933 196 1110 247 Qorum
1119 189 1274 229 scientiae
1293 187 1373 225 sunt
1391 186 1610 228 hominzbus
1630 191 1733 243 suspi-

139 252 280 291 ciendae
293 281 301 296 ‚
323 251 430 301 quod
448 261 548 289 tanta
561 262 650 287 cura
660 249 830 294 fuerunt,
849 259 890 286 ut
905 251 1019 286 etiam
1037 247 1230 285 videantur
1249 244 1373 282 divina
1390 256 1521 284 mente
1540 248 1732 297 tempesta—

141 319 224 346 tum
236 307 458 358 [ignificatus
477 305 707 356 postfuturos
719 332 727 346 ,
747 316 832 343 ante
851 305 1120 355 pronunciare:
1141 313 1235 353 quas
1254 300 1307 339 ob
1318 312 1375 338 tes
1386 300 1464 339 haec
1481 314 1617 340 eorum
1636 305 1730 341 curis

140 363 336 415 studiisque
354 362 436 402 sunt
454 361 708 400 concedenda.

759 427 794 464 C
822 438 852 465 A
882 441 913 465 P.
976 427 1102 466 VIII.

229 521 312 573 De
333 515 709 591 Horologiorum
730 513 1026 578 rationibus,
1056 515 1119 573 Εἴ
1141 517 1324 572 umbra}
1334 535 1639 595 gnomonum

368 592 654 661 AEqumoc'liali
667 607 852 660 tempore,
872 599 997 640 Romae
1012 605 1066 645 Θ
1085 598 1277 642 nonnullis
1290 600 1377 644 aluit
1395 599 1495 644 locis.

143 716 329 801 NObis
349 724 477 753 aurem
497 714 544 751 ab
565 714 620 751 his
640 713 839 766 separandae
859 712 940 751 sunt
962 715 1021 759 [a]
1046 713 1338 765 horologiorum
1359 720 1541 756 rationes,
1564 719 1601 754 ὅ(
1619 716 1732 767 expli-

236 772 361 810 candae
382 770 568 808 menstruae
590 771 736 808 dierum
757 769 1155 818 brevitates,itemque
1167 771 1436 822 depalationes.
1470 771 1533 819 [b]
1554 774 1734 821 Namque

143 829 210 866 Sol
221 824 465 879 aequinoffiali
475 836 648 877 tempore
668 825 797 863 Ariete
816 825 1004 875 Libraque
1016 824 1194 863 versando
1207 856 1216 871 ‚
1237 840 1328 877 quas
1348 841 1390 865 ex
1405 841 1602 878 gnomone
1618 839 1738 878 partes

144 885 255 922 haber
266 894 422 922 novem,
448 893 509 920 eas
520 882 662 920 umbrae
672 880 759 919 facit
771 881 861 919 osto
871 883 909 918 in
919 881 1170 919 declinatione
1180 886 1259 921 caeli
1269 910 1278 925 ‚
1299 896 1381 933 quae
1395 885 1445 922 est
1456 885 1610 921 Romae.
1641 885 1738 922 Item

145 941 303 978 Athenis
313 951 424 989 quam
443 950 586 988 magnae
598 937 679 975 sunt
699 938 904 988 gnomonis
916 947 1034 989 partes
1047 949 1228 988 quatuor,
1248 940 1388 978 umbrae
1409 939 1487 978 sunt
1499 949 1583 977 tres.
1613 939 1674 976 Ad
1684 938 1736 976 se-

144 1007 249 1047 ptem
270 995 417 1032 Rhodo
436 996 611 1044 quinque.
641 994 697 1031 At
719 995 875 1031 Tarenti
897 1005 1038 1032 novem
1059 994 1105 1031 ad
1128 995 1313 1033 undecim.
1347 996 1582 1034 Alexandria:
1602 1005 1674 1032 tres
1692 996 1738 1033 ad

144 1055 320 1103 quinque.
353 1049 578 1100 Caeterisque
590 1049 768 1088 omnibus
788 1050 885 1087 locis
898 1051 975 1087 aliae
997 1051 1072 1087 alio
1083 1051 1205 1088 modo
1218 1053 1356 1090 umbrae
1375 1047 1616 1102 gnomonum
1625 1051 1739 1100 aequi-

143 1108 319 1146 noffiales
331 1107 375 1144 ab
386 1118 512 1144 natura
524 1119 646 1144 rerum
659 1106 899 1143 inveniuntur
910 1104 1109 1156 disparatae.
1137 1107 1268 1157 Itaque
1287 1110 1324 1145 in
1337 1108 1636 1158 quibuscumque
1646 1107 1741 1144 locis

143 1164 343 1213 horologia
365 1174 471 1200 erunt
491 1161 747 1206 describenda,
773 1174 820 1200 eo
838 1163 916 1199 loci
936 1161 1116 1200 sumenda
1138 1162 1188 1200 est
1211 1166 1476 1214 aequinoe’tialis
1495 1164 1644 1202 umbra:
1666 1164 1701 1200 δε
1715 1161 1742 1199 fi

146 1231 254 1258 erunt
273 1219 614 1269 (quemadmodum
627 1218 783 1266 Romae)
798 1219 1005 1267 gnomonis
1015 1229 1136 1268 partes
1148 1231 1290 1259 novem
1303 1247 1309 1260 ,
1330 1221 1470 1258 umbrae
1482 1221 1630 1258 oCtonae
1644 1247 1653 1262 ‚
1676 1218 1740 1256 de-

147 1276 320 1313 scribatur
330 1276 424 1312 linea
434 1277 469 1312 in
481 1277 648 1325 planitia,
671 1277 708 1312 ὅς
719 1287 762 1311 ex
774 1274 898 1311 media
909 1276 967 1320 [c]
980 1271 1065 1316 πῶς
1082 1271 1177 1324 ὀρθάς
1188 1278 1357 1326 erigatur,
1373 1277 1427 1314 uti
1438 1275 1479 1313 fit
1492 1276 1537 1313 ad
1547 1286 1739 1315 normam,

148 1344 228 1381 quae
241 1332 375 1368 dicitur
392 1342 584 1380 gnomon:
605 1330 674 1368 &a
687 1332 786 1368 linea
805 1343 885 1380 quae
898 1331 965 1367 erit
983 1331 1169 1380 planitie8‚
1189 1334 1228 1370 in
1247 1333 1363 1370 finem
1376 1333 1578 1381 gnomonis
1597 1331 1741 1368 circino

145 1400 286 1426 novem
296 1387 404 1437 spatia
414 1387 652 1425 dimetiantur
662 1402 671 1431 3
695 1388 732 1425 ὃς
743 1398 823 1437 quo
833 1387 925 1425 loco
937 1398 1046 1424 nonae
1055 1388 1168 1437 partis
1179 1388 1323 1439 signum
1334 1388 1453 1428 fuerit,
1468 1398 1637 1425 centrum
1649 1398 1740 1423 con-

371 1444 373 1446 ’
1051 1443 1114 1480 Bb
1148 1457 1162 1487 3
1562 1445 1736 1481 (limatur,

150 1519 154 1521 ‚
186 1533 256 1561 rum,
265 1526 502 1562 tempestatumque
513 1523 719 1564 significationes
729 1523 940 1564 cognoscuntur.
952 1525 1220 1564 atqueinveniuutur.
1228 1526 1308 1559 dieta,
1317 1527 1389 1564 quod
1400 1524 1414 1554 ὲ
1425 1525 1517 1554 multis
1529 1523 1654 1561 variisque
1665 1533 1734 1550 con-

151 1566 156 1568 *
187 1566 293 1594 cinnata
303 1561 396 1596 effent,
407 1565 422 1593 a
433 1560 542 1609 wlf—>jn
577 1564 617 1596 v'u,
629 1565 655 1593 id
665 1566 699 1593 est
710 1565 838 1606 adpingo,
848 1565 900 1594 live
909 1562 1003 1606 affigo.
1027 1567 1148 1595 Laertius
1161 1567 1299 1605 Diogenes
1308 1567 1355 1593 lib.
1365 1576 1433 1594 virt.
1445 1566 1538 1594 auctor
1546 1565 1581 1592 est
1595 1563 1739 1592 Democri-

187 1615 246 1634 tum
254 1607 431 1634 astronomica
437 1603 522 1646 scripti
548 1617 561 1634 e
571 1602 768 1647 εμᾌγπὴᾦφᾷ.
787 1608 914 1647 Pegmata
924 1617 1013 1635 autem
1024 1608 1050 1634 in
1058 1607 1227 1635 theatrorum
1235 1605 1390 1644 spectaculis
1399 1607 1522 1636 videntur
1530 1601 1606 1632 fuiffe
1617 1604 1734 1632 tabulata

187 1657 233 1685 per
244 1646 267 1675 se
278 1646 422 1688 surgentia,
434 1654 570 1686 taciteque
581 1649 607 1676 in
616 1648 725 1677 sublime
737 1647 890 1679 crescentia.
923 1648 1055 1676 Martialis
1067 1648 1114 1677 lib.
1124 1658 1146 1676 1.
1156 1648 1396 1687 Epigrammaton:
1419 1649 1427 1657 ”

448 1692 482 1716 Et
501 1689 612 1726 crescunt
630 1687 715 1717 media
728 1696 853 1726 pegmata
870 1688 933 1726 celsa
951 1692 1008 1717 via.

191 1728 277 1768 Qod
286 1728 392 1766 quidam
401 1728 431 1756 ad
441 1729 668 1768 amphitheatrum
678 1726 804 1757 reserunt.
835 1730 969 1757 Domitius
981 1738 1052 1758 certe
1061 1728 1216 1757 Calderinus
1224 1727 1290 1756 dicit
1302 1749 1308 1760 ,
1320 1737 1418 1768 pegma
1434 1727 1607 1766 compactum
1616 1721 1668 1754 esse
1679 1724 1743 1753 aedi-
1761 1738 1763 1740 ·

190 1769 290 1800 ficium.
302 1770 374 1808 quod
386 1779 512 1798 ornatum
521 1771 618 1800 statuis,
630 1770 671 1797 vel
682 1769 772 1808 aliquo
779 1769 832 1797 alio
842 1769 946 1797 ludicro
957 1791 963 1800 .
975 1770 1108 1798 interdum
1116 1769 1203 1808 pueris
1214 1768 1413 1797 confidentibus
1426 1769 1451 1796 in
1463 1768 1565 1797 scenam
1576 1765 1744 1806 produceba-

190 1819 243 1838 tur.
265 1811 408 1850 Pegmares
418 1811 578 1850 gladiatores
590 1811 698 1839 vocavit
709 1811 850 1838 Suetonius
860 1811 886 1837 in
898 1810 1036 1850 Caligula.
1049 1812 1127 1849 quiin
1139 1808 1268 1846 ejusmodi
1278 1808 1405 1837 machinis
1417 1808 1431 1837 ὲ
1442 1810 1519 1850 ligno
1528 1808 1677 1846 compastis
1686 1827 1692 1838 ‚
1715 1810 1742 1834 &⁷

191 1851 217 1879 in
229 1860 325 1889 pompa
337 1851 480 1889 voluptatis
492 1850 566 1881 causa
577 1848 744 1879 circumferri
752 1850 843 1881 solitis,
853 1850 1046 1890 depugnarent.
1068 1851 1110 1879 Ad
1118 1860 1197 1889 quam
1206 1860 1262 1878 rem
1272 1849 1390 1878 solebant
1400 1847 1454 1878 fere
1470 1846 1600 1878 viliffimis
1609 1870 1616 1882 ‚
1627 1851 1653 1876 ὃ(
1668 1847 1741 1876 senio

192 1889 323 1920 confectis
341 1900 389 1919 uti.
412 1894 454 1920 De
472 1893 604 1932 pegmatis
623 1892 683 1932 lege
702 1901 760 1930 qua:
779 1891 867 1919 scribit
878 1892 993 1920 Bloudus
1002 1892 1105 1920 Flavius
1114 1892 1183 1919 libro
1191 1891 1302 1919 decimo
1318 1890 1350 1918 de
1361 1893 1450 1920 Roma
1458 1888 1649 1929 triumphante.
1673 1888 1740 1918 Vide

200 1934 329 1960 Lexicou.

153 1975 183 2009 a]
212 1972 357 2001 Philander.
379 1971 475 2000 Scribit
487 1973 635 2001 Martianus
647 1971 755 2010 Capella
765 1970 811 1998 lib.
824 1972 996 2005 Geometriae,
1010 1971 1066 2000 vasa
1077 1981 1135 2010 quae
1146 1970 1294 2010 horoscopa
1305 1971 1347 2000 vel
1355 1970 1498 2011 horologia
1508 1970 1642 2003 dicuntur,
1653 1970 1742 1998 diver·
1757 1968 1890 2003 Cap—Vm·

194 2012 311 2042 fitatibus
321 2015 463 2042 immutata
473 2014 611 2052 componi,
619 2013 723 2051 alioque
735 2021 874 2052 gnomone
886 2013 954 2040 ultra
964 2013 1112 2052 quingenta
1121 2013 1199 2041 stadia
1209 2011 1339 2044 discerni,
1351 2011 1450 2040 umbris
1460 2021 1509 2050 pro
1519 2011 1643 2039 locorum
1651 2011 1746 2039 elatio-

195 2053 270 2081 nibus
281 2054 363 2087 celfis,
374 2063 417 2083 aut
429 2054 616 2083 inclinantibus
627 2053 771 2082 infinuatis.
782 2053 846 2081 Hoc
856 2054 937 2081 etiam
947 2063 1008 2082 ante
1018 2063 1080 2081 eum
1092 2062 1230 2082 monuerat
1242 2053 1363 2081 Plin.l1b.
1376 2062 1410 2080 tt.
1421 2062 1478 2090 cap.
1489 2061 1534 2085 72.
1546 2055 1570 2080 3<
1581 2052 1626 2079 hb.
1634 2061 1672 2079 vt.
1686 2062 1745 2089 cap.

195 2094 245 2122 ult.
257 2093 302 2121 ubi
310 2094 343 2122 de
354 2095 507 2123 umbrarum
515 2092 671 2124 differentiis
681 2093 793 2123 abunde.
817 2094 883 2122 Vide
893 2104 952 2133 quae
961 2094 993 2123 de
1003 2094 1181 2134 Horoscopiis
1192 2097 1218 2122 ὅ(
1234 2093 1403 2132 Horoscopis
1413 2093 1477 2122 valis
1487 2092 1577 2121 scribit
1587 2092 1682 2120 Claud.
1691 2091 1748 2120 Sal-

199 2134 292 2161 mafius
300 2135 330 2163 ad
341 2134 423 2162 Solin.
434 2145 493 2174 pag.
506 2139 595 2168 651.&
606 2135 658 2174 seq.
894 2135 903 2146 ⁰

158 2174 187 2211 b]
217 2174 310 2203 Claud.
324 2174 458 2202 §almanus
470 2186 496 2202 in
516 2175 598 2203 Solin.
610 2186 672 2215 pag.
683 2180 743 2206 64¹.
766 2175 806 2203 Ad
815 2175 1006 2214 aequinostialis
1017 2175 1068 2204 diei
1079 2185 1165 2214 partes
1176 2175 1340 2204 duodenario
1351 2184 1464 2202 numero
1481 2173 1616 2212 :equaliter
1626 2173 1749 2202 dividen—

198 2215 253 2246 das.
266 2214 408 2253 Babylonii
418 2216 557 2254 Graecique
567 2226 660 2244 omnes
681 2215 816 2255 Astrologi
826 2225 927 2243 veteres
937 2219 962 2242 ὃ(
984 2216 1151 2244 Gnomonici
1160 2217 1276 2243 rationes
1284 2214 1338 2242 suas
1349 2215 1601 2242 accommodarunt.
1623 2216 1682 2243 Nec
1691 2214 1751 2243 sane

199 2256 275 2284 aliter
285 2254 340 2284 fieri
352 2256 450 2294 potuit.
461 2257 494 2284 Et
505 2256 556 2284 hoc
566 2257 602 2284 ita
612 2256 692 2284 siebat
702 2256 821 2284 nondum
833 2255 970 2293 publicato
978 2255 1104 2284 horarum
1115 2256 1225 2283 nomine
1235 2259 1260 2283 δι
1271 2254 1324 2283 usu.
1338 2256 1397 2283 Post
1409 2265 1450 2282 eas
1461 2263 1576 2293 repertas
1588 2258 1613 2283 &
1625 2255 1752 2283 Horolo-

199 2298 243 2337 gia
255 2297 364 2324 inventa
374 2318 380 2328 ‚
393 2306 475 2335 quum
486 2295 558 2324 horae
569 2295 628 2334 ipszc
638 2297 767 2323 variarent
777 2299 801 2323 8<
813 2305 860 2334 pro
871 2296 975 2323 dierum
987 2298 1089 2324 ratione
1100 2295 1182 2324 modo
1191 2295 1326 2323 breviores
1336 2295 1420 2323 modo
1431 2295 1565 2336 longiores
1573 2304 1746 2334 ponerentur.

199 2338 354 2366 Astronorni
364 2346 453 2364 tamen
466 2337 655 2376 Astrologique
666 2340 799 2367 omnes,&
811 2336 987 2367 Gnomonici.
999 2335 1101 2375 insuper
1111 2336 1201 2364 habita
1208 2336 1333 2364 horarum
1343 2336 1415 2363 civili
1425 2335 1618 2369 observatione,
1629 2337 1749 2375 aequino-

200 2378 289 2406 Ctiales
298 2377 363 2406 solas
373 2378 405 2405 ad
415 2377 489 2405 usum
499 2387 528 2406 ac
540 2386 653 2405 rationes
663 2375 716 2405 suas
727 2375 912 2404 observabant.
934 2378 1042 2405 Etenim
1049 2387 1112 2405 cum
1121 2376 1264 2416 horologia
1273 2378 1363 2405 omnia
1375 2386 1432 2405 tum
1439 2376 1471 2405 ad
1480 2377 1585 2405 cursum
1595 2378 1663 2405 Solis
1669 2374 1748 2409 fana,

200 2418 277 2446 horas
287 2417 443 2446 exhiberent
453 2418 576 2446 omnium
586 2418 646 2446 anni
659 2418 798 2449 menfium,
809 2427 841 2444 ex
852 2418 1007 2445 umbrarum
1019 2418 1166 2447 momentis
1177 2417 1322 2446 crescentes
1331 2427 1360 2446 ae
1370 2417 1551 2446 decrescentes
1559 2439 1565 2448 ‚
1576 2417 1654 2446 solius
1665 2420 1745 2446 Gno-

201 2460 289 2487 monis
300 2459 491 2498 aequinoetialis
505 2458 610 2487 umbras
624 2458 806 2497 respiciebant,
818 2459 978 2497 gnomonici
989 2462 1013 2487 St
1024 2459 1140 2486 rationes
1148 2457 1250 2486 omnes⁴
1259 2458 1465 2487 Mathematicas
1474 2459 1506 2487 ad
1515 2468 1576 2487 eum
1586 2457 1746 2497 dirigebant.

199 2502 306 2528 Vitruv.
319 2500 364 2527 lib.
377 2510 396 2527 1.
409 2510 475 2528 c.vi.
499 2502 524 2527 Si
532 2508 620 2527 autem
632 2499 872 2526 animadverterent
880 2498 944 2526 orbis
955 2507 1026 2527 terra
1036 2501 1217 2530 circuitionem,
1229 2499 1284 2533 &a
1308 2500 1397 2527 Etiam
1407 2500 1501 2527 diverti
1513 2500 1657 2539 reg-ionum
1669 2498 1742 2530 fims,

200 2551 268 2579 quos
280 2542 350 2570 varia
358 2538 422 2569 facit
433 2541 572 2568 inclinatio
584 2541 664 2573 eceli,
682 2541 781 2579 quique
791 2550 823 2567 ex
834 2539 988 2568 umbrarum
1000 2541 1208 2568 incrementisac
1219 2540 1412 2568 mutationibus
1420 2539 1654 2578 deprehenduntur
1665 2560 1671 2571 ‚
1693 2548 1749 2566 non

199 2582 275 2609 aliter
284 2581 379 2620 colligi
397 2581 515 2611 [olebant
524 2602 530 2613 ‚
550 2581 595 2609 nifi
611 2592 656 2619 per
667 2580 766 2609 umbrae
786 2580 978 2619 aequinoctialis
986 2590 1164 2620 gnomonem.
1183 2581 1258 2609 Idem
1277 2581 1381 2610 Vitruv.
1399 2580 1446 2608 lib.
1459 2590 1496 2608 rx.
1508 2590 1564 2618 cap.
1578 2583 1602 2606 8.
1625 2583 1748 2618 Namque

203 2622 245 2649 Sol
251 2622 414 2661 equinodiali
423 2630 539 2659 tempore.
552 2622 607 2656 ὠνε-
629 2623 662 2650 Et
671 2622 749 2660 paulo
760 2621 815 2660 post
825 2631 832 2648 ;
855 2622 1001 2661 Caterifique
1009 2621 1123 2650 omnibus
1133 2622 1189 2650 locis
1204 2621 1257 2649 alia
1272 2622 1322 2649 alin
1331 2621 1403 2649 moda
1411 2620 1502 2648 umbra
1508 2629 1662 2657 gnomonum
1671 2621 1747 2658 cqui-

170 2687 173 2689 ,
203 2662 360 2690 noffialesab
370 2671 468 2691 natura
483 2672 568 2691 rerum
587 2664 759 2690 inveniuntur
775 2661 913 2700 disparata.
935 2664 1001 2690 Ideo
1017 2662 1228 2701 quibuscumque
1243 2663 1345 2690 inlotis
1367 2661 1514 2700 horologia
1530 2659 1750 2693 describerentur,

205 2713 238 2730 eo
248 2702 448 2733 locisumebant
469 2703 683 2742 aequinostialem
702 2701 835 2731 umbram.
855 2703 1015 2740 Qinetiam
1027 2704 1058 2731 ad
1077 2704 1180 2731 dierum
1190 2711 1339 2742 augmenta
1354 2712 1383 2729 ac
1394 2702 1563 2729 decrementa
1577 2711 1621 2739 per
1637 2701 1754 2741 singulos

206 2744 307 2772 menses
326 2745 464 2774 indicanda
476 2754 530 2773 non
547 2743 602 2772 aliis
614 2743 686 2772 horis
706 2753 787 2783 quam
806 2744 1034 2782 aequinostialibus
1053 2753 1166 2772 utuntur
1182 2753 1282 2772 veteres
1305 2742 1526 2771 calendariorum
1544 2743 1675 2771 auctores.
1698 2741 1760 2769 Vide

209 2784 316 2823 reliqua.

169 2826 195 2860 t]
231 2825 378 2854 Philander.
398 2825 428 2853 Id
439 2826 474 2854 est
484 2847 491 2858 ,
512 2825 543 2854 ad
552 2826 639 2854 rectos
648 2824 771 2864 angulos.
791 2826 856 2854 Eam
866 2826 963 2854 lineam
973 2834 1053 2854 vocat
1062 2835 1210 2866 gnomona,
1221 2834 1278 2863 quae
1289 2822 1372 2853 diffio
1383 2833 1532 2863 quanquam
1543 2832 1667 2851 normam
1678 2821 1758 2862 figni-

211 2863 282 2897 ficat,
293 2875 321 2894 ut
331 2875 408 2894 antea
417 2866 543 2896 diximus,
551 2877 585 2894 eo
595 2875 685 2894 tamen
697 2875 750 2893 non
759 2865 817 2895 sunt
828 2864 965 2895 referenda
974 2866 1093 2894 Virruvii
1103 2866 1182 2894 verba
1194 2864 1260 2896 haec.
1271 2874 1299 2893 ut
1311 2865 1342 2893 iit
1353 2865 1384 2892 ad
1395 2874 1527 2892 normam.
1549 2865 1592 2892 Est
1602 2866 1673 2892 enirn
1685 2884 1692 2894 ,
1704 2863 1757 2891 hoc

208 2904 280 2937 loco,
291 2906 368 2936 idem.
379 2906 411 2935 ad
420 2908 533 2948 angulos
545 2908 631 2936 restos
640 2906 717 2944 erigi,
730 2911 765 2938 δι,
775 2907 806 2935 ad
817 2917 939 2935 normam
950 2904 1011 2935 effe.
1023 2907 1065 2935 Cl.
1075 2906 1211 2934 §almatius
1221 2907 1247 2933 in
1258 2906 1340 2934 Solin.
1350 2915 1410 2945 pag.
1423 2911 1490 2938 670.
1502 2904 1603 2940 Γιώμων
1613 2905 1695 2932 etiam
1707 2904 1758 2941 sty-

212 2944 251 2972 lus
263 2944 397 2987 horologii
407 2947 573 2980 Sciorherici,
588 2958 642 2986 quo
653 2947 854 2987 cognoscuntur
871 2948 984 2980 umbrae,
996 2951 1020 2976 δε
1031 2958 1062 2975 ex
1077 2947 1177 2975 umbris
1186 2946 1267 2974 horae.
1287 2947 1384 2974 Plinius
1395 2946 1541 2974 umbilicum
1553 2954 1630 2973 vocat
1643 2965 1649 2977 ‚
1670 2944 1760 2981 Hesy-

212 2984 286 3054 (ὲὶῐῑῑς
296 2985 399 3031 κέντρον.
416 2988 489 3027 quod
498 2989 525 3017 in
534 2989 623 3017 medio
635 2988 697 3018 valis
707 2988 859 3029 horologici
872 2988 973 3028 semper
984 2997 1136 3027 poneretur.
1159 2987 1203 3016 Ab
1212 2987 1262 3016 hoc
1274 2997 1415 3028 gnomone
1424 2987 1489 3015 dieti
1497 2985 1670 3018 Gnomonici,
1685 2988 1709 3012 δε
1719 2993 1760 3011 ars

243 3035 394 3055 nomonica.

1658 3064 1689 3100 Δ]
1699 3063 1761 3093 Phi-
