2023 3162
521 78 1137 118 nnAactanchna
1195 63 1386 116 LmX.
1616 67 1754 129 '205

155 157 231 196 que
242 146 356 184 etiam
369 141 553 181 stellarum
564 153 734 181 naturam
744 171 755 188 ‚
773 154 858 192 quae
868 143 906 179 ni
917 142 1131 181 machinata
1146 141 1374 181 versarentur
1385 169 1394 184 ‚
1414 155 1497 182 non
1509 145 1758 188 habuissemus

153 205 297 240 interra
305 201 452 239 lucem,
475 211 546 237 nec
555 199 744 237 fruetuum
763 200 1006 237 maturitates.
1037 199 1141 237 Cum
1154 211 1245 249 ergo
1264 201 1425 247 majores
1437 201 1515 239 haec
1535 204 1583 240 ita
1593 203 1662 242 effe
1683 208 1756 243 ani-

152 257 441 301 madvertiffent,
453 253 473 292 ὲ
486 267 609 294 terum
619 266 749 293 natura
758 254 991 305 sumpserunt
1001 257 1228 308 exempla‚&
1239 268 1281 294 ea
1290 257 1478 295 imitantes
1489 258 1632 297 inducti
1644 261 1754 299 rebus

153 313 288 351 divinis
300 343 310 359 ‚
330 312 557 350 commodas
578 313 662 350 vitae
676 311 908 362 perfecerunt
927 313 1206 362 explicationes.
1237 313 1368 362 Itaque
1384 325 1703 365 comparaverunt
1714 329 1755 355 ut

133 366 138 372 '
153 368 266 408 essent
275 369 503 420 expeditiora
514 397 524 413 ‚
545 369 614 405 alia
627 367 811 405 machinis
822 370 860 406 <Sc
871 379 1000 406 earum
1017 368 1285 407 versationibus
1296 394 1305 408 ‚
1326 372 1507 410 nonnulla
1516 375 1676 422 organis.
1708 374 1755 410 Et

153 427 204 464 ita
222 439 304 476 quae
323 424 663 462 animadverterunt
674 423 719 460 ad
739 423 842 461 usum
855 425 958 461 utilia
977 424 1046 461 effe
1065 424 1190 462 studiis
1202 454 1212 469 ,
1231 425 1370 464 artibus
1384 456 1393 472 ‚
1411 426 1580 466 institutis
1594 458 1604 473 ,
1625 428 1753 479 grada‘

153 483 223 520 tim
237 480 402 532 augenda
412 480 586 517 doctrinis
606 490 840 517 curaverunt.
871 480 1126 518 Attendamus
1139 482 1239 518 enim
1248 484 1411 532 primum
1425 485 1623 522 inventum
1635 485 1680 522 de
1690 496 1755 522 ne-

152 537 316 575 cessitate
327 564 336 578 ,
348 547 388 575 ut
397 535 540 574 vestitus
552 556 561 583 ς
574 535 903 584 quemadmodum
914 537 1072 573 telarum
1083 538 1266 585 organicis
1279 538 1654 578 administrationibus
1674 539 1722 585 [d
1729 545 1750 587 ]

154 605 343 631 connexus
354 591 516 630 staminis
536 591 582 627 ad
600 591 822 641 subtegmen
833 621 844 637 ‚
865 604 945 629 non
967 591 1088 628 modo
1112 604 1272 643 corpora
1290 595 1456 643 tegendo
1475 605 1647 634 tueantur
1661 621 1668 635 ‚
1690 596 1751 634 sed

154 652 268 687 etiam
280 658 434 687 ornatus
450 646 625 692 adjiciant
634 646 881 685 honestatem.
913 648 1002 685 Cibi
1012 659 1101 684 vero
1113 659 1191 685 non
1211 648 1458 688 habuissemus
1472 651 1750 697 abundantiam,

153 705 221 743 nisi
232 707 314 755 iuga
324 707 361 742 ὃς
372 713 484 742 aratra
496 701 623 740 bobus
635 702 879 752 jumentisque
891 702 1068 740 omnibus
1086 702 1197 740 essent
1208 706 1370 742 inventa.
1402 707 1700 758 Sucularumque
1713 708 1751 745 ἃ

153 762 343 813 prelorum
355 787 363 800 ‚
385 762 424 797 δε
435 758 592 797 venium
604 788 614 803 ‚
629 758 652 796 si
664 771 744 796 non
756 758 875 797 fnisset
883 759 1080 797 torcularis
1091 761 1330 810 pra-paratim
1353 773 1475 810 neque
1486 765 1561 800 olei
1573 765 1750 810 nitorem,

152 829 278 867 neque
288 818 416 855 vitium
425 814 586 852 frustum
597 814 733 853 habere
743 815 993 866 potuissemus
1004 814 1049 853 ad
1060 814 1344 859 iucunditatem.
1376 818 1676 868 Por-rationesque
1687 832 1750 857 co-

152 886 235 912 rum
245 885 324 911 non
336 868 530 916 essent‚nisi
540 871 800 921 plaustrorum.
815 883 878 909 aut
889 875 944 917 [e]
957 870 1182 908 sarracorum
1191 883 1257 921 per
1266 883 1401 910 tetram
1409 875 1671 917 ‚navicularum
1684 887 1749 926 pet

152 941 303 980 aquarn,
313 930 468 967 inventae
479 925 591 966 essent
598 928 910 967 machinationes.
933 925 1009 979 [f]
1029 928 1276 965 Trutinarum
1288 940 1381 967 vero
1392 929 1645 980 librarumque
1656 943 1752 980 pon-

1055 984 1090 1021 C
1104 995 1125 1020 c
1163 994 1178 1023 3
1605 987 1750 1025 deribus

147 1066 178 1101 d]
209 1064 293 1093 Idem.
314 1065 421 1091 Stamen
432 1083 439 1095 ,
459 1062 485 1090 id
495 1063 540 1094 est.
552 1063 680 1091 stantiain
690 1063 804 1103 longum
813 1062 857 1090 fila
874 1063 955 1091 radio·
965 1071 1028 1090 cum
1039 1061 1210 1102 subtegmine
1222 1082 1229 1091 ,
1251 1062 1302 1089 five
1314 1061 1470 1091 substaniine
1480 1085 1487 1096 ‚
1499 1065 1539 1092 uti
1550 1063 1621 1092 soleo
1630 1063 1752 1093 scribere.

189 1106 216 1134 id
224 1106 268 1136 est.
278 1112 371 1136 trama,
383 1103 555 1143 percurritur,
567 1103 680 1132 insilium
689 1101 791 1131 alterna
801 1103 949 1132 sublatione
960 1107 984 1131 δε
997 1099 1172 1141 depressione,
1181 1103 1373 1142 pendentisque
1385 1105 1495 1139 pectinis
1507 1101 1674 1142 percussione
1682 1106 1752 1134 den-

189 1148 256 1175 satur
267 1147 294 1173 in
304 1146 384 1174 telam
394 1153 438 1172 aut
447 1154 575 1183 pannum,
587 1145 687 1185 &jugo
698 1144 880 1173 convolvitur.
903 1145 933 1172 ld
944 1145 1078 1184 organicis
1089 1144 1361 1172 administrationibus
1371 1143 1412 1176 fit,
1423 1145 1497 1184 quod
1507 1147 1532 1172 in
1545 1147 1668 1174 textrina:
1679 1147 1751 1174 libro

189 1186 346 1216 docebimus
353 1195 415 1214 cum
425 1186 527 1213 caeteris
538 1184 623 1220 ejusce
632 1186 749 1226 generis.
767 1186 840 1214 Scitu
852 1185 916 1214 illud
929 1195 983 1213 non
995 1184 1137 1224 indignum
1147 1206 1153 1218 ,
1169 1184 1241 1223 quod
1252 1184 1320 1223 apud
1337 1187 1448 1213 Sextum
1468 1187 1627 1225 Pompe-jum
1639 1188 1749 1227 legitur,

188 1225 341 1268 foraginem
359 1225 483 1265 appellari
493 1224 568 1254 filum
579 1237 633 1265 quo
651 1227 777 1255 textrices
793 1227 920 1255 diurnum
931 1236 997 1265 opus
1013 1226 1192 1265 distinguunt,
1206 1224 1220 1253 a
1234 1222 1347 1254 forando
1357 1225 1470 1255 diffisum.
1491 1227 1560 1255 Illud
1577 1237 1682 1266 quoque
1694 1238 1749 1255 non

187 1269 360 1308 praeterierim
372 1288 379 1300 ,
400 1267 472 1306 quod
480 1266 570 1295 scribit
580 1267 680 1296 Plinius
690 1267 735 1296 lib.
747 1277 805 1297 xix.
817 1277 873 1306 cap.
885 1278 906 1296 ι.
926 1263 1019 1295 vidiffe
1037 1266 1062 1295 se
1072 1266 1162 1306 plagas
1173 1263 1286 1295 cassesve
1303 1275 1385 1294 tantae
1402 1267 1542 1295 tenuitatis
1552 1289 1559 1301 ‚
1580 1277 1610 1296 ut
1621 1277 1682 1296 cum
1693 1269 1748 1306 epi-

185 1308 352 1338 dromidibus
363 1307 490 1336 annulum
501 1308 616 1337 hominis
627 1309 766 1337 transirent
779 1330 785 1339 .
801 1319 856 1337 uno
866 1317 991 1348 portante
1009 1308 1211 1336 multitudinem
1222 1329 1229 1341 ‚
1252 1318 1303 1346 qua
1311 1307 1388 1336 saltus
1398 1308 1553 1349 cingeretur
1564 1329 1571 1341 ‚
1593 1309 1749 1349 singulaque

187 1360 276 1379 earum
287 1349 395 1378 stamina
404 1357 519 1377 centeno
528 1349 719 1390 quinquageno
728 1349 775 1378 filo
784 1347 939 1378 constitisse.
957 1352 1015 1379 Nec
1026 1358 1115 1377 tamen
1128 1349 1214 1377 minus
1226 1350 1323 1378 mirum
1332 1370 1338 1381 ‚
1352 1349 1426 1388 quod
1436 1351 1463 1378 in
1474 1349 1571 1378 eodem
1582 1349 1646 1378 loco
1656 1351 1747 1384 tradit,

188 1391 292 1432 singula
300 1388 342 1418 fila
351 1389 466 1418 thoracis
477 1390 577 1418 Amatis
586 1393 657 1432 regis
667 1391 793 1432 AEgvptii
803 1389 949 1420 constitisse
958 1390 1087 1419 trecentis
1095 1389 1232 1430 sexaginta
1240 1390 1357 1429 quinque
1369 1388 1428 1419 filis.

145 1433 172 1467 e]
205 1434 290 1460 Idem.
308 1433 445 1459 Satricum
455 1431 558 1469 plaustri
569 1441 651 1460 oenus
659 1430 712 1461 effe
720 1428 799 1461 discas
811 1442 843 1460 ex
855 1433 924 1461 Iulio
943 1431 1100 1470 Capitolino
1111 1452 1118 1463 ,
1133 1432 1160 1459 in
1173 1432 1314 1459 Antonino
1327 1430 1500 1471 Philosopho.
1523 1435 1614 1459 Tanta
1626 1453 1631 1463 .
1644 1431 1741 1470 inquit,

187 1473 328 1511 pestilentia
336 1471 391 1508 fuit
399 1485 407 1499 .-
427 1479 457 1498 ut
469 1456 593 1499 vehiculis
603 1474 736 1501 cadavera
745 1481 880 1513 exportata
894 1473 949 1511 sint
957 1494 963 1504 ‚
970 1473 1141 1511 firmansque.
1164 1472 1208 1499 cl.
1219 1472 1356 1500 Salmasius
1366 1471 1398 1500 ad
1407 1472 1478 1501 hunc
1490 1473 1582 1500 locum
1592 1473 1749 1511 Capitolini:

190 1516 330 1543 Serracum
339 1516 363 1541 δε
373 1515 511 1541 Sarracum
520 1512 658 1543 dicebatur
671 1528 677 1547 ;
690 1519 713 1543 St
725 1524 780 1543 erat
792 1514 848 1542 haec
858 1513 1090 1553 voxjamoptimis
1100 1512 1252 1542 Latinitatis
1263 1513 1432 1552 temporibus
1440 1514 1542 1542 usitata.
1565 1513 1681 1541 Iuvenal.

585 1570 668 1578 —-
690 1556 815 1593 Coruscat

543 1599 644 1624 Serrano
660 1600 778 1625 veniente
788 1596 866 1625 abies.
1643 1612 1646 1616 ⁴

193 1634 292 1667 Gloss’ae
303 1647 309 1664 τ
325 1641 437 1665 sarraca
448 1634 550 1674 οἶῇμξαι.
571 1639 662 1665 Amm.
675 1633 828 1669 Marcellin.
839 1638 885 1666 lib.
897 1648 976 1666 xxxr.
987 1648 1094 1674 cumque
1104 1638 1141 1666 ad
1146 1639 1287 1675 graminea
1297 1637 1416 1665 venerim
1425 1634 1745 1674 inorbiculatamfiguram

190 1679 278 1706 locatis
289 1677 413 1715 sarraclc's
423 1698 430 1708 ,
441 1677 524 1714 ferina
532 1680 585 1705 ritu
592 1678 738 1715 vescuntur.
760 1679 894 1710 Sarmens,
905 1679 931 1706 id
942 1680 988 1709 est,
999 1680 1150 1707 Sarraculis.

141 1717 181 1756 f]
210 1719 330 1747 Philand.
352 1721 393 1747 De
403 1717 442 1746 his
459 1719 628 1747 commodius
639 1729 696 1758 cap.
709 1724 733 1747 8.
754 1720 803 1748 Sed
814 1720 887 1758 quod
898 1720 1019 1757 praestent
1030 1720 1186 1753 utilitatem,
1199 1719 1291 1748 multis
1305 1717 1452 1747 rationibus
1464 1716 1637 1757 comprobati
1646 1718 1748 1756 potest:

187 1769 236 1787 nos
245 1757 383 1798 antiquam
392 1758 791 1798 marmoreaminscriptionem,
802 1770 860 1799 qua:
871 1762 989 1788 cernitur
1000 1760 1026 1787 in
1036 1760 1259 1789 Columnensiurn
1271 1760 1380 1797 palatio,
1397 1759 1429 1786 ad
1441 1758 1578 1786 Basilicam
1597 1760 1661 1787 DD.
1672 1762 1748 1796 Apo-

184 1800 326 1833 stolorum,
337 1801 487 1839 pecuariam
496 1799 597 1828 scilicet
607 1799 696 1841 legem
708 1802 860 1840 putavimus
870 1810 918 1839 pro
932 1810 1054 1839 tempore
1065 1802 1171 1831 raritate
1181 1802 1224 1831 sua
1233 1799 1361 1830 facturam
1372 1799 1439 1829 satis.
1458 1800 1495 1827 Ea
1506 1799 1540 1827 est
1552 1798 1702 1835 hujusmodi
1716 1810 1721 1827 ;

570 1853 632 1880 Ex
665 1854 1036 1883 AchomTATE

570 1905 725 1932 'svaei
757 1906 1129 1934 APRONIAN1VC

574 1956 832 1985 PRAEFEcri
865 1958 1020 1997 vxssis·

436 2018 595 2047 RATIO
627 2019 826 2047 DOCVIT
855 2019 1136 2046 VTILITATE
1164 2019 1249 2047 SVA

434 2071 599 2098 DENTE
632 2071 1020 2099 CONSVETVDINE
1049 2072 1104 2099 Mi

433 2123 588 2151 CANDI
619 2122 865 2151 SVMMOTA
893 2125 974 2151 SVB
1006 2125 1202 2154 EXAGIO

436 2172 618 2201 POTIVS
647 2174 846 2214 PECORa
874 2175 1108 2204 VENDERE
1137 2177 1280 2213 QAM

432 2225 631 2253 DIGITIS
661 2227 1088 2255 CONLVDENTIBVS
1119 2228 1287 2256 TRADE

434 2275 491 2303 RE
525 2277 585 2304 VT
614 2278 828 2306 APPENSO
857 2278 1053 2306 PECORE
1085 2279 1266 2307 CAPITE

436 2327 642 2355 PEDIBVS
674 2329 730 2355 ET
760 2330 885 2357 SEVO
917 2330 1187 2358 LACTANTE
1221 2332 1279 2358 ET

437 2382 721 2411 SVBGVLARI
754 2384 910 2412 LANIO
944 2384 1265 2414 CEDENTIBVS

435 2433 663 2473 RELIQVA
694 2436 828 2464 CARO
860 2436 961 2464 CVM
992 2436 1142 2465 PELLE
1175 2438 1233 2465 ET
1265 2439 1384 2468 INTE

433 2487 608 2515 RANEIS
639 2488 917 2517 PROFICIAT
947 2490 1243 2520 VENDITORI

433 2543 516 2569 SVB
545 2544 845 2572 CONSPECTV
877 2545 1090 2574 PVBLICO
1123 2547 1235 2576 FIDE
1267 2549 1362 2578 PON

434 2596 582 2625 Dfiais
613 2598 961 2627 CONPROBATA
993 2600 1052 2626 vT
1083 2601 1333 2637 QVANTVM

431 2647 567 2676 CARO
599 2649 771 2676 OCCISI
800 2649 1015 2678 PECORIS
1046 2645 1309 2680 APPENDAT

437 2702 496 2729 ET
527 2703 739 2732 EMPTOR
769 2704 932 2732 NORIT
961 2705 1018 2732 ET
1050 2706 1319 2734 VENDITOR

435 2756 708 2785 COMMODIS
740 2757 963 2786 OMNIBVS
995 2759 1056 2786 ET
1086 2759 1260 2787 PRAEDA

435 2812 683 2840 DAMNATA
710 2814 853 2851 QAM
884 2815 1134 2843 TRIBVNVS
1166 2816 1279 2843 OFFI

434 2863 559 2890 CIVM
592 2864 983 2893 CANCELLARIVS
1014 2866 1074 2893 ET
1106 2867 1282 2896 SCRIBA

434 2916 491 2942 DE
524 2916 793 2945 PECVARIIS
825 2918 1015 2947 CAPERE
1048 2920 1313 2949 CONSVEVE

438 2969 573 2998 RANT
603 2969 711 3008 QYAE
740 2970 912 2999 FORMA
941 2971 1254 3002 INTERDICTI

1689 3017 1747 3045 ET
