2023 3162
335 104 806 142 Vocinvronvm
864 103 1427 145 VITRUVIANORVM.
1662 125 1708 160 39

123 175 169 213 ab
179 171 543 224 ipsalougitudine&
556 170 780 209 extensione.
808 171 955 209 Etenim
974 168 1041 209 xm*
1059 173 1106 210 τὲ
1118 168 1294 219 ἎζςιἹείνριν,
1317 176 1490 222 tendere,
1506 181 1712 228 intendere,

121 228 317 268 extendere
330 256 340 272 ,
360 226 400 264 fit
409 224 606 274 Ἁζρίπνῶι,
625 236 796 264 extentus
809 256 819 272 ‚
841 227 1028 266 distentus.
1061 230 1155 266 Sunt
1164 230 1316 269 codices
1326 232 1538 279 Philandro,
1548 238 1613 285 qui
1625 239 1712 275 Dia-

119 296 236 324 toron
248 295 317 334 pro
331 284 532 322 Diatonon
543 285 676 333 legant.
688 283 828 332 Utram
840 284 1042 322 lectionem
1055 285 1248 334 praeferam
1259 316 1269 332 ‚
1279 287 1414 326 nescio.
1429 290 1711 331 Testimonium

121 343 222 379 enim
234 340 253 377 ὲ
264 340 386 376 Plinio
397 352 475 377 non
485 339 674 377 habemus,
682 341 745 388 qui
755 339 851 376 hanc
862 340 1011 378 illamve
1024 340 1226 379 confirmet
1235 368 1243 382 ‚
1257 346 1294 382 &
1304 345 1528 383 Vitruvianis
1541 348 1661 385 verbis
1672 349 1712 386 fi-

121 397 208 434 dem
220 394 344 433 afferat
356 397 394 432 ὅ(
405 398 542 433 lucem.
564 392 692 443 AEque
705 405 831 432 tamen
844 406 992 445 aptatur
1003 407 1160 446 utraque
1170 398 1302 439 le&io‚
1319 411 1471 450 utraque
1483 402 1595 441 bona.
1629 406 1712 442 Ete-

120 455 202 491 nim
212 456 330 502 2192725:
337 453 377 488 ‚viv
388 478 396 492 .
411 452 509 489 unde
520 447 714 500 ίλζθίπρῷυ,
726 463 917 502 penetrare
927 452 1084 491 denotat
1095 482 1104 497 ,
1117 453 1215 491 unde
1225 454 1356 493 lateres
1368 469 1613 506 penetrantes.
1625 462 1711 498 Nec

120 511 158 546 in
170 510 306 546 Latina
317 508 512 558 scriptione
522 506 683 543 difficilis
694 506 860 545 transitus
874 507 894 544 ἐι
904 509 1075 546 Diatono
1085 510 1123 545 in
1135 510 1336 552 Diatoron‚
1355 515 1392 549 ὃς
1402 514 1483 551 vice
1494 515 1581 554 vers
1575 527 1606 553 a.
1639 516 1715 554 Ha-

122 567 252 603 bemus
263 564 308 602 ab
320 563 457 602 eodem
469 563 660 600 stemmate
675 563 874 600 Diatonon
887 589 896 603 ‚
918 563 977 600 sed
989 576 1067 601 non
1077 565 1208 602 eadem
1221 568 1270 611 vi,
1282 568 1343 605 lib.
1354 580 1388 606 v.
1400 582 1432 607 c.
1444 587 1481 618 4.
1493 577 1644 611 Genera,
1659 574 1711 610 ait

122 623 326 664 Vitruvius,
339 616 607 655 modulationum
617 616 705 670 fimt
714 620 796 658 trix,
806 620 961 670 primum
970 619 1062 671 quod
1073 626 1103 657 G
1105 622 1183 657 raecz‘
1191 632 1322 658 vocant
1331 626 1561 663 Harmoniam
1575 625 1713 678 ,ficun-

119 675 204 715 dum
218 673 530 719 chroma‚tertium
541 675 738 711 Diatonum.
751 675 867 712 Paulo
876 674 958 724 post
968 675 1144 713 subinfert
1156 698 1166 724 5
1187 680 1332 715 Diatonz'
1340 677 1430 731 fiant
1438 679 1505 718 duo
1524 685 1714 721 continuati

121 734 204 769 toni.
218 730 396 769 Affirmat
404 729 504 767 idem
517 729 567 767 ibi
576 731 673 777 loci:
686 726 903 781 Diatonoeffi’
915 731 1113 767 naturalem
1125 731 1169 775 οἷν
1179 731 1376 783 faciliorem
1386 737 1655 775 intervaaorum
1665 737 1715 775 di-

108 788 294 839 stantiam.
307 787 400 824 Ideo
411 796 538 824 autem
550 787 739 822 Diatonos
751 785 897 829 dicitur,
907 785 1012 835 quod
1023 798 1088 838 per
1099 797 1216 824 tonos
1225 790 1418 838 procedat.
1434 793 1488 830 Ea
1498 796 1598 831 enim
1609 806 1716 846 pote-

120 845 188 882 stas
201 844 321 881 Graeci
330 843 445 881 verbi.
461 843 502 880 In
513 843 592 888 ejus
604 841 849 879 tetrachordo
861 841 938 878 duo
951 853 1053 879 erant
1066 843 1160 880 toni,
1173 842 1226 888 ἃ,
1240 855 1279 881 ut
1292 848 1342 882 ait
1354 847 1560 893 Vitruvius,
1574 847 1714 886 hemito-

120 903 231 937 nium.
241 900 333 937 Non
343 909 472 936 tamen
483 899 502 935 a
515 896 653 949 duplici
666 908 762 934 tono
772 897 866 934 facta
876 897 991 936 diCtio
1002 928 1012 944 ‚
1034 897 1093 936 sed
1102 898 1147 936 ab
1159 910 1199 936 ea
1211 928 1221 944 ,
1243 912 1359 949 quam
1369 901 1543 948 diximus,
1555 909 1708 944 ratione.

119 958 215 995 Satis
226 955 304 993 haec
317 965 386 1005 pto
395 966 433 991 re
445 953 577 990 nostra.
603 964 735 991 caetera
747 966 871 1003 quaere
882 953 993 991 fufius
1004 954 1104 1005 apud
1114 954 1295 993 Muficos.
1327 956 1420 995 Haec
1430 959 1503 996 ille.

175 1013 213 1049 D
230 1026 240 1049 1
256 1024 278 1048 Α
291 1022 314 1047 ν
330 1024 349 1046 L
363 1022 388 1047 0
406 1023 432 1046 s.
461 1009 545 1046 Lib.
555 1020 588 1046 v.
602 1021 679 1060 cap.
698 1022 712 1045 1
726 1022 759 1045 1.
788 1007 1179 1062 Inpallgslrisperistylia
1188 1010 1359 1063 quadrata
1370 1043 1381 1058 ,
1395 1012 1478 1064 five
1487 1011 1625 1068 oblonga
1637 1045 1645 1060 ,
1664 1019 1715 1053 ita

109 1064 196 1120 fimt
204 1063 371 1118 fhct'enda
382 1091 390 1105 ‚
411 1066 466 1101 uti
474 1063 622 1102 duorum
628 1063 824 1115 stadiorum
835 1061 982 1101 habeant
993 1063 1231 1103 ambulationis
1240 1068 1475 1106 circuitionem
1488 1099 1498 1114 ,
1508 1073 1599 1121 qnod
1609 1064 1716 1108 Gne-ci

117 1132 240 1160 vocant
250 1118 398 1157 δίαυλον.
411 1121 564 1158 Baldus:
589 1121 843 1158 Consentiunt
853 1133 998 1161 omnes,
1014 1123 1179 1160 Diaulon
1190 1123 1347 1173 duplicis
1363 1124 1466 1162 stadii
1477 1125 1545 1163 effe
1557 1127 1716 1172 cursum,

119 1178 358 1216 acarceribus
376 1177 421 1213 ad
433 1180 573 1214 metam
586 1205 596 1221 ,
616 1178 662 1214 ab
674 1176 746 1214 hac
755 1177 800 1213 ad
820 1189 985 1215 carceres
997 1180 1192 1228 reciproce
1212 1178 1414 1218 recursum.
1447 1183 1566 1236 Qod
1589 1182 1625 1219 δε
1642 1183 1715 1233 ipse

119 1233 378 1284 Aristophanis
388 1233 537 1270 Gtaecus
547 1233 725 1282 interpres
738 1232 794 1269 his
806 1233 928 1271 verbis
940 1234 1076 1271 docet:
1092 1232 1277 1280 ΔίσωλΘν,
1290 1236 1304 1271 ὁ
1317 1233 1409 1275 διξῶν
1420 1234 1508 1283 ἔχων
1518 1236 1542 1275 Dr
1551 1235 1667 1287 Ᾱ>>όμον
1679 1240 1714 1275 ἐν

117 1292 161 1337 τῇ
178 1287 296 1341 περείᾳ,
317 1286 349 1325 zi
367 1291 534 1339 πληρῶσαι
551 1284 582 1324 τέ
600 1286 709 1328 ς-ιέᾶὶον
724 1304 751 1343 '5
771 1286 986 1341 ἐπτερέψωι.
1003 1290 1105 1328 Idem
1117 1291 1191 1328 fere
1211 1293 1346 1329 iterato
1365 1294 1403 1330 in
1422 1293 1589 1332 Avibus:
1610 1307 1681 1332 nec
1694 1296 1714 1332 a

118 1347 278 1384 Polluce
288 1344 467 1390 dissentit,
489 1357 559 1382 nec
570 1344 614 1383 ab
635 1344 834 1383 Eustathio.
866 1346 967 1383 Hinc
977 1345 1169 1385 Aristoteli
1186 1348 1260 1384 inl.
1276 1347 1321 1385 de
1339 1361 1462 1397 gener.
1485 1349 1624 1387 fassum
1635 1363 1715 1389 ver-

118 1402 210 1439 bum
219 1398 498 1451 ᾏὶμυλοῆιομεῖν,
510 1413 654 1439 currere
665 1404 702 1438 &
714 1413 911 1440 recurrere.
941 1404 1027 1440 Erat
1036 1413 1162 1440 autem
1174 1416 1293 1454 prope
1305 1433 1314 1448 ,
1326 1404 1469 1443 Budaeo
1480 1406 1569 1443 teste
1582 1435 1592 1450 ‚
1613 1407 1712 1444 idem

119 1459 261 1496 Graecis
273 1458 446 1498 Diaulos,
458 1457 562 1506 quod
574 1458 714 1495 Latinis
725 1459 858 1495 circus.
892 1458 1084 1496 Caeterum
1099 1461 1331 1497 Mercurialis
1341 1461 1444 1499 lib.2.
1455 1472 1535 1512 cap.
1548 1475 1559 1498 1
1575 1474 1603 1497 1.
1618 1461 1663 1498 de
1674 1475 1713 1499 re

118 1513 505 1563 Gymnast.distinguit
518 1513 729 1551 Dolichum
741 1514 1019 1552 aDiauloNult
1029 1517 1316 1553 enimDiaulum
1327 1516 1472 1554 cursum
1485 1517 1588 1555 fuiss'e
1597 1518 1716 1568 dupli·

118 1573 171 1607 cis
182 1569 306 1614 stadii,
326 1569 434 1607 cursu
446 1571 483 1607 δε
495 1570 652 1616 recursu,
663 1571 873 1608 Dolichum
883 1574 975 1608 verb
986 1572 1149 1608 duorum
1160 1570 1364 1610 stadiorum
1373 1574 1480 1610 cursu
1492 1575 1622 1617 unico,
1635 1573 1710 1611 fine

118 1625 276 1663 recursu.
288 1626 455 1663 Nomini
466 1628 576 1676 origo
587 1623 654 1663 xm*
664 1623 696 1669 ΞΓ
708 1627 859 1665 &zaid
872 1626 1122 1677 est,tibia,qua
1133 1637 1261 1664 tamen
1273 1639 1373 1665 voce
1385 1628 1545 1677 figuram
1556 1640 1714 1667 omnem

116 1682 319 1720 notabant.
341 1681 589 1731 angustiorem
605 1683 758 1732 quidem
770 1686 808 1721 <Sc
819 1683 1100 1735 produstiorem
1113 1712 1123 1729 ‚
1141 1683 1249 1732 quale
1260 1683 1310 1720 est
1329 1683 1501 1722 stadium.
1535 1685 1709 1722 Haecille.

172 1739 513 1776 DIAZOMATA.
534 1739 633 1776 Vide
652 1740 1109 1778 Pssfficmc’rroNEs.

173 1795 212 1829 D
228 1807 240 1831 1
256 1807 277 1830 c
289 1806 314 1830 H
326 1806 348 1830 Α
365 1808 383 1831 L
397 1807 417 1830 c
430 1807 463 1830 A.
494 1794 578 1831 Lib.
594 1807 608 1832 1
622 1807 634 1831 1
649 1807 677 1831 1.
694 1807 774 1847 cap.
795 1807 808 1830 1
820 1824 827 1831 .
859 1793 1164 1848 Qadrmtcffiue
1171 1792 1340 1832 obolorum
1353 1825 1362 1840 ,
1381 1809 1452 1847 quae
1463 1794 1528 1832 alii
1538 1792 1712 1843 Dichalca,

116 1849 272 1886 nonnulli
281 1845 449 1884 trichalca
458 1848 589 1887 dicunt.
621 1850 754 1888 Baldus
767 1864 773 1886 :
785 1848 920 1890 Χαλκέν
932 1851 1055 1888 Graeci
1065 1864 1111 1888 ατε
1121 1853 1331 1889 nominant.
1349 1852 1451 1889 Hinc
1460 1849 1596 1898 χαλκαὶ
1608 1865 1714 1897 aerea,

119 1908 156 1944 δε
167 1903 338 1951 dimam
359 1916 513 1943 moneta
525 1919 711 1944 aereorum
731 1907 908 1944 duorum.
939 1906 1112 1944 Mensura
1132 1907 1181 1944 est
1194 1906 1409 1944 Dioscorid.
1424 1909 1483 1945 lib.
1498 1923 1534 1954 4.
1564 1901 1716 1945 Polluci

119 1973 209 2000 vero
219 1962 242 1997 l.
258 1976 292 2005 3-
311 1970 439 2010 quarta
455 1972 537 2011 pars
549 1962 679 2002 oboli,
702 1963 821 2011 quain
837 1975 977 2000 recum
996 1962 1173 2000 Vitruvio
1192 1963 1306 2000 sentit·
1339 1963 1442 1999 oeno
1461 1965 1574 2012 igitur
1586 1964 1715 2001 chalca

120 2017 282 2054 obolum
299 2018 486 2066 integrum
505 2017 780 2055 constituebant
792 2046 801 2061 ,
828 2018 951 2055 Plinio
971 2017 1070 2054 teste.
1107 2018 1191 2055 Erat
1208 2020 1320 2067 igitur
1341 2017 1515 2056 chalcum
1538 2020 1714 2056 Greccum

122 2072 223 2108 idem
233 2072 336 2121 quod
348 2073 544 2109 monetula
554 2074 613 2110 illa
625 2103 636 2118 ‚
656 2085 772 2123 quam
782 2072 896 2110 nostri
905 2074 1110 2125 quatrinum
1121 2100 1129 2113 ‚
1151 2085 1223 2124 pro
1235 2073 1429 2123 quadreno
1438 2075 1501 2111 seu
1513 2074 1714 2122 quadrante

122 2128 321 2179 appellant.
352 2128 454 2164 Οξὶο
465 2138 591 2165 autem
610 2130 790 2178 quadreni
799 2128 961 2167 obolum
982 2129 1150 2166 nostrum
1161 2129 1313 2167 faciunt.
1345 2129 1566 2183 Qadrenus
1587 2139 1713 2166 autem

121 2183 181 2221 seu
191 2181 375 2233 quadrans
385 2181 518 2218 dicitur
531 2211 541 2226 ‚
553 2195 600 2220 eo
611 2185 715 2232 quod
729 2183 768 2219 sit
779 2195 906 2231 quarta
916 2195 996 2233 pars
1007 2184 1124 2221 solidi.
1156 2184 1341 2220 Dichalca
1353 2196 1446 2233 ergo
1456 2195 1562 2221 aereas
1575 2196 1713 2222 mone-

123 2240 216 2277 tulas
229 2267 236 2278 ,
261 2237 484 2275 numulosve
493 2239 686 2286 aequabant
698 2268 708 2282 ‚
727 2249 825 2286 quos
836 2238 1012 2274 nostrates
1024 2240 1222 2276 vernacule
1232 2237 1362 2289 Safinos
1372 2240 1566 2288 appellant.

179 2295 217 2332 D
229 2306 240 2330 1
254 2306 278 2330 D
293 2306 317 2328 ο
329 2306 350 2329 R
363 2304 388 2328 0
401 2304 437 2327 Ν.
470 2292 553 2327 Lib.
579 2305 592 2327 1
606 2306 620 2328 1
633 2321 639 2327 .
659 2305 738 2342 cap.
765 2306 797 2335 3.
828 2293 934 2328 Fiunt
955 2301 1072 2328 autem
1092 2291 1238 2329 laterum
1251 2306 1383 2345 genera
1394 2296 1465 2330 tria
1475 2321 1483 2334 ,
1505 2307 1614 2331 unum
1624 2294 1716 2347 quod

123 2356 236 2388 Graece
246 2341 376 2397 δίὸωρον
385 2347 572 2399 appellatur
586 2376 595 2391 ‚
615 2345 654 2382 id
663 2350 711 2384 eft
725 2376 734 2390 ,
752 2359 817 2399 quo
826 2347 933 2396 nostri
942 2356 1095 2384 utuntur
1104 2373 1112 2387 ‚
1132 2346 1272 2400 longum
1276 2347 1364 2400 pede
1376 2375 1384 2389 ,
1403 2348 1516 2386 latum
1525 2348 1712 2402 semipede.

125 2406 280 2444 Baldus:
301 2405 390 2441 Hoc
400 2404 445 2440 de
455 2415 589 2454 genere
599 2405 691 2440 item
701 2404 794 2439 Plin.
808 2403 869 2439 lib.
885 2416 898 2446 3
913 2414 944 2445 5.
957 2415 1060 2454 cap.1
1069 2418 1103 2450 4.
1118 2403 1173 2441 his
1183 2405 1324 2442 verbis:
1359 2410 1490 2442 Genera
1500 2419 1616 2443 eorum
1627 2408 1710 2451 tria,

124 2460 278 2501 Didoron
289 2473 354 2513 quo
373 2462 509 2495 utimur
521 2485 529 2498 ‚
552 2458 690 2512 longum
705 2455 904 2510 fisquipcde
917 2487 926 2503 ‚
948 2454 1019 2496 &a
1050 2460 1080 2496 E
1098 2460 1274 2498 Vitruvio
1292 2460 1488 2513 descripfit.
1518 2461 1713 2498 Philander

124 2517 224 2569 apud
232 2516 395 2554 eundem
406 2516 495 2564 legit
505 2515 744 2564 Dyodorum‚
759 2513 861 2563 quafi
870 2515 1082 2553 emendans.
1095 2514 1152 2552 sed
1163 2515 1315 2554 fallitur:
1336 2528 1457 2566 neque
1467 2519 1566 2555 enim
1578 2517 1709 2557 Graeci,

126 2574 296 2624 quamvis
316 2565 381 2608 δέω
402 2573 462 2608 vel
472 2564 526 2606 δύο
552 2583 620 2620 pro
641 2570 792 2608 duobus
811 2570 940 2607 dicunt
954 2600 963 2615 ‚
981 2571 1066 2608 inde
1084 2572 1300 2620 Dyodoron
1318 2572 1460 2609 faciunt
1473 2601 1482 2616 ,
1495 2572 1553 2608 sed
1566 2566 1710 2624 δι’ὃωρον,

126 2631 303 2668 Graecum
315 2628 475 2666 verbum
487 2654 495 2667 ‚
517 2628 699 2665 denotans
715 2625 922 2663 mensuram
934 2626 1100 2665 duorum
1111 2629 1335 2677 palmorum.
1366 2629 1575 2678 Corruptus
1587 2628 1711 2666 codex

125 2685 327 2723 Plinianus.
342 2684 570 2721 Hermolaus
581 2696 650 2733 pro
670 2682 847 2719 Didoron
866 2682 1024 2720 habebat
1034 2683 1220 2727 Lidoron,
1237 2683 1412 2720 vetustior
1422 2683 1710 2730 Lydium‚nullo

126 2741 240 2780 sensu.
271 2743 377 2793 Δῶρον
394 2740 538 2791 palmus
550 2739 705 2783 dicitur,
715 2737 848 2775 &inde
859 2737 901 2774 fit
911 2748 952 2775 ut
963 2739 1062 2776 dona
1070 2739 1169 2789 apud
1179 2739 1331 2776 Graecos
1344 2739 1437 2776 dora
1445 2739 1617 2776 dicantur
1628 2769 1638 2785 ,
1657 2752 1706 2777 eo

129 2799 232 2848 quod
243 2809 397 2840 munus,
408 2807 447 2834 ut
455 2798 503 2834 ait
512 2796 719 2839 Vitruvius,
729 2794 867 2844 semper
877 2795 1012 2843 geritur
1021 2807 1085 2844 per
1096 2807 1227 2832 manus
1239 2795 1418 2844 palmum.
1448 2794 1710 2835 Observamus‚

129 2865 206 2890 non
218 2853 290 2891 fine
301 2854 559 2895 admiratione,
573 2852 743 2894 Plinium,
755 2851 832 2899 qui,
847 2851 901 2886 uti
911 2849 1144 2894 dicebamus,
1157 2847 1176 2886 ὲ
1189 2849 1368 2888 Vitruvio
1379 2849 1571 2900 exscripsit,
1585 2851 1632 2888 ab
1643 2864 1708 2889 eo-

130 2909 215 2946 dem
223 2910 412 2948 dissentire.
443 2910 598 2945 Dixerat
609 2907 801 2944 Vitruvius
813 2904 992 2942 Didoron
1003 2906 1158 2955 longum
1172 2906 1279 2956 pede,
1289 2907 1403 2944 latum
1416 2905 1618 2957 semipede3
1642 2908 1713 2943 Pli-

131 2965 211 3002 nius
221 2978 312 3004 vero
324 2992 332 3008 ‚
354 2967 513 3015 longum
523 2962 744 3016 sesquipede,
761 2963 878 3000 latum
888 2962 991 3013 pede.
1028 2963 1212 3013 Duplicat
1221 2974 1312 3012 ergo
1324 2961 1443 3014 spatia.
1478 2963 1596 3015 Qod
1611 2963 1712 2998 latuit

1550 3018 1712 3054 Hcrmo=
