2023 3162
530 20 1273 64 02P1c=rvn1iL124L
1670 33 1714 68 23

122 93 244 134 iaestrae
256 93 467 132 admodum
481 96 617 132 ornati.
647 94 728 132 Sint
739 95 777 130 in
787 92 929 130 senibus
948 102 1082 130 omnes
1094 101 1223 129 motus
1235 87 1340 128 tardi.
1369 88 1522 140 Sintque
1534 89 1595 141 ipsi
1608 90 1716 130 status

122 149 265 195 defessi,
277 160 318 187 ut
328 162 468 201 corpus
482 163 558 187 uon
570 149 727 201 pedibus
740 149 861 186 modo
873 149 1059 186 ambobus
1068 146 1276 192 sustineant,
1288 145 1346 184 sed
1357 148 1394 185 δ(
1408 148 1576 185 manibus
1588 148 1716 197 aliquo

122 205 346 244 inhaereant:
369 207 530 256 denique
541 218 610 257 pro
622 205 797 255 dignitate
809 206 947 254 cuique
955 204 1005 241 sui
1016 212 1146 241 motus
1156 204 1343 253 corporis,
1352 202 1399 240 ad
1409 215 1477 240 eos
1490 232 1499 247 ‚
1519 216 1616 252 quos
1629 206 1718 241 velis

121 263 326 312 exprimere
338 291 347 307 ‚
369 274 497 300 motus
515 263 630 300 animi
649 261 865 298 referantur.
896 261 1001 298 Tum
1010 260 1171 308 denique
1183 261 1430 297 maximarum
1449 261 1567 296 animi
1574 270 1716 308 pertur-

122 318 322 356 bationum
345 319 517 356 maxima:
529 319 566 354 in
579 317 757 354 membris
771 316 1059 366 significationes
1080 314 1186 353 affint
1197 314 1338 352 neceffe
1361 315 1421 352 est.
1446 315 1567 364 Atqui
1581 315 1657 352 haec
1669 315 1715 352 de

122 375 294 411 motibus
306 376 400 412 ratio
410 376 449 411 in
461 375 569 411 omni
581 375 768 410 animante
778 372 985 410 admodum
996 372 1210 409 eommunis
1221 370 1281 408 est.
1312 372 1352 408 N
1356 383 1407 408 on
1420 373 1521 408 enim
1534 373 1719 409 convenit

123 428 265 468 bovem
283 440 467 467 aratorem
488 429 542 466 his
560 430 727 467 motibus
747 430 800 466 uti
812 457 821 473 ‚
841 429 976 478 quibus
995 427 1255 477 Bucephalum
1275 426 1498 477 generosum
1517 427 1720 465 Alexandri

124 497 280 535 equum.
314 485 370 522 At
380 486 567 522 celebrem
580 485 682 521 illam
693 485 821 522 Inachi
830 484 944 522 filiam
957 510 964 524 ,
978 497 1060 533 qua:
1072 485 1110 520 in
1120 494 1277 521 vaccam
1289 484 1465 521 conversa
1476 482 1516 520 fit
1527 510 1535 523 ‚
1560 481 1720 520 fortassis

124 552 350 585 currentem,
361 541 479 578 erecta
490 541 782 580 cervice,levatis
793 540 961 590 pedibus,
972 542 1110 577 intorta
1123 539 1406 589 cauda‚perapte
1417 541 1627 589 pingemus.
1640 539 1718 577 haec

124 597 170 634 de
182 598 432 634 animantium
443 608 551 634 motu
561 598 723 634 breviter
734 594 879 632 excursa
898 596 917 631 s
913 595 1088 633 afficiant.
1118 596 1234 632 Nunc
1245 606 1335 632 vero
1348 597 1532 643 quoniam
1545 596 1581 632 ὅ(
1594 607 1720 632 rerum

123 654 412 690 inanimararurn
430 664 496 689 eos
516 663 650 689 omnes
668 663 766 700 quos
782 652 856 688 dixi
877 661 1008 688 motus
1026 653 1064 687 in
1082 651 1225 701 pistura
1235 649 1457 688 necessarios
1469 649 1537 689 effe
1547 651 1716 690 arbitror.

125 720 298 758 quonam
308 709 366 745 illa
379 708 489 758 pasto
511 717 736 744 moveantur
747 705 952 743 dicendum
965 708 1110 743 censeo.
1140 708 1237 743 Sane
1250 708 1287 743 ὃς
1301 708 1525 757 capillorum
1538 736 1547 750 ,
1568 707 1604 743 &
1616 706 1722 753 juba·

125 777 221 804 rum,
236 767 274 802 ὃς
284 775 478 801 ramorum
491 793 501 808 ‚
522 766 559 801 δε
571 762 761 800 frondium
775 791 785 807 ,
805 761 841 798 δε
853 761 1007 798 vestium
1021 772 1149 798 motus
1162 764 1198 797 in
1209 762 1348 810 piCtura
1360 761 1512 813 expressi
1525 762 1721 801 delectant.

127 820 204 870 lpse
214 820 365 869 quidem
379 820 531 869 capillos
544 820 657 868 cupio
669 829 736 854 eos
750 829 888 855 omnes
900 828 996 866 quos
1009 817 1118 855 retuli
1128 816 1269 866 septem
1282 827 1410 854 motus
1422 829 1542 867 agere.
1573 820 1722 856 Etenim

125 887 313 915 vertantur
323 877 360 912 in
371 887 501 924 gyrum
516 903 525 918 ‚
537 874 681 911 nodum
695 884 891 917 conantes,
903 883 1016 922 arque
1027 872 1167 909 undent
1178 873 1215 909 in
1227 873 1326 912 aera,
1340 872 1508 910 flammas
1521 876 1718 915 imitantes,

126 932 330 982 modoque
340 930 403 969 sub
412 931 490 968 aliis
501 930 662 968 crinibus
675 928 830 981 serpant,
850 928 971 966 modo
983 927 1052 966 sese
1063 931 1100 966 in
1110 928 1176 966 has
1197 938 1309 977 atque
1332 928 1394 966 has
1405 938 1524 979 partes
1535 930 1723 968 attollant:

127 987 374 1038 fintqueitem
386 997 579 1024 ramorum
591 986 709 1023 flexus
728 988 766 1023 ὃ(
788 986 1023 1023 curvationes
1043 986 1178 1036 partim
1196 985 1233 1020 iu
1244 983 1400 1021 sublime
1409 986 1570 1029 arcuati,
1588 987 1725 1035 partim

127 1043 363 1081 introcedant
375 1072 385 1088 ,
405 1044 538 1093 partim
553 1052 593 1079 ut
612 1042 708 1079 funis
727 1043 1025 1090 intorqueantur.
1055 1040 1172 1090 quue
1189 1038 1309 1091 ipsum
1327 1041 1366 1076 in
1382 1041 1490 1090 plicis
1511 1053 1726 1091 pannorum

128 1099 402 1144 observetur‚ut
413 1099 528 1136 veluti
540 1110 582 1135 ex
593 1109 730 1136 trunco
743 1098 883 1135 arboris
894 1101 987 1134 rami
998 1098 1034 1133 in
1046 1108 1182 1134 omnes
1191 1106 1310 1146 partes
1321 1096 1560 1133 emanent.s1c
1572 1110 1615 1134 ex
1632 1098 1726 1147 plica

127 1154 329 1192 succedant
340 1156 592 1205 plicae,utputa
603 1156 641 1191 in
653 1153 736 1190 suos
749 1165 874 1190 ramos
888 1155 941 1190 :iu
950 1152 1079 1202 hisque
1089 1153 1203 1190 iidem
1216 1163 1368 1201 quoque
1379 1164 1514 1190 omnes
1526 1162 1653 1190 motus
1665 1165 1726 1190 ex-

127 1213 312 1263 pleantur,
328 1220 368 1246 ut
379 1211 479 1247 nulla
489 1212 602 1260 panni
614 1209 779 1247 extentio
791 1209 894 1249 adsit,
909 1211 946 1246 in
959 1221 1031 1258 qua
1043 1221 1121 1246 non
1131 1209 1243 1245 iidem
1255 1207 1372 1246 ferme
1382 1220 1513 1245 omues
1527 1219 1655 1246 motus
1669 1221 1726 1247 re-

129 1267 329 1318 periantur.
359 1266 431 1303 Sed
442 1265 512 1303 sint
524 1276 651 1303 motus
663 1277 802 1303 omues
812 1292 820 1305 ‚
842 1265 945 1314 quod
956 1265 977 1301 s
971 1267 1082 1316 aepius
1093 1264 1284 1302 admoneo
1298 1292 1308 1309 ,
1330 1264 1514 1301 moderati
1536 1264 1572 1301 &
1584 1264 1722 1304 faciles,

129 1324 360 1372 gratiamque
377 1323 500 1373 potius
513 1334 626 1371 quam
638 1322 924 1358 admirationem
937 1322 1076 1359 laboris
1096 1320 1306 1358 exhibeant.
1336 1321 1418 1357 Iam
1428 1331 1520 1358 vero
1538 1331 1626 1357 cum
1636 1332 1726 1371 pan-

130 1389 203 1416 nos
217 1378 381 1416 moribus
391 1389 500 1428 apros
510 1377 577 1415 ess'e
587 1379 764 1415 volumus
776 1404 784 1417 ‚
810 1389 975 1426 cumque
987 1387 1114 1415 natura
1125 1375 1186 1414 sua
1196 1377 1307 1427 panni
1317 1387 1447 1425 graves
1458 1405 1468 1421 ‚
1485 1378 1522 1414 ὅ(
1537 1374 1621 1412 affid
1628 1388 1678 1413 uo
1688 1378 1727 1414 in

131 1444 265 1472 terram
285 1434 461 1471 cadentes
474 1463 484 1478 ‚
504 1446 638 1471 omnes
658 1434 870 1471 admodum
891 1433 1071 1471 flexiones
1083 1432 1266 1482 refugiant
1276 1461 1286 1477 ‚
1309 1431 1461 1482 pulchre
1470 1432 1615 1469 ideirco
1624 1434 1661 1469 in
1672 1433 1727 1484 pi-

131 1491 234 1528 &ura
244 1489 423 1541 Zephyri,
447 1500 511 1527 aut
518 1490 641 1527 Austri
650 1490 760 1527 facies
770 1490 926 1540 perflans
943 1491 1038 1527 inter
1049 1489 1166 1526 nubes
1185 1488 1232 1526 ad
1242 1487 1398 1525 historiae
1416 1489 1595 1538 angulum
1605 1500 1730 1538 ponea

133 1556 207 1589 tur,
218 1558 290 1595 qua
300 1547 416 1595 panni
427 1558 562 1584 omnes
575 1546 712 1585 adversi
727 1547 917 1597 pellantur.
948 1547 1001 1584 Ex
1012 1557 1093 1595 quo
1104 1546 1217 1595 gratia
1228 1544 1289 1580 illa
1298 1543 1414 1580 aderit
1426 1573 1436 1588 ‚
1446 1554 1486 1580 ut
1496 1555 1576 1593 qua:
1589 1556 1730 1595 corpo-

133 1614 217 1639 rum
226 1603 335 1639 latera
346 1612 480 1640 ventus
491 1601 608 1642 feriat,
622 1602 725 1652 quod
739 1603 854 1653 pauni
864 1612 981 1639 vento
993 1601 1037 1639 ad
1050 1613 1187 1652 corpus
1198 1601 1478 1649 imprimantur,
1489 1612 1531 1637 ea
1542 1598 1605 1637 sub
1616 1601 1731 1651 panni

133 1658 352 1696 velamento
364 1670 479 1708 prope
492 1657 588 1695 nuda
597 1670 615 1695 a
620 1669 812 1710 ppareant.
845 1658 883 1695 A
894 1658 1042 1707 reliquis
1053 1669 1145 1696 vero
1157 1656 1329 1694 lateribus
1341 1656 1454 1706 panni
1463 1667 1578 1693 vento
1589 1657 1727 1706 agitati,

132 1724 285 1764 perapte
296 1715 333 1750 in
345 1714 431 1751 a'era
441 1714 684 1751 inundabunt.
714 1715 786 1752 Sed
799 1715 835 1750 in
850 1713 920 1750 hac
931 1715 1031 1751 venti
1042 1711 1267 1764 impulsione
1287 1711 1377 1748 illud
1387 1722 1579 1751 caveatur,
1606 1724 1652 1748 ne
1664 1711 1730 1749 ulli

133 1781 344 1819 pannorum
356 1780 482 1807 motus
494 1781 626 1808 contra
637 1781 795 1808 ventum
807 1769 953 1819 surgant
963 1799 972 1813 ,
995 1781 1090 1806 neve
1102 1770 1264 1806 nimium
1274 1768 1419 1805 refracti
1431 1797 1441 1812 ‚
1463 1779 1558 1805 neve
1570 1768 1730 1805 nimium

135 1825 296 1875 porree'ti
308 1824 389 1862 lint.
421 1826 510 1863 Haec
521 1827 628 1875 igitur
639 1826 682 1863 de
693 1827 860 1864 motibus
869 1827 1117 1864 animantium
1137 1827 1174 1863 &
1191 1836 1314 1862 rerum
1326 1824 1610 1861 inanimatarum
1621 1823 1731 1867 dieta,

136 1880 241 1918 valde
254 1879 274 1916 ὲ
285 1881 428 1931 pistore
440 1881 613 1919 servanda
624 1882 720 1919 sunt:
734 1892 816 1919 tum
827 1884 940 1919 etiam
954 1894 996 1919 ea
1007 1883 1137 1919 omnia
1148 1880 1342 1929 diligenter
1351 1880 1579 1928 exequenda,
1593 1891 1675 1928 quae
1687 1878 1732 1915 dc

137 1935 413 1988 superficierum
427 1938 705 1979 membrorum,
720 1949 1001 1988 corporumque
1013 1935 1307 1986 compositione,
1317 1935 1582 1972 recensuimus.
1603 1936 1732 1982 Itaque

139 1992 221 2028 duae
232 1990 253 2027 a
262 1993 372 2029 nobis
385 2002 503 2044 partes
513 1993 662 2043 piCturae
673 1992 849 2031 absolutae
859 1994 940 2030 sunt
951 2023 961 2038 ‚
974 1991 1270 2042 circumscriptio
1281 1992 1319 2028 δε
1330 1989 1573 2040 compositio.
1604 1989 1734 2026 Restat

141 2056 185 2083 ut
196 2045 242 2082 de
253 2047 437 2084 luminum
456 2051 670 2098 receptione
682 2049 886 2087 dicendum
903 2048 953 2086 sit.
984 2050 1027 2087 In
1047 2048 1266 2086 rudimentis
1286 2047 1365 2083 satis
1385 2044 1732 2082 demonstravimus,

142 2113 258 2151 quam
267 2102 343 2138 vim
353 2103 491 2140 lumina
501 2104 546 2139 ad
555 2105 748 2141 variandos
760 2106 909 2141 colores
920 2103 1092 2140 habeant.
1125 2103 1230 2139 Nam
1240 2100 1476 2138 manentibus
1489 2101 1664 2137 colorum
1676 2112 1737 2150 ge-

142 2157 432 2195 neribus,modo
443 2159 661 2207 apertiores,
672 2159 792 2196 modo
803 2158 1038 2195 restriffiores
1051 2158 1200 2194 colores
1211 2168 1280 2206 pro
1291 2157 1489 2200 luminum,
1498 2156 1736 2193 umbrarum-

144 2225 221 2262 que
233 2212 337 2263 pulsu
348 2212 427 2250 fieri
436 2213 671 2257 edocuimus,
685 2214 886 2262 albumque
897 2213 933 2249 &
944 2214 1105 2262 nigrum,
1118 2212 1267 2249 colores
1278 2223 1344 2249 eos
1356 2210 1438 2256 esse,
1449 2211 1582 2261 quibus
1593 2212 1736 2249 lumina

144 2269 183 2305 δε
196 2269 366 2306 umbras
358 2281 395 2305 in
405 2269 545 2318 pistura
557 2271 822 2320 exprimamus.
844 2278 999 2307 caeteros
1010 2280 1103 2306 vero
1114 2269 1262 2305 colores
1275 2277 1456 2317 tanquam
1470 2269 1662 2304 materiam
1674 2267 1736 2305 ha

146 2326 246 2369 beri,
267 2325 401 2373 quibus
414 2326 565 2361 luminis
578 2325 613 2361 δε
626 2325 765 2362 umbrae
778 2326 1012 2362 alterationes
1024 2323 1228 2373 adigantur
1258 2324 1360 2373 Ergo
1373 2324 1513 2361 caeteris
1523 2323 1663 2361 omissis
1675 2335 1738 2360 ex-

138 2378 368 2432 plicandum
380 2379 429 2416 est
435 2392 625 2429 ‚quonam
638 2381 748 2430 paeto
760 2379 802 2417 sit
812 2381 943 2431 pieton
955 2381 1044 2418 albo
1055 2354 1108 2416 8εο
1104 2381 1213 2429 nigro
1225 2380 1418 2417 utendum.
1450 2379 1607 2417 Veteres
1619 2380 1740 2430 ρίξὶο-

146 2447 228 2480 res,
252 2436 501 2486 Polignotum
521 2438 559 2473 ὃ(
581 2436 824 2474 Thimantem
844 2446 1004 2486 quatuor
1022 2436 1214 2474 coloribus
1233 2446 1382 2473 tantum
1400 2434 1484 2472 usos
1502 2433 1635 2480 fuisse,
1656 2445 1742 2473 tum

147 2492 382 2542 Aglaophon
394 2491 548 2542 simplici
560 2493 689 2529 colore
699 2493 937 2538 demetarum,
946 2492 1175 2530 admirantur
1187 2521 1198 2538 ,
1218 2504 1262 2530 ac
1273 2491 1298 2529 si
1308 2493 1344 2529 in
1355 2500 1463 2528 tanto
1475 2520 1485 2536 ,
1508 2503 1625 2541 quem
1638 2500 1741 2542 puta-

148 2549 214 2586 bat
223 2546 290 2585 esse
302 2549 476 2585 colorum
487 2560 657 2585 numero.
674 2548 872 2586 modicum
883 2548 924 2586 fit
936 2573 944 2587 ,
960 2548 1111 2586 eosdem
1128 2551 1298 2599 optimos
1319 2547 1478 2599 pistores
1499 2556 1578 2584 tam
1599 2558 1742 2596 paucos

148 2606 188 2642 in
199 2603 304 2641 usum
315 2603 719 2654 delegisse,copiofique
731 2604 880 2642 artificis
894 2613 1036 2656 putent,
1051 2616 1209 2642 omnem
1222 2605 1396 2641 colorum
1405 2602 1684 2640 multitudinem
1696 2603 1743 2639 ad

150 2672 250 2711 opus
261 2672 477 2709 congerere.
508 2661 604 2698 Sane
615 2662 659 2697 ad
669 2662 822 2709 gratiam
833 2661 1050 2711 &leporem
1063 2661 1209 2710 piC‘mrae
1222 2659 1382 2699 affirmo,
1397 2660 1552 2708 copiam
1564 2659 1740 2696 colorum

152 2715 192 2754 &
202 2718 423 2754 varietatem
443 2717 646 2766 plurimum
658 2718 780 2753 valere
792 2741 800 2755 ‚
822 2715 881 2754 sed
897 2716 946 2754 fic
955 2718 1069 2754 velim
1080 2716 1240 2766 pictores
1251 2715 1385 2752 eruditi
1397 2713 1622 2754 existiment,
1647 2714 1744 2752 sum-

151 2784 257 2811 mam
270 2772 482 2809 industriam
495 2781 607 2820 atque
618 2782 734 2810 artem
757 2774 795 2809 in
814 2773 902 2810 albo
913 2783 1056 2811 tantum
1067 2774 1103 2810 δε
1114 2775 1222 2821 nigro
1233 2770 1467 2822 disponendo
1477 2770 1617 2808 versari,
1631 2773 1745 2820 inque

125 2868 131 2874 ,
154 2826 210 2865 his
223 2829 369 2866 duobus
382 2828 500 2879 probe
512 2828 677 2866 locandis
688 2840 804 2865 omne
815 2829 1011 2878 ingenium
1025 2828 1062 2865 &
1075 2828 1302 2878 diligentiam
1314 2825 1619 2865 consumendam.
1644 2828 1746 2864 Nam

155 2886 271 2923 veluti
280 2886 468 2924 luminum
478 2886 514 2923 δε
528 2885 670 2924 umbrae
683 2883 783 2923 casus
792 2883 829 2922 id
840 2883 1013 2925 efficit‚ut
1024 2896 1101 2935 quo
1112 2884 1203 2922 loco
1214 2882 1421 2936 superficies
1432 2893 1749 2934 turgeant‚quove

1711 2947 1751 2973 m
