2023 3162
331 81 385 118 64
718 65 1590 108 M.V1-rr<uv11P01.L1oNis

330 135 436 186 quod
455 136 616 175 imitatio
626 134 675 173 est
685 134 975 173 cantheriorum.
998 134 1150 171 Etenim
1161 133 1362 171 necessario
1375 144 1525 182 propter
1536 133 1712 171 stillicidia
1723 135 1926 184 proclinati

330 194 583 230 collocantur.
610 194 709 241 Ergo
722 191 1000 240 triglyphorum
1013 189 1296 226 &mutulorum
1308 217 1317 232 ‚
1339 191 1377 225 in
1392 190 1542 225 Doricis
1555 189 1728 239 operibus
1741 215 1760 237 ,¹
1771 194 1868 229 ratio
1882 205 1925 229 ex

332 249 597 285 eaimitatione
608 247 657 284 est
674 249 835 284 inventa.
871 246 962 281 Non
983 245 1104 283 enim,
1126 244 1449 292 quemadmodum
1473 246 1644 281 nonnulli
1657 257 1815 284 errantes
1828 249 1928 285 dixe,

332 314 432 348 runt,
445 303 683 340 fenestrarum
693 303 873 350 imagines
884 298 951 336 ess‘e
961 299 1166 349 triglyphos
1180 328 1189 342 ‚
1200 301 1248 336 ita
1259 299 1378 350 potest
1390 299 1459 336 esi'e
1470 328 1479 344 ‚
1502 300 1604 348 quod
1615 301 1650 335 in
1672 304 1815 350 angulis
1835 316 1928 340 con-

334 370 465 409 traque
480 361 556 404 [m]
569 366 744 395 tetrantes
757 356 1022 393 columnarum
1041 354 1213 405 triglyphi
1224 355 1512 394 constituantur,
1546 355 1679 404 quibus
1690 358 1727 392 in
1740 358 1833 394 locis
1844 371 1927 396 non

331 418 523 466 patiuntur
534 425 588 449 res
609 411 778 448 fenestras
789 411 879 447 fieri.
903 413 966 456 [n]
988 410 1242 447 Diss'olvuntur
1262 412 1360 447 enim
1371 412 1596 460 angulorum
1613 412 1651 446 in
1668 411 1826 450 aedificiis
1848 417 1928 461 jun-

333 472 441 509 &urae
454 499 462 514 ,
486 469 512 506 si
525 470 562 505 iu
575 468 628 504 his
640 466 778 504 fuerint
788 466 1027 504 fenestrarum
1045 467 1188 503 lumina
1201 467 1341 503 rehem:
1361 468 1552 515 etiamque
1564 465 1625 503 ubi
1638 478 1736 513 nunc
1755 469 1928 520 triglyphi

335 525 619 567 constituuntur,
631 522 655 559 si
668 523 717 560 ibi
727 523 911 560 luminum
921 520 1028 572 spatia
1038 521 1142 559 fuiffe
1154 521 1417 568 judicabuntur
1429 550 1438 566 ,
1453 521 1579 559 iisdem
1593 522 1798 559 rationibus
1810 524 1928 562 denti-

336 583 411 618 culi
422 583 459 616 in
474 579 610 616 Ionicis
620 578 858 615 fenestrarum
877 576 1106 628 occupaviffe
1117 579 1201 614 loca
1212 577 1448 615 videbuntur.
1483 576 1658 627 Utraque
1671 579 1771 615 enirn
1785 581 1927 618 &inter

335 635 545 674 denticulos
560 635 703 672 &inter
714 634 939 685 triglyphos,
959 645 1039 682 quae
1051 633 1329 671 suntintervalla
1342 663 1353 679 ‚
1373 633 1543 683 Metopae
1556 635 1819 672 nominantur:
1845 632 1927 677 ὀπτές

333 696 434 729 euim
444 691 566 728 Graeci
587 692 644 736 [0]
656 691 851 740 tignorum
865 689 999 727 cubilia
1010 719 1021 735 ‚
1043 691 1096 726 uti
1106 688 1217 726 nostri
1228 701 1269 726 ea
1281 700 1385 733 cava,
1401 691 1467 741 [p]
1478 689 1721 727 columbaria.
1753 691 1810 727 lta
1822 692 1929 740 quod

330 750 427 786 inter
447 747 537 783 duas
559 757 652 796 opas
673 746 723 782 cst
740 747 1013 795 intertignium,
1034 744 1070 781 id
1090 755 1243 795 metopa
1263 744 1362 794 apud
1373 757 1438 782 eos
1451 745 1499 781 est
1509 747 1762 783 nominatum.
1784 747 1853 792 Ita,
1873 749 1928 786 uti

330 814 427 847 ante,
450 804 489 839 in
510 803 661 840 Dor-icis
674 801 944 851 triglyphorum
957 803 994 838 <St
1006 801 1241 838 mutulorum
1260 800 1468 838 estinventa
1486 802 1593 838 ratio.
1623 802 1721 839 Item
1739 802 1775 838 in
1786 802 1928 840 Ionicis

331 859 610 897 denticulorum
622 857 842 894 constitutio
854 887 863 902 ‚
885 856 1076 908 propriam
1088 858 1123 892 in
1136 856 1309 907 operibus
1323 856 1456 894 habeat
1475 859 1679 901 rationem,
1701 856 1738 893 ἃ·
1748 857 1929 906 quemad-

330 914 492 954 modum
505 915 635 951 mutuli
646 913 927 950 cantheriorum
938 911 1151 961 proiectura:
1169 912 1504 962 feruntimaginem
1518 939 1526 952 ‚
1552 912 1600 949 fic
1613 915 1650 949 in
1662 914 1797 950 Ionicis
1815 914 1929 951 denti-

332 972 461 1009 culiex
473 970 692 1022 projec‘turis
706 968 857 1006 ass'erum
869 968 1279 1004 habentimitationem.
1305 969 1367 1018 [q]
1388 970 1514 1016 ltaque
1533 969 1571 1005 in
1594 969 1730 1005 Graecis
1751 970 1928 1019 operibus

330 1039 448 1064 nemo
470 1025 537 1063 sub
558 1025 706 1062 mutulo
727 1024 940 1061 denticulos
960 1022 1164 1060 constituit:
1196 1034 1274 1059 non
1294 1025 1393 1060 enim
1413 1022 1557 1073 possunt
1574 1022 1697 1061 subtus
1715 1025 1928 1062 cantherios

329 1082 457 1119 afferes
469 1080 548 1117 effe.
573 1079 693 1133 Qod
704 1091 794 1128 ergo
805 1079 905 1130 supra
917 1079 1127 1116 cantherios
1138 1079 1174 1114 &
1185 1080 1323 1128 templa
1341 1080 1380 1115 in
1391 1081 1539 1117 veritate
1559 1080 1669 1117 debet
1680 1080 1748 1117 ess'e
1759 1081 1928 1119 colloca-

331 1149 423 1176 tum,
439 1136 475 1174 id
485 1138 520 1172 in
534 1136 756 1184 imaginibus
769 1164 779 1180 ‚
800 1133 825 1171 fi
838 1134 930 1171 infra
943 1134 1183 1171 constitutum
1193 1133 1301 1171 fuerit
1312 1163 1322 1178 ,
1343 1135 1560 1172 mendosam
1573 1135 1723 1174 habebit
1733 1138 1855 1186 operis
1873 1148 1929 1173 ra-

329 1195 488 1231 tionem.
523 1192 724 1240 Etiamque
735 1191 965 1238 antiquinon
977 1189 1254 1240 probaverunt,
1277 1202 1399 1239 neque
1409 1190 1638 1228 instituerunt
1649 1193 1687 1227 in
1698 1191 1843 1240 fastigiis
1863 1193 1927 1238 [r]

332 1249 500 1287 mutulos
521 1257 582 1285 aut
595 1247 805 1284 denticulos
824 1245 903 1284 fieri
916 1270 924 1284 ‚
947 1246 1006 1283 sed
1018 1257 1126 1298 puras
1148 1257 1332 1283 coronas:
1355 1247 1441 1284 ideo
1454 1246 1558 1296 quod
1580 1259 1651 1284 nec
1671 1247 1928 1285 cantheriinec

1799 1302 1927 1342 afferes

332 1403 373 1436 m]
392 1402 476 1431 Idem.
500 1403 576 1442 Qiid
589 1403 637 1432 fint
650 1404 676 1430 in
687 1403 830 1432 Columnis
842 1412 982 1437 tetrantes,
993 1403 1118 1442 proximo
1129 1404 1215 1442 capite
1225 1403 1374 1442 explicabo.

332 1446 363 1480 n]
387 1444 470 1472 Idem.
493 1445 624 1472 Fenestras
635 1445 662 1472 in
675 1443 848 1473 :edificiorum
860 1445 961 1485 angulis
973 1454 1025 1472 non
1034 1453 1109 1482 putat
1121 1444 1269 1472 tolerandas
1278 1465 1284 1471 .
1298 1455 1352 1483 quo
1361 1445 1427 1474 vitio
1438 1444 1557 1472 Veneriis
1575 1441 1760 1482 pulcherrima:
1772 1441 1838 1470 aedes
1850 1441 1927 1470 labo-

375 1493 443 1513 rarit.
467 1486 500 1513 Et
509 1495 598 1513 revera
609 1484 734 1522 nusquam
746 1485 876 1514 robustior
893 1485 1055 1524 validiorque
1073 1482 1124 1513 effe
1134 1485 1213 1513 debet
1229 1485 1356 1514 struCfflra
1366 1506 1373 1518 ,
1391 1495 1471 1524 quam
1481 1486 1506 1512 in
1514 1485 1618 1524 angulis
1627 1505 1633 1512 .
1657 1492 1773 1521 quorum
1781 1483 1874 1510 fiunus
1885 1483 1929 1511 vi-

376 1526 444 1553 tium
455 1523 547 1554 fecerit
559 1547 565 1559 ,
582 1523 722 1554 neceffefit
741 1526 869 1562 jacturam
879 1525 1028 1554 succedere.
1050 1527 1107 1555 Nos
1118 1536 1179 1554 cum
1190 1534 1311 1554 veterum
1328 1526 1438 1555 aedificia
1454 1525 1615 1565 repetimus,
1637 1523 1760 1563 prudenti
1773 1534 1818 1551 eos
1838 1519 1929 1552 feciffe

376 1565 489 1595 conlilio
499 1566 617 1595 videmus
630 1588 636 1599 ‚
658 1575 686 1595 ut
697 1567 787 1607 anguli
797 1563 931 1594 crassiores
942 1564 1026 1595 effent
1035 1566 1122 1594 multo
1135 1587 1141 1599 ,
1162 1576 1241 1605 quam
1251 1567 1366 1606 reliquus
1377 1568 1470 1606 paries-

333 1609 362 1643 ο]
393 1607 477 1634 Idem.
500 1609 563 1636 Non
570 1605 721 1640 desuetum,
733 1608 778 1646 qui
797 1617 845 1646 pro
854 1607 958 1639 cubilia,
971 1607 1094 1635 cubicula
1105 1607 1219 1647 legerint
1231 1628 1237 1640 ‚
1256 1608 1396 1648 tignorum
1407 1612 1431 1636 ὃς
1442 1603 1554 1635 affetum
1566 1603 1922 1644 fiistentaculainterpretati.

378 1647 485 1675 Cubilia
496 1647 670 1687 intelligimus
681 1648 760 1680 dicta,
773 1648 845 1687 quod
856 1648 892 1675 ibi
901 1649 975 1688 tigna
985 1651 1008 1676 δε
1018 1645 1110 1675 afferes
1122 1648 1309 1687 conquiescant
1317 1648 1485 1687 sedeantque.

333 1689 362 1725 p]
393 1688 476 1715 Idem.
500 1689 627 1727 Alioquin
639 1688 785 1717 colmbaria
798 1688 844 1716 lib.
854 1699 878 1716 x.
893 1698 949 1726 cap.
962 1698 998 1716 ix.
1016 1697 1093 1717 vocat
1103 1686 1235 1716 foramina
1252 1689 1303 1717 five
1313 1689 1415 1717 canales
1437 1688 1577 1717 secundum
1596 1688 1713 1728 {iugulos
1731 1689 1786 1717 axiS
1797 1688 1925 1720 ofitantes.

377 1737 422 1765 per
430 1738 486 1765 quae
497 1739 562 1767 aqua
573 1730 598 1756 in
611 1739 741 1768 tympano
751 1729 884 1757 haustorio
895 1739 998 1768 organo
1008 1738 1140 1768 concepta
1158 1726 1251 1757 effluit.
1273 1730 1353 1758 Dicta
1364 1750 1370 1761 .
1379 1729 1418 1758 uti
1429 1729 1550 1757 existimo
1559 1750 1566 1761 ,
1586 1729 1633 1757 xm*
1646 1727 1805 1765 §affimfigzu
1817 1747 1824 1756 ²
1841 1727 1867 1754 id
1878 1727 1924 1758 est»

377 1768 516 1800 armando,
528 1769 596 1806 quali
608 1770 781 1808 colymbada,
792 1769 863 1808 quod
874 1779 946 1808 aquae
955 1770 1084 1802 innatent,
1097 1771 1324 1809 immerganturve
1336 1791 1342 1797 .
1361 1768 1376 1798 zi
1388 1780 1442 1808 quo
1458 1767 1612 1805 »ωλυμςπῶιέ
1623 1769 1710 1797 Graeci
1722 1776 1820 1796 vocant
1831 1788 1838 1800 ,
1857 1777 1926 1805 quos

376 1809 464 1836 Latini
475 1809 621 1836 urinatores
632 1830 638 1841 ‚
658 1810 702 1848 qui
714 1809 812 1838 scilicet
824 1811 850 1837 in
863 1810 977 1837 natando
987 1810 1033 1838 sub
1044 1820 1108 1849 aqua
1118 1810 1176 1838 sunt
1188 1831 1195 1841 ,
1216 1814 1238 1838 S:
1250 1809 1422 1848 colymbades
1432 1820 1491 1838 aves
1501 1818 1620 1837 natantes
1631 1818 1660 1836 ac
1672 1808 1807 1836 urinantes
1820 1828 1826 1840 ,
1836 1808 1927 1846 quales

373 1847 433 1876 sunt
441 1857 544 1876 anates:
566 1859 716 1887 quanquam
727 1853 751 1878 ὃς
762 1860 795 1877 eo
806 1851 914 1878 nomine
923 1850 1110 1890 intelliguntur
1119 1850 1185 1878 sals-³2
1197 1854 1221 1878 8:
1233 1852 1349 1878 conditae
1361 1851 1438 1878 olivae
1449 1870 1456 1881 ,
1472 1849 1504 1877 ab
1515 1859 1547 1876 eo
1559 1849 1630 1887 quod
1642 1850 1668 1876 in
1678 1847 1722 1876 sua
1732 1848 1873 1876 conditura
1881 1858 1928 1875 na-

373 1897 442 1916 tant.
464 1888 608 1917 Priscianus
618 1889 663 1917 lib.
677 1900 702 1917 v.
722 1900 753 1917 ex
766 1890 851 1917 Plauti
862 1890 985 1918 Rudente
995 1910 1001 1921 ,
1022 1889 1158 1918 columbar
1170 1891 1357 1928 interpretatur
1369 1889 1465 1919 vinculi
1475 1899 1569 1929 genus.
1583 1889 1673 1917 lfidor.
1687 1888 1807 1928 Etymol.
1826 1888 1872 1916 lib.
1884 1898 1926 1920 ¹9-

377 1939 434 1968 cap.
448 1940 472 1957 z.
494 1938 569 1968 putat
578 1926 629 1957 effe
640 1930 803 1958 columbaria
814 1931 840 1957 in
852 1929 959 1958 summis
970 1931 1076 1958 navium
1086 1929 1208 1958 lateribus
1220 1931 1276 1958 loca
1288 1940 1414 1962 concava,
1427 1940 1471 1969 per
1482 1939 1540 1968 quae
1551 1930 1669 1957 eminent
1680 1930 1754 1960 remi,
1763 1930 1842 1961 diCta,
1854 1929 1926 1968 quod

375 1969 425 1998 fint
436 1970 530 1998 iimilia
540 1970 653 1998 latibulis
663 1970 849 1998 columbarum
861 1991 867 2001 ,
888 1971 913 1997 in
925 1970 1019 2008 quibus
1031 1969 1176 1998 nidificant.
1199 1971 1392 1998 Vnrronienim
1404 1974 1428 1998 ἃ
1447 1970 1605 1997 Columellae
1621 1969 1677 1997 sunt
1688 1970 1866 1998 loculamenta
1875 1990 1881 2002 ,
1899 1970 1928 1997 in

378 2010 474 2048 quibus
487 2010 589 2051 singula
599 2012 669 2049 paria
677 2009 823 2039 foetificant
832 2031 838 2043 ,
862 2020 923 2039 curn
932 2020 1019 2038 tamen
1028 2010 1154 2039 Palladius
1163 2010 1247 2049 ipsum
1258 2011 1485 2049 κτεὲγςεςοφςιφεῖον,
1498 2010 1523 2038 id
1532 2011 1576 2043 est,
1587 2010 1677 2039 locum
1685 2011 1783 2039 alendis
1792 2009 1927 2039 columbis

376 2051 544 2083 destinatum,
555 2052 592 2079 ita
605 2052 729 2090 appellet.

338 2093 368 2130 q]
388 2090 537 2119 Philauder.
559 2091 656 2120 Tacite
669 2091 836 2131 reprehendit
847 2091 984 2120 Vitruvius
995 2091 1031 2120 sui
1042 2091 1168 2130 temporis
1178 2094 1302 2120 Romana
1312 2087 1430 2120 aedificia.
1448 2092 1478 2120 Id
1490 2102 1553 2120 vero
1564 2093 1623 2120 vitii
1633 2092 1813 2131 antiquorum,
1825 2092 1864 2121 uti
1875 2101 1928 2120 cae-

369 2140 426 2160 tera
435 2132 525 2159 omnia
535 2152 541 2161 .
561 2132 642 2171 usque
651 2133 717 2160 adeo
730 2133 847 2172 plerique
860 2143 954 2160 omnes
966 2132 1114 2161 Architecti
1124 2154 1130 2163 ‚
1150 2142 1193 2160 aut
1206 2143 1251 2171 per
1262 2143 1353 2161 manus
1363 2133 1490 2161 traditum
1500 2142 1657 2172 acceperunt
1666 2137 1690 2161 ὃς
1699 2133 1873 2163 imbiberunt,
1882 2141 1928 2161 aut.

368 2182 422 2199 non
434 2172 508 2201 doCti
519 2171 602 2201 visum
615 2173 727 2212 amplexi
739 2173 795 2201 sunt
805 2195 812 2206 ‚
834 2175 915 2211 utqui
927 2174 1078 2202 Vitruvium
1089 2172 1146 2201 sunt
1157 2173 1253 2205 secuti,
1266 2173 1359 2201 nullius
1371 2175 1396 2200 in
1410 2174 1533 2211 operibus
1544 2175 1600 2201 vitii
1612 2173 1675 2213 fuga
1685 2183 1740 2202 tam
1749 2183 1870 2212 appareat
1880 2173 1929 2201 de-

366 2212 487 2243 lcfflatos.
496 2223 575 2252 quarn
587 2213 637 2241 hoe
648 2211 925 2253 quaefiviffe,pudenda
935 2213 1034 2242 scilicet
1046 2218 1069 2242 S<
1081 2213 1233 2252 poenitenda
1244 2213 1355 2244 inscitia.
1364 2214 1409 2241 nili
1421 2212 1491 2242 frons
1503 2215 1592 2242 multis
1602 2217 1694 2242 attrita
1708 2212 1781 2242 effer.
1790 2215 1926 2242 Nimirum

368 2263 463 2280 contra
472 2262 593 2282 naturam
603 2255 699 2287 videas,
712 2254 758 2282 sub
771 2255 881 2283 mutulis
889 2254 1038 2282 denticulos
1050 2257 1146 2282 Roinae
1160 2257 1183 2281 in
1197 2255 1303 2292 porticu
1313 2255 1406 2293 templi
1419 2256 1580 2283 Concordiae
1592 2278 1598 2288 ,
1615 2256 1689 2291 cujus
1709 2254 1794 2282 adhuc
1806 2255 1929 2282 061010-

370 2294 438 2321 nicae
449 2293 582 2321 columnae
593 2295 662 2322 inter
673 2295 838 2333 Capitolium
855 2299 878 2322 &
892 2296 990 2323 Forum
1001 2304 1145 2323 cernuntur
1155 2299 1178 2322 ἃ
1191 2295 1216 2322 in
1234 2295 1319 2322 vicina
1332 2295 1474 2323 Corinthia
1485 2296 1605 2334 porticu,
1620 2296 1692 2331 cujus
1703 2303 1808 2322 tantum
1817 2302 1869 2322 tres
1881 2303 1930 2321 co-

367 2333 464 2361 lumnae
476 2333 607 2372 supersunt
617 2344 710 2373 ‚atque
722 2337 747 2362 in
759 2335 862 2373 templo
875 2337 957 2368 Pacis,
978 2339 1001 2364 8<
1014 2335 1081 2363 haud
1092 2335 1185 2373 procul
1197 2336 1222 2362 in
1232 2336 1315 2363 tribus
1325 2336 1468 2367 columnis,
1477 2347 1539 2374 quas
1549 2337 1695 2375 quidani‚ut
1706 2335 1767 2362 alibi
1777 2335 1841 2366 dixi,
1858 2344 1929 2372 pon-

373 2375 405 2402 tis
415 2370 492 2402 fuiss‘e
504 2374 642 2413 Caligulae,
653 2386 707 2402 non
716 2376 773 2403 satis
782 2377 852 2404 recte
864 2376 997 2404 dixerunt.
1014 2378 1082 2403 ltern
1095 2378 1121 2403 in
1130 2377 1187 2403 Titi
1200 2375 1375 2414 Vespasiani&
1389 2378 1556 2404 Constantini
1567 2375 1709 2404 fornicibus
1721 2397 1727 2407 ,
1738 2376 1816 2412 inque
1828 2376 1928 2403 Nervae

370 2415 477 2453 porticu
487 2436 493 2446 ,
506 2424 535 2442 ac
547 2413 610 2442 foro
620 2436 626 2447 ,
640 2416 666 2442 in
676 2415 801 2444 Thermis
813 2416 983 2444 Diocletiani.
1006 2418 1135 2444 Praeterea
1146 2426 1220 2445 extra
1230 2425 1333 2455 portam
1352 2417 1486 2444 Collinam
1498 2439 1504 2448 ‚
1526 2416 1667 2444 secundum
1679 2416 1749 2443 viam
1767 2416 1890 2443 Salariam
1899 2417 1927 2443 in

371 2455 489 2493 Templo
499 2465 564 2494 pene
575 2465 644 2483 terra
655 2455 764 2487 obruto,
774 2456 801 2484 in
811 2466 865 2494 quo
877 2458 980 2484 Cereris
990 2460 1013 2484 Ex·
1027 2457 1132 2488 Bacchi,
1141 2467 1203 2485 curn
1215 2456 1403 2496 colligentibus
1412 2455 1426 2484 e
1436 2458 1617 2496 compluviata
1629 2458 1683 2484 vite
1701 2466 1762 2484 uvas
1775 2457 1861 2494 pueris
1874 2476 1881 2488 ,
1899 2459 1926 2484 &

372 2496 427 2523 aliis
441 2497 464 2523 in
478 2495 536 2523 lacu
546 2496 719 2528 calcantibus,
729 2496 861 2524 defluente
873 2497 898 2523 in
909 2505 961 2524 tres
971 2497 1074 2536 hydrias
1087 2498 1171 2526 musto
1182 2519 1188 2530 ,
1203 2498 1316 2535 pisturas
1328 2498 1449 2525 vidimus.
1471 2500 1584 2525 Veronx
1595 2498 1712 2525 limilitci·
1723 2498 1747 2524 in
1760 2497 1889 2528 Theano,
1901 2500 1928 2524 Sc

378 2535 483 2564 duobus
494 2538 589 2564 veteris
613 2537 747 2565 strutfturae
759 2534 920 2564 fornicibus.
942 2538 1057 2565 Arimini
1076 2538 1101 2565 in
1113 2549 1166 2566 uno
1183 2539 1294 2576 templo.
1313 2536 1506 2566 Dioscororurn
1518 2538 1568 2566 hoc
1581 2539 1616 2566 est
1632 2539 1780 2566 Castoris&
1801 2537 1926 2570 Pollucis,

377 2576 500 2615 Neapoli,
509 2577 581 2615 quod
592 2580 626 2606 D.
639 2577 718 2605 Paulo
729 2588 797 2605 nunc
809 2578 935 2605 dicatum:
950 2587 1007 2605 tota
1015 2578 1129 2617 denique
1141 2579 1223 2610 ltalia.
1234 2584 1256 2606 δε
1268 2578 1312 2607 ubi
1324 2584 1388 2606 non?
1402 2579 1640 2617 Vei·ecundiu5,qui
1650 2579 1768 2606 extruxit
1780 2577 1928 2616 ΝΛΞ-’ΞΡ-

379 2628 418 2654 pce
428 2617 567 2645 Pantheon
578 2619 707 2657 templum
720 2621 853 2648 Romae,&
865 2615 995 2646 fornicem
1008 2619 1210 2649 Beneventi.ubi
1222 2620 1238 2646 ii
1250 2620 1325 2647 taenia
1335 2618 1380 2646 sub
1395 2619 1505 2646 mutulis
1517 2620 1591 2651 ςίὶμπ
1605 2629 1677 2647 certe
1687 2629 1740 2646 non
1749 2618 1815 2646 sest-a
1826 2618 1928 2645 inden-

378 2658 486 2685 ticulos.
503 2661 538 2686 Vt
551 2658 747 2699 colligerehinc
759 2656 846 2697 possis,
857 2669 911 2686 nori
926 2660 1056 2687 continuo
1065 2669 1126 2688 cum
1138 2660 1224 2698 plausu
1234 2660 1385 2698 excipienda
1394 2656 1446 2687 esse
1455 2669 1630 2698 quaecunque.
1639 2669 1717 2698 quam
1729 2659 1814 2687 vultus
1825 2667 1926 2697 magno

374 2707 434 2725 ante
444 2707 566 2737 ternpore
576 2700 733 2728 conslruCla.
754 2700 885 2727 Iudicium
905 2699 962 2727 sane
971 2700 1148 2728 adhibendum
1162 2722 1168 2732 ,
1191 2704 1214 2728 δε
1226 2712 1255 2728 ea
1274 2701 1382 2728 demum
1399 2700 1423 2727 in
1435 2700 1561 2738 operibus
1578 2700 1720 2731 imitanda,
1740 2708 1796 2737 quae
1808 2696 1822 2726 ,ὲ
1834 2708 1926 2728 natura

374 2748 462 2766 rerum
473 2749 525 2766 non
537 2740 721 2779 usquequaque
734 2740 782 2768 lint
791 2740 969 2768 abhorrentia.
994 2742 1023 2768 ld
1034 2741 1106 2779 quod
1127 2745 1151 2769 ἃ
1165 2750 1241 2779 optat
1260 2745 1284 2770 ἅ·
1296 2741 1414 2778 queritur
1426 2751 1478 2768 non
1490 2739 1546 2768 ficri
1564 2741 1698 2768 Vitruvius
1709 2739 1754 2767 lib.
1765 2749 1817 2766 vii.
1829 2748 1887 2777 cap.
1898 2750 1927 2768 v.

334 2780 360 2813 r]
394 2778 478 2806 idem.
499 2782 602 2807 Locum
614 2780 683 2808 hunc
695 2781 721 2808 in
733 2782 835 2809 cunstis
855 2781 1047 2819 exemplaribus
1066 2791 1188 2809 mancum
1199 2782 1419 2819 decurtatumque
1436 2782 1525 2809 inveni
1535 2803 1541 2809 .
1561 2781 1721 2809 mihiautem
1740 2779 1843 2807 videtur
1853 2778 1927 2819 posse

380 2819 476 2846 vitium
488 2822 571 2847 curari
583 2820 634 2848 hoc
648 2822 744 2853 modo;
763 2831 843 2860 neque
852 2822 1013 2856 instituerunt
1024 2825 1049 2849 in
1063 2821 1173 2858 fastigiis
1190 2822 1300 2849 mutulos
1309 2829 1356 2848 aut
1375 2822 1509 2849 denticulos
1520 2821 1587 2857 fieri.
1609 2821 1751 2860 Subiungit
1763 2821 1851 2852 enim,
1871 2821 1926 2849 ideo

398 2859 496 2886 uodnec
507 2860 630 2888 cantherii
638 2872 681 2888 mc
691 2864 785 2899 afferes,
799 2859 854 2892 &c-
874 2862 996 2890 Murulos
1008 2872 1071 2889 vero
1083 2864 1107 2890 in
1118 2861 1285 2902 fastigiorum
1296 2859 1428 2890 frontibus
1442 2862 1527 2889 videas
1538 2863 1564 2889 iri
1576 2871 1676 2900 pronao
1688 2860 1814 2893 Panthei,
1825 2864 1849 2889 δι
1859 2861 1927 2889 turri

377 2871 472 2927 gem-:sa
481 2901 581 2927 montis
599 2902 763 2939 Qiirinalis,
784 2912 862 2940 quam
873 2903 989 2931 Elondus
999 2901 1062 2930 falso
1080 2903 1242 2931 Moecenatis
1251 2902 1378 2934 credidit,
1399 2900 1450 2930 fuit
1462 2903 1532 2929 enim
1552 2902 1579 2929 in
1601 2901 1729 2939 Exquiliis
1743 2912 1748 2928 :
1766 2902 1855 2929 caeteri
1869 2899 1926 2930 fere

379 2940 473 2978 templi
484 2940 552 2968 Solis
560 2949 662 2979 partem
671 2938 746 2972 fuiffe
754 2943 912 2975 existimarit,
922 2952 965 2972 aut
977 2952 1092 2983 portam.
1099 2944 1188 2983 quain
1200 2952 1324 2982 campum
1336 2943 1466 2972 Martium
1475 2941 1681 2971 descendebatur
1690 2963 1697 2973 ‚
1708 2944 1793 2982 quain
1805 2952 1831 2971 re
1840 2942 1926 2971 nolim

1840 2982 1925 3013 ullum
