2023 3162
188 2558 252 2591 Cap.
263 2563 297 2581 11.

322 82 396 118 106
713 69 1131 109 M.V1‘rnnv11
1179 66 1530 104 portionis

316 155 386 195 pro
398 138 614 178 fortitudine
634 136 764 175 suntin
782 137 885 175 Italia
903 145 1043 184 gentes,
1079 133 1420 185 Qcmadmodum
1438 134 1540 169 enim
1560 132 1657 172 Iovis
1674 134 1772 174 stella
1787 163 1794 177 ‚
1814 139 1907 178 inter

317 200 450 236 Martis
462 193 660 235 ferventissi
667 205 769 230 mam
792 195 829 229 ὅ(
841 192 984 227 Saturni
993 188 1263 239 frigidissimam
1274 188 1394 226 media
1404 199 1565 234 currenS,
1583 199 1809 242 temperatur
1821 224 1830 239 ‚
1848 207 1907 233 εει,

318 255 405 291 dem
416 254 560 290 ratione
582 251 679 287 ltalia
691 251 787 285 inter
798 247 1121 296 septentrionalem
1140 246 1465 293 meridianamque
1475 245 1521 280 ab
1538 254 1691 295 utraque
1703 259 1801 299 parte
1813 253 1905 288 mix-

316 310 487 347 tionibus
497 314 718 356 temperatas
736 305 774 339 δε
791 302 941 339 invictas
952 301 1062 338 habet
1072 302 1209 338 laudes.
1238 302 1367 350 Itaque
1380 299 1540 338 consiliis
1549 300 1712 350 refringit
1729 304 1904 345 Barbaro-

317 377 399 403 rum
409 366 519 402 vires,
542 362 629 398 forti
642 371 755 396 manu
766 357 1060 395 meridianorum
1072 357 1335 406 cogitationes.
1365 357 1417 393 Ita
1435 352 1504 402 [h]
1524 355 1646 394 divina
1656 369 1760 395 mens
1779 362 1907 399 civita.

318 431 397 459 tem
412 419 545 471 populi
563 417 733 452 Romani
744 415 888 463 egregia
899 423 1177 463 temperataque
1199 414 1354 461 regione
1366 412 1571 449 collocavit
1584 437 1592 451 ‚
1616 414 1670 449 uti
1681 414 1782 451 orbis
1792 425 1905 456 terra-

317 489 402 514 rum
422 474 580 522 imperio
597 471 791 520 potiretur.
825 468 1036 521 Qodsiita
1048 468 1117 513 est,
1137 467 1389 506 utidiffimiles
1411 469 1581 516 regiones
1592 467 1639 505 ab
1658 470 1906 510 inclinationi-

318 533 388 568 bus
403 530 504 572 coeli,
516 527 622 565 variis
632 524 826 574 generibus
837 525 904 562 fint
917 526 1195 576 comparatae‚&
1206 534 1248 561 ut
1259 525 1369 561 etiam
1382 533 1518 560 naturae
1529 525 1698 571 gentium
1710 524 1907 575 disparibus

317 586 459 623 animis,
476 585 511 619 ὅ(
524 593 728 631 corporum
738 580 876 629 figuris,
889 579 1196 631 qualitatibusque
1206 578 1440 617 nascerentur
1453 609 1464 624 ‚
1482 591 1562 617 non
1572 579 1785 617 dubitamus
1797 582 1904 620 aedifi-

318 643 467 678 ciorum
478 649 632 687 quoque
642 638 803 674 rationes
814 638 860 673 ad
869 638 1068 674 nationum
1080 638 1323 685 gentiumque
1334 637 1573 686 proprietates
1584 646 1666 686 apte
1675 635 1837 674 distribui
1849 637 1909 674 de-

316 698 402 733 bere
416 721 423 734 ,
449 706 535 731 cum
547 693 750 730 habeamus
772 693 816 730 ab
828 693 899 743 ipsa
919 704 1042 729 rerum
1055 702 1180 729 natura
1191 691 1364 729 solertem
1385 693 1423 728 ὅ(
1445 691 1656 742 expeditam
1669 692 1909 730 monstratio-

315 763 417 788 nem.
453 748 593 802 Qoad
602 750 709 799 potui
719 747 861 786 summa
871 751 1016 785 ratione
1027 749 1268 799 proprietates
1279 749 1456 784 locorum
1466 748 1511 784 ab
1522 757 1651 785 natura
1661 760 1782 784 rerum
1793 748 1851 785 dis
1844 761 1911 799 po-

316 807 395 844 sitas
406 804 709 849 animadvertere,
720 803 882 855 exposui,
891 807 927 841 ὅ(
939 804 1263 853 quemadmodum
1275 804 1319 840 ad
1332 804 1428 840 Solis
1441 800 1587 840 cursum
1598 805 1634 840 δε
1648 804 1910 842 inclinationes

316 863 405 899 coeli
424 870 603 911 oporteat
623 862 668 898 ad
680 861 849 909 gentium
866 860 999 909 figuras
1013 859 1233 897 constituere
1245 858 1489 897 aedificiorum
1500 859 1710 908 qualitates,
1722 859 1808 897 dixi.
1839 862 1912 896 Ita-

317 931 390 966 que
402 929 503 954 nunc
523 916 751 965 singulorum
763 928 942 964 generum
959 918 996 952 in
1009 915 1169 951 aedificiis
1189 914 1430 952 commensus
1441 914 1737 963 symmetriarum
1748 941 1756 954 ‚
1782 918 1818 953 ὅ(
1832 917 1912 953 uni-

317 974 453 1019 versos,
467 975 504 1011 ὃ(
515 971 710 1023 separatos,
731 972 889 1009 breviter
900 970 1107 1022 explicabo.

989 1089 1136 1125 Cir.
1196 1088 1256 1125 11.

387 1182 787 1255 Deaedificiorum
800 1177 1511 1255 privatornmproportionibm
1521 1177 1584 1237 Εἴ
1597 1179 1847 1254 mensurari

319 1312 501 1396 NUlla
522 1312 744 1350 Architceco
762 1316 879 1359 maior
898 1325 983 1350 cura
1003 1313 1071 1350 effe
1094 1312 1215 1351 debet,
1233 1311 1295 1349 nisi
1315 1313 1368 1350 uti
1389 1312 1698 1362 proportionibus
1708 1321 1792 1350 ratae
1803 1314 1914 1363 partis

411 1368 573 1406 habeant
583 1368 734 1405 aedificia
744 1370 934 1406 rationum
946 1370 1167 1406 exactiones.
1192 1369 1294 1406 Cum
1306 1380 1396 1417 ergo
1406 1367 1607 1405 constituta
1619 1367 1915 1417 symmetriarum

320 1426 417 1462 ratio
427 1424 554 1468 fuerit,
575 1426 611 1462 ὃ(
625 1425 860 1467 commensus
883 1425 1226 1462 ratiocinationibus
1236 1425 1420 1476 explicati,
1431 1434 1522 1460 tune
1534 1424 1648 1460 etiam
1666 1426 1845 1461 acuminis
1867 1425 1918 1463 est

320 1480 729 1531 proprium‚providere
737 1481 780 1517 ad
790 1490 958 1518 naturam
968 1482 1046 1518 loci
1056 1490 1116 1518 aut
1130 1480 1316 1520 usum,aur
1327 1479 1497 1529 speciem,
1509 1479 1545 1516 &
1556 1479 1843 1518 detractionibus
1855 1482 1916 1519 vel

319 1535 584 1581 adieetionibus
598 1545 867 1586 temperaturas
885 1535 1044 1579 efficere,
1056 1538 1108 1573 uti
1122 1548 1208 1573 cum
1220 1537 1265 1573 de
1277 1538 1338 1582 [a]
1351 1535 1562 1584 symmetria
1575 1534 1614 1571 fit
1627 1536 1843 1576 detractum,
1852 1546 1916 1574 aut

321 1592 557 1639 adjectum,id
567 1591 736 1630 videatur
747 1592 844 1629 reste
855 1592 924 1629 effe
935 1592 1151 1632 formatum,
1168 1592 1217 1629 fic
1229 1602 1266 1629 ut
1277 1594 1312 1628 in
1325 1592 1468 1642 aspediu
1481 1590 1571 1628 nihil
1582 1590 1812 1630 desideretur.
1828 1592 1916 1630 Alia

324 1651 425 1685 enim
437 1648 481 1686 ad
492 1658 648 1684 manum
661 1645 797 1697 species
809 1646 877 1685 else
888 1648 1042 1686 videtur,
1056 1649 1121 1686 alia
1135 1650 1171 1685 in
1185 1646 1348 1685 excelso:
1361 1659 1440 1684 non
1453 1646 1584 1684 eadem
1595 1648 1631 1684 in
1643 1648 1836 1693 concluso,
1846 1646 1914 1684 dis-

325 1704 447 1741 similis
460 1705 498 1740 in
510 1713 661 1753 aperto.
684 1703 721 1739 in
734 1703 870 1751 quibus
882 1705 1009 1753 magni
1020 1703 1143 1751 judicii
1156 1704 1205 1741 est
1215 1716 1329 1754 opera
1342 1733 1351 1747 ‚
1375 1702 1463 1752 quid
1477 1703 1626 1740 tandem
1639 1702 1848 1741 faciendum
1859 1702 1914 1739 sit.

326 1760 419 1796 Non
433 1760 535 1795 enim
548 1756 607 1802 [b]
620 1769 730 1795 veros
740 1758 884 1796 videtur
896 1758 1030 1796 habere
1041 1759 1132 1797 visus
1144 1757 1379 1803 effe&us,1ed
1391 1758 1525 1795 fallitur
1536 1757 1624 1810 saepe
1636 1758 1680 1795 ab
1690 1762 1764 1805 ejus
1773 1758 1914 1804 judicio

327 1824 444 1851 mens.
471 1813 808 1865 Qemadmodum
820 1816 935 1851 etiam
945 1817 983 1853 in
993 1815 1108 1852 scenis
1118 1816 1221 1866 pietis
1230 1814 1399 1852 videntur
1411 1815 1672 1851 columnarum
1683 1813 1915 1862 projesturae,

327 1871 387 1914 [c]
400 1871 631 1904 mutulorum
643 1867 815 1917 ecphorae
828 1896 834 1908 ,
848 1869 913 1914 [d]
927 1869 1117 1918 signorum
1129 1870 1250 1919 figurae
1260 1872 1514 1919 prominentes
1526 1897 1536 1912 ‚
1555 1880 1641 1905 cum
1653 1867 1694 1905 fit
1707 1869 1830 1906 tabula
1840 1869 1915 1907 fine

326 1925 446 1961 dubio
457 1923 502 1958 ad
512 1923 678 1971 regulam
690 1924 806 1972 plana.
821 1924 982 1962 similiter
991 1927 1028 1961 in
1039 1925 1191 1962 navibus
1200 1926 1313 1962 remi,
1330 1935 1415 1961 cum
1429 1922 1496 1959 fint
1507 1922 1571 1960 sub
1584 1936 1680 1972 aqua
1689 1924 1834 1963 directi,
1859 1935 1916 1963 ta-

326 1991 416 2016 men
426 1979 549 2015 oculis
561 1977 702 2014 infr-asti
714 1978 899 2018 videntur,
923 1982 958 2016 ὅ(
970 1990 1150 2028 quatenus
1161 1992 1292 2017 eorum
1304 1989 1424 2029 partes
1437 1988 1592 2027 tangunt
1608 1979 1790 2017 summam
1802 1981 1916 2030 plani-

325 2037 417 2072 tiem
428 2034 585 2084 liquoris
598 2059 606 2073 ‚
628 2044 802 2084 apparent
824 2032 892 2080 (uti
902 2033 997 2083 sunt)
1018 2036 1157 2073 direffi.
1190 2036 1292 2072 Cum
1306 2046 1396 2071 vero
1407 2033 1427 2071 s
1422 2034 1471 2072 ub
1482 2046 1575 2083 aqua
1584 2034 1666 2072 sunt
1675 2033 1809 2073 dimiffi
1822 2060 1830 2074 ,
1850 2049 1916 2086 per

1772 2101 1914 2129 naturae

325 2181 356 2216 h]
387 2181 471 2208 Idem.
495 2179 613 2209 Decebat
624 2180 723 2208 scilicet
734 2190 791 2208 eam
802 2180 894 2209 urbem
905 2203 911 2213 ,
923 2192 980 2220 quae
989 2191 1043 2210 erat
1051 2181 1139 2211 futura
1148 2183 1239 2212 mundi
1250 2190 1328 2221 caput
1339 2203 1346 2215 ,
1363 2191 1420 2220 quae
1432 2190 1474 2209 tot
1485 2181 1647 2221 populorum
1657 2180 1787 2210 discordes
1797 2179 1915 2219 ferasque

365 2221 469 2259 linguas
479 2220 604 2248 sermonis
616 2222 785 2249 commercio
796 2221 965 2250 contraheret
976 2223 1007 2250 ad
1018 2223 1152 2262 colloquia
1164 2245 1170 2256 ,
1189 2233 1246 2262 quae
1257 2233 1308 2251 una
1318 2223 1474 2250 cunctarum
1483 2223 1605 2262 gentium
1616 2222 1643 2249 in
1653 2230 1716 2250 toto
1724 2221 1788 2250 orbe
1800 2219 1863 2250 effer
1873 2221 1918 2251 fu-

368 2270 425 2288 tura
436 2262 566 2299 princeps,
576 2265 600 2289 ὅ(
612 2262 708 2300 pollere
720 2262 833 2290 confiliis
843 2284 849 2292 .
869 2266 893 2290 8<
902 2262 1002 2291 viribus
1013 2264 1108 2292 valere.
1130 2266 1253 2304 Ingratus
1262 2263 1318 2295 fim,
1329 2263 1374 2291 nifi
1386 2271 1526 2300 acceptum
1537 2261 1708 2295 beneficium,
1719 2273 1773 2291 non
1783 2262 1845 2290 dico
1855 2263 1918 2290 data

367 2302 507 2329 occasione
517 2322 525 2334 ,
544 2300 585 2329 sed
597 2302 636 2329 vel
648 2304 729 2341 petita
738 2303 823 2330 tester.
842 2303 926 2335 Salve,
941 2313 1032 2342 parens
1042 2305 1134 2332 altera.
1150 2307 1283 2343 chuanus
1292 2303 1358 2331 mihi
1370 2303 1479 2331 Castilio
1487 2304 1569 2341 patria
1579 2304 1614 2331 est
1624 2324 1631 2335 ,
1654 2305 1744 2332 Roma
1752 2313 1793 2331 me
1811 2303 1918 2334 ἐπαλιΓ-

365 2339 490 2378 ῃᾶρἱηζοκ,
502 2342 526 2369 id
535 2343 581 2373 est,
592 2343 679 2380 aliquo
689 2344 793 2371 virtutis
806 2347 829 2371 8<
840 2344 969 2372 dostrinae
980 2346 1088 2373 nornine
1099 2345 1237 2384 complexa
1244 2355 1280 2377 es,
1291 2348 1314 2372 8<
1325 2345 1362 2372 ita
1374 2344 1522 2382 complexa,
1533 2352 1562 2371 ut
1573 2346 1729 2372 Romanum
1740 2344 1837 2375 civem,
1850 2342 1917 2371 nihil

364 2383 451 2410 minus
462 2381 622 2420 sperantem,
641 2391 685 2410 aut
694 2383 856 2412 ambientem
869 2405 875 2416 ‚
896 2383 948 2412 esse
960 2385 1083 2413 volueris.
1103 2387 1154 2413 Pro
1165 2394 1242 2414 tanto
1253 2395 1361 2413 munere
1371 2405 1378 2417 ,
1399 2395 1431 2412 ne
1444 2384 1507 2422 quid
1517 2384 1594 2422 culpa
1608 2384 1837 2424 deteramingenii
1848 2404 1855 2417 ‚
1874 2384 1917 2411 di-

364 2431 424 2450 cam
435 2433 488 2450 non
500 2432 563 2451 cum
572 2424 690 2450 Horatio
701 2424 845 2462 principem
855 2425 1016 2458 urbium,sed
1027 2435 1089 2454 cum
1102 2427 1232 2454 Frontino
1242 2427 1361 2465 reginam
1373 2434 1399 2453 te
1411 2428 1435 2453 ὅ(
1445 2425 1583 2453 dominam
1593 2424 1807 2457 orbis,terrarum
1819 2427 1916 2457 Deam,

365 2464 409 2491 cui
419 2473 463 2502 par
472 2463 535 2491 nihil
544 2463 573 2490 fit
583 2467 607 2491 ἃ
619 2463 684 2490 nihil
696 2463 838 2493 secundum
850 2486 856 2497 ,
867 2465 954 2493 dicam
966 2476 1020 2493 non
1032 2467 1125 2495 urbem
1137 2488 1143 2499 ,
1161 2466 1202 2495 sed
1213 2467 1285 2494 orbis
1296 2467 1447 2504 epitomen:
1468 2475 1498 2493 ea
1508 2473 1582 2504 parte
1594 2465 1770 2493 Polemonem
1780 2473 1917 2493 oratorem

364 2505 484 2532 imitatus
494 2525 500 2537 ,
520 2504 559 2533 uti
571 2514 601 2531 ex
612 2504 705 2531 osleni
717 2507 913 2533 commentario
924 2507 1012 2544 primo
1022 2507 1048 2534 in
1058 2507 1104 2535 lib.
1117 2507 1292 2546 Hippocratis
1299 2507 1331 2534 de
1343 2505 1470 2534 Articulis
1479 2505 1628 2533 didicimus.

324 2552 354 2585 a]
385 2550 531 2578 Phil-luder.
558 2553 677 2588 Oportet
690 2551 802 2578 omnino
813 2550 998 2580 Architeetum
1007 2553 1118 2591 ingenio
1126 2551 1177 2581 effe
1189 2552 1286 2584 solerti,
1299 2552 1382 2580 multa
1391 2551 1522 2579 doctrina,
1533 2551 1652 2579 maximo
1662 2551 1718 2585 usu,
1730 2563 1809 2592 atque
1820 2553 1916 2591 impri-

369 2591 418 2618 mis
428 2591 559 2618 acerrimo
571 2588 621 2618 eise
632 2590 742 2626 judicio,
755 2591 806 2622 cui,
817 2601 864 2629 pro
874 2592 929 2619 loci
940 2593 1132 2621 commoditate
1142 2603 1185 2622 aut
1195 2594 1302 2624 decore.
1310 2593 1372 2620 artis
1381 2592 1515 2620 interdum
1527 2601 1657 2631 praecepta
1667 2593 1836 2637 negligenda.
1855 2595 1915 2623 Nec

367 2632 475 2658 enimin
485 2630 608 2658 omnibus
617 2631 682 2659 locis
692 2641 784 2658 omnes
795 2631 956 2668 symmetriae
966 2630 1073 2661 effeetus
1082 2633 1238 2672 respondere
1249 2631 1364 2673 possunt.

324 2671 353 2706 b]
385 2672 467 2698 Idem.
491 2672 643 2699 Oculorum
653 2670 736 2699 sensus
747 2671 869 2709 profecto
878 2674 1020 2701 acerrimus
1032 2695 1038 2705 ,
1059 2683 1232 2702 veruntamen
1243 2676 1352 2713 quinon
1361 2683 1419 2701 rato
1430 2671 1542 2700 fallatur.
1562 2674 1643 2702 Remi
1653 2674 1725 2703 enim
1735 2684 1796 2703 cum
1808 2675 1857 2703 fint
1868 2675 1916 2705 sub

368 2720 432 2748 aqua
442 2712 507 2739 recu
518 2733 524 2743 ‚
541 2712 626 2739 oeulis
637 2721 724 2739 tamen
734 2710 808 2741 fracti·
821 2713 951 2741 videntur.
965 2715 1023 2741 Vid.
1037 2716 1127 2742 Senec.
1139 2716 1257 2743 Natural.
1273 2714 1440 2753 quaest.lib.t.
1453 2723 1511 2750 cap.
1524 2723 1574 2740 ιιι.

326 2753 352 2786 c]
384 2751 464 2778 Idem.
486 2752 549 2778 Hoc
561 2753 595 2779 est
607 2753 779 2789 projesturae.
800 2754 836 2781 ita
844 2755 915 2781 enim
925 2758 949 2781 δε
962 2755 1046 2783 utitur
1066 2759 1090 2784 Sc
1111 2756 1299 2794 interpretatur
1310 2765 1365 2794 cap.
1377 2754 1426 2782 ult.
1437 2753 1482 2781 lib.
1497 2763 1546 2780 ιιι.
1566 2754 1688 2783 Mutulos
1698 2764 1788 2783 autem
1799 2756 1853 2784 dixi
1863 2754 1915 2786 esse

368 2792 412 2829 qui
426 2802 440 2817 a
449 2792 541 2818 nostris
553 2794 710 2820 Arclutcd'tis
722 2797 793 2821 corvi
806 2795 986 2822 nominantur.

326 2833 356 2866 d]
388 2831 471 2858 Idem.
494 2832 609 2874 l'iclorez
620 2835 809 2870 prominentias
820 2845 851 2862 ex
863 2834 950 2863 tabula
963 2856 969 2867 ,
990 2836 1101 2870 umbris,
1113 2836 1189 2865 lineis
1199 2840 1224 2865 8(
1234 2836 1407 2866 comminutis
1415 2834 1519 2873 augulis
1530 2836 1673 2863 monstrare
1684 2836 1830 2866 elaborant.
1847 2841 1915 2867 Vm-

367 2871 419 2898 bris
431 2872 568 2908 quomodo
579 2874 622 2898 hat
635 2893 640 2903 ,
658 2874 736 2901 docet
748 2875 845 2903 Plinius
856 2875 902 2903 lib.
912 2886 991 2904 xxxv.
1003 2887 1060 2916 cap.
1073 2887 1112 2905 x1.
1137 2882 1246 2908 Omnes,
1266 2877 1351 2915 inquit
1362 2897 1369 2909 ‚
1391 2878 1436 2914 qui
1444 2875 1535 2902 volunt
1544 2879 1692 2903 eminentias
1704 2878 1788 2905 videri
1801 2900 1807 2908 ,
1826 2880 1914 2907 candi-

368 2914 456 2939 cantia
471 2912 574 2946 faciunt
585 2932 591 2942 ,
612 2912 762 2951 calaremque
772 2916 890 2943 condiunt
899 2919 977 2953 nigro.
1001 2918 1102 2958 Magna
1118 2917 1220 2957 prorsus
1229 2928 1279 2949 ars,
1295 2919 1322 2946 in
1330 2927 1407 2955 :equo
1417 2916 1532 2945 extantia
1542 2916 1688 2950 ostendere,
1700 2919 1763 2946 &in
1774 2918 1915 2950 confracto

370 2951 451 2980 solida
460 2952 558 2981 omnia.
581 2952 655 2980 Plato
665 2955 787 2984 meminit
798 2955 843 2984 lib.
854 2967 878 2984 x.
893 2957 925 2986 dc
934 2957 1037 2995 Repub.

1790 3001 1816 3035 a]
1828 3001 1911 3031 Idem,
