2023 3162
684 62 1210 103 V1Tnuv1nn1.
1675 74 1745 108 151.

163 128 242 169 collo
255 125 408 181 pedeque
430 124 555 164 leniter
572 124 622 164 ad
632 126 868 179 gracilitatem
878 127 1064 164 contram.
1094 126 1197 165 Satin
1208 126 1385 167 sanuses?
1405 136 1536 165 nonne
1547 128 1646 166 vides
1658 138 1749 167 tunc

165 185 391 224 alveolatum
403 183 523 220 oculo
535 183 658 220 nonse
668 181 893 221 ostensurum
903 183 1119 232 stylobatam
1130 212 1141 228 ‚
1158 182 1184 219 fi
1194 183 1352 231 adjectio
1362 195 1408 220 ex
1421 184 1584 222 vitruvii
1594 183 1749 234 praescria
1798 200 1801 201 ⁷

164 252 232 293 pto
246 240 337 278 faeta
348 239 482 276 fuerit?
502 238 703 276 Venenum
717 249 816 276 certe
827 251 927 288 aegro
947 239 1107 277 antidoti
1118 240 1209 276 loco
1219 238 1426 290 propinasti.
1455 240 1494 277 Si
1504 238 1657 276 scamilli
1668 250 1746 277 non

164 296 360 339 addantur,
373 295 580 332 alveolatus
589 296 707 332 oculo
719 294 904 333 videbitur
916 319 923 333 ‚
946 295 1130 332 scamillos
1140 294 1254 335 addis,
1272 296 1477 333 alveolatus
1489 307 1569 332 non
1580 288 1743 346 apparet.

165 351 269 402 Qid
288 350 389 387 addis
409 349 434 388 si
447 359 578 387 contra
595 361 764 387 mentem
782 350 938 387 auetoris
954 350 1078 388 addis?
1107 351 1225 387 Porro
1239 350 1345 400 quod
1367 352 1561 400 antiquum
1579 361 1615 388 tc
1636 349 1746 398 stylo-

163 409 289 445 batam
306 408 344 443 in
362 406 542 455 Exquiliis
562 405 688 444 vidifl'e
707 405 867 444 affirmas
879 434 891 451 ‚
911 405 1003 443 nihil
1019 405 1094 443 fere
1110 405 1202 443 facit
1217 406 1361 444 adrem.
1388 408 1503 445 multa
1515 407 1615 444 enirn
1626 405 1747 442 fecere

164 463 310 512 antiqui
323 473 404 511 quae
415 459 480 498 nisl
491 472 578 498 cum
588 462 680 499 vitio
692 462 827 499 imitari
838 473 954 498 nemo
965 471 1090 511 queat.
1122 461 1240 513 Qid?
1250 473 1378 500 nonne
1388 462 1426 499 in
1438 461 1648 513 pervetusto
1659 471 1750 499 tem-

161 521 228 569 plo
247 518 352 568 quod
370 516 492 554 adhue
503 516 639 555 Tiburi
659 515 803 562 visitur,
822 519 908 555 &in
918 515 1142 554 Ariminensi
1156 517 1316 563 fornice,
1329 518 1533 556 Corinthia:
1546 517 1642 555 bases
1662 517 1746 554 nul-

161 576 220 612 los
240 573 404 624 plinthos
422 571 583 610 habent?
604 574 745 611 Nonne
765 582 896 615 contra
906 571 1327 623 Vitruviipraescriptum
1347 576 1638 624 &antiquorum
1648 573 1746 610 Grae-

163 642 298 668 corum
315 628 442 673 usum,
468 628 609 665 Romae
627 630 664 665 iu
692 629 772 666 Titi
793 625 1002 678 Vespasiani
1020 630 1058 666 ὅ(
1079 628 1315 666 Constantini
1332 628 1536 668 fornicibus
1549 658 1558 674 ,
1578 631 1615 666 ὃ(
1636 628 1743 669 alibi,

161 686 372 724 denticulos
391 683 516 722 videas
534 683 597 721 sub
616 685 768 722 mutulis
789 681 953 733 positos?
972 682 1145 721 Licentia
1165 684 1241 721 haec
1262 684 1331 724 est,
1355 684 1392 722 δε
1410 696 1490 723 non
1508 685 1686 722 imitanda
1707 685 1748 721 li-

162 743 303 786 centia,
323 741 408 778 licet
426 741 464 777 &
485 738 560 776 haec
571 738 655 777 suos
675 739 833 776 habeant
851 737 1036 778 vindices,
1059 739 1322 777 &imitatores
1353 739 1503 789 Utique
1521 741 1598 778 hoe
1608 741 1747 790 ingenii

161 796 212 835 sui
225 827 235 842 ,
256 807 296 834 ut
313 795 378 846 ipsi
389 793 504 833 visum
515 794 581 833 cst,
600 805 706 844 partu
725 796 775 832 ita
796 792 954 831 mirifice
973 794 1152 831 Bertanus
1171 793 1221 830 est
1238 794 1439 833 delectatus
1452 821 1460 835 ‚
1482 796 1625 833 utloco
1643 807 1750 833 orna·

161 854 281 891 menti
300 851 518 901 stylobatam
530 849 742 895 hujusmodi
761 861 1014 887 marmoreum
1035 849 1132 887 ostio
1149 848 1288 886 domus
1307 847 1375 887 suae
1387 878 1398 894 ‚
1418 862 1498 898 quae
1509 851 1673 889 Mantuae
1684 850 1746 893 est,

162 907 357 960 adpassum
371 937 381 952 ,
401 917 541 945 aeternae
560 907 754 943 memoriae
777 903 1061 944 consecraverit.
1096 904 1235 942 Frustra
1245 915 1372 942 tamen
1393 905 1540 942 labores
1562 907 1747 956 prodegit,

162 963 313 1013 quando
325 963 405 1001 usus
414 962 500 1012 ipse,
510 963 547 999 ὃς
559 962 776 999 communis
789 961 990 999 hominum
1002 959 1209 1000 consensus,
1222 962 1265 997 iis
1277 973 1360 1010 quae
1372 972 1442 1011 pro
1453 959 1510 999 fila
1522 960 1585 998 sibi
1595 962 1749 999 libidine

162 1020 315 1057 finxerat
333 1043 342 1057 ‚
371 1019 630 1055 auctoritatem
660 1017 808 1055 ademit.
839 1017 927 1055 Nos
944 1018 1078 1065 igitur,
1096 1016 1260 1054 Bertano
1280 1016 1539 1066 praetermiffo‚
1558 1028 1637 1054 rem
1654 1016 1747 1054 hanc

161 1075 336 1113 omnium
354 1071 553 1112 novissime
573 1072 807 1123 aggredimur
827 1098 836 1112 ‚
862 1074 899 1111 δί
917 1072 1006 1122 quid
1026 1071 1097 1109 hac
1117 1073 1155 1109 in
1173 1083 1213 1109 re
1231 1071 1439 1110 illustranda
1457 1073 1611 1122 ingenio
1629 1071 1747 1123 poss'i-

162 1143 246 1169 mus
259 1155 267 1169 ‚
289 1128 591 1180 periclitabimur.
621 1130 809 1179 Principio
830 1140 919 1166 cum
939 1126 1083 1165 assiduis
1101 1128 1394 1177 cogitationibus
1405 1140 1485 1165 rem
1506 1128 1601 1165 hanc
1613 1129 1746 1166 animo

162 1186 343 1225 versarem
356 1211 364 1224 ‚
386 1184 476 1222 illud
500 1185 724 1222 occurrebat
743 1200 752 1226 3
781 1183 857 1221 fieri
888 1183 986 1235 posse
1006 1183 1192 1221 scamillos
1213 1183 1430 1223 Vitruvium
1449 1193 1623 1234 tympana
1643 1195 1747 1233 quae-

163 1242 251 1280 dam
270 1239 480 1291 appellasse,
500 1239 687 1289 stylobata.-
705 1250 843 1278 trunco
862 1240 1014 1292 appaCta
1032 1242 1071 1279 <Sc
1092 1248 1212 1289 quota
1230 1251 1362 1277 eorum
1382 1250 1480 1290 parte
1499 1240 1681 1278 extantia,
1703 1250 1751 1276 ne

161 1298 298 1335 scilicet
315 1297 519 1334 alveolatus
538 1297 656 1334 oculo
675 1296 873 1336 videretur.
903 1295 1034 1333 Primo
1049 1297 1175 1344 itaque
1191 1294 1347 1346 fimplex
1366 1295 1484 1343 adjeci
1503 1306 1725 1346 tympanum
1737 1321 1749 1341 ,

164 1352 267 1403 quasi
287 1352 494 1390 scamillum
513 1352 558 1390 ab
576 1361 764 1401 exaequata
783 1352 970 1402 stylobatae
991 1352 1142 1403 planitie
1159 1351 1427 1403 protuberans,
1447 1362 1537 1388 mox
1555 1350 1641 1388 huic
1652 1360 1751 1398 tym-

164 1420 266 1462 pano
286 1408 384 1446 aliud
402 1410 541 1458 impar,
561 1408 636 1446 hoc
649 1407 717 1448 est,
742 1410 882 1449 minus,
895 1408 1068 1460 apposui,
1091 1406 1194 1457 quasi
1206 1409 1358 1446 alterum
1368 1407 1597 1451 scamillum,
1619 1406 1748 1445 uthoc

163 1465 276 1516 paCto
295 1476 339 1502 ex
349 1465 510 1502 Vitruvii
528 1466 736 1515 praescripto
754 1463 934 1515 stylobata
943 1475 1008 1516 per
1027 1463 1194 1502 medium
1207 1493 1216 1508 ‚
1229 1463 1477 1510 adjectionem
1488 1472 1551 1514 per
1561 1462 1747 1500 scamillos

161 1523 323 1572 impares
343 1518 542 1558 sortiretur.
574 1521 665 1558 Haec
686 1520 779 1558 milii
798 1533 886 1558 cum
897 1521 1026 1558 multis
1047 1519 1094 1557 de
1114 1518 1228 1557 causis
1247 1521 1371 1556 minus
1389 1517 1659 1563 satisfacerent,
1677 1518 1751 1568 pri·
1784 1520 1788 1522 ’

160 1589 269 1614 mum
280 1575 383 1626 quod
395 1577 541 1614 nullum
552 1578 769 1628 exemplum
781 1576 965 1623 eiusmodi
974 1576 992 1613 s
987 1575 1226 1614 camillorum
1238 1575 1334 1626 apud
1344 1575 1518 1623 antiquos
1529 1575 1753 1618 invenirem,

162 1643 242 1671 tum
253 1632 360 1682 quod
370 1644 461 1670 vero
474 1633 597 1671 minus
607 1632 724 1670 simile
737 1633 937 1678 videretur,
958 1632 1174 1670 Vitruvium
1183 1641 1263 1668 rem
1272 1640 1349 1668 tam
1361 1629 1510 1668 facilem
1521 1631 1559 1667 ὅ(
1580 1632 1752 1679 exiguam

161 1691 210 1726 ita
222 1688 410 1738 religiose,
429 1700 547 1737 eaque
559 1689 764 1726 constantia
782 1687 1006 1740 praecepiss'e3
1028 1688 1074 1727 ad
1086 1687 1154 1726 alia
1173 1698 1235 1725 me
1247 1685 1446 1725 conferens
1458 1715 1468 1732 ,
1488 1687 1579 1724 iniis
1598 1685 1749 1723 tandem

163 1757 243 1794 quae
256 1743 378 1781 modo
389 1744 563 1781 allaturus
574 1744 666 1782 sum,
681 1747 810 1782 animo
821 1746 1032 1794 conquievi.

218 1799 333 1836 Certe
351 1799 485 1836 durum
505 1800 598 1837 milii
608 1800 798 1838 videbatur
808 1800 996 1849 stylobatae
1008 1798 1237 1850 superficiem
1249 1800 1294 1837 ad
1307 1809 1480 1838 normam
1499 1806 1752 1847 coaequatam,

162 1855 387 1893 alveolatam
409 1856 620 1892 Vitruvium
639 1856 843 1907 appellasse.
877 1858 975 1909 Qis
995 1857 1136 1893 etenim
1156 1867 1282 1894 mente
1302 1855 1472 1892 constans
1486 1883 1495 1898 ‚
1513 1862 1750 1904 (exaequatam

163 1911 518 1961 complanatamque
534 1910 764 1962 superficiem
776 1913 996 1950 alveolatam
1009 1911 1073 1949 fibi
1084 1911 1197 1948 videri
1209 1910 1364 1948 affirmet
1376 1912 1387 1945 ἓ
1403 1910 1531 1946 Aliam
1542 1910 1652 1957 igitur
1663 1918 1751 1944 cau<

163 1965 238 2003 sam
259 1975 411 2017 propter
439 1978 552 2016 quarn
573 1967 778 2005 alveolatus
799 1967 975 2015 stylobata
1002 1967 1187 2004 diceretur
1207 1965 1445 2015 pervestigavi
1464 1993 1474 2008 ,
1502 1966 1539 2002 ὃς
1558 1965 1751 2000 veritatem

164 2020 288 2071 ipsam,
304 2023 342 2058 ni
352 2022 472 2067 fallor,
485 2023 623 2060 inveni.
636 2022 794 2062 Alveus,
806 2023 978 2061 Varrone
989 2022 1088 2062 teste,
1105 2033 1197 2059 cava
1210 2032 1338 2058 cortex
1354 2020 1414 2058 cst,
1428 2021 1490 2057 ubi
1501 2020 1588 2068 quid
1601 2027 1749 2068 proptet

167 2079 366 2115 cavitatem
385 2079 589 2127 reponitur.
610 2090 675 2116 vas
687 2079 894 2127 quoquein
905 2089 983 2127 quo
995 2089 1081 2128 apes
1102 2075 1329 2115 mellificant.
1357 2074 1454 2113 unde
1465 2075 1641 2113 Tibullus
1653 2098 1661 2114 ³

442 2136 535 2167 Rure
547 2129 634 2168 levis
644 2145 756 2168 verno
765 2131 872 2183 flores
884 2137 954 2182 apis
963 2133 1097 2183 ingerit
1104 2130 1214 2171 alveo,

501 2184 670 2236 Compleat
687 2195 725 2222 ut
735 2183 827 2222 dulci
835 2183 961 2236 fidula
978 2184 1078 2221 melle
1085 2183 1210 2237 favos.

221 2241 292 2279 Sed
313 2242 350 2279 ὅ(
367 2239 491 2279 tabula
510 2240 645 2278 lusoria
662 2241 707 2278 ad
718 2241 1020 2278 latrunculorum
1039 2241 1169 2278 ludum
1182 2241 1496 2283 accommodata,
1516 2241 1641 2278 alvens
1660 2238 1751 2276 dici-

166 2310 248 2347 tur3
269 2309 340 2336 nos
353 2296 605 2334 tabulerinum
616 2293 814 2334 vernacule
828 2297 1076 2346 appellamus.
1105 2295 1222 2334 Unde
1234 2296 1375 2333 Plinius
1387 2323 1395 2337 ‚
1418 2291 1565 2344 stdcffizſtr
1580 2294 1667 2332 diem
1685 2308 1750 2332 na-

165 2350 311 2404 talisfiu'
328 2353 395 2405 egit
409 2377 417 2391 ‚
440 2348 620 2390 transtulit
639 2350 781 2388 alveum
798 2364 876 2388 cum
893 2347 1019 2401 teffi’ris
1028 2347 1205 2401 lufhrium.
1217 2351 1418 2390 Alveatum
1428 2353 1566 2401 itaque,
1586 2351 1662 2388 hoc
1679 2349 1729 2387 est
1740 2378 1751 2395 ,

164 2412 204 2447 in
224 2410 319 2447 alvei
330 2408 491 2446 modurn
512 2418 752 2452 excavatum,
763 2408 836 2452 vel,
849 2417 889 2444 ut
901 2409 950 2443 ait
963 2408 1164 2447 Vitruvius,
1178 2408 1464 2452 alveolatum,id
1476 2419 1592 2446 omne
1603 2407 1752 2451 dicitur,

167 2466 270 2515 quod
288 2473 512 2502 excavatum
525 2463 587 2500 est.
617 2462 736 2501 Unde
746 2464 846 2501 Cato
858 2462 902 2499 de
913 2475 951 2500 re
965 2462 1107 2500 Rustic.
1140 2462 1258 2500 Sulros
1270 2493 1280 2509 ,
1292 2465 1361 2509 ait,
1369 2462 1408 2513 st
1425 2458 1661 2514 locussaquofiu
1671 2461 1753 2505 erit,

165 2520 318 2558 alt-eatos
337 2517 400 2568 ‘ff'
419 2528 560 2570 oportet.
590 2518 834 2556 Alveolatum
850 2520 962 2568 igitur
978 2517 1199 2566 stylobatam
1219 2520 1323 2557 illum
1344 2520 1440 2558 reite
1459 2517 1746 2568 appellabimu5‚

167 2578 232 2627 qui
250 2576 295 2613 ad
314 2575 421 2612 instar
437 2576 530 2612 alvei
549 2584 742 2613 excavatus
762 2575 948 2614 videatur,
970 2575 1059 2612 licet
1077 2575 1123 2611 ad
1142 2575 1304 2613 libellam
1323 2585 1542 2624 exaequatus.
1574 2574 1753 2610 Formam

164 2635 289 2682 itaque
306 2631 478 2668 alveolati
499 2630 683 2678 stylobatae
703 2631 822 2667 oculis
836 2629 1351 2679 subjiciemus.Sitquealveus
1371 2631 1436 2668 ubi
1449 2631 1496 2667 A.
1518 2629 1597 2666 Cur
1607 2637 1751 2672 autem,

166 2688 377 2736 adjee‘tione
399 2688 500 2731 juxta
522 2686 784 2724 Vitruvianum
806 2685 1054 2736 praescriptum
1073 2697 1138 2735 per
1156 2686 1340 2723 scamillos
1358 2698 1440 2723 non
1459 2685 1550 2722 fasta
1563 2713 1572 2729 ,
1589 2683 1752 2723 alveola-

167 2754 227 2781 tus
246 2744 364 2781 oculo
384 2742 580 2791 stylobata,
606 2742 695 2779 licet
713 2753 791 2778 non
804 2740 846 2779 sit
857 2767 865 2781 ‚
879 2750 1070 2791 appareat,
1084 2741 1259 2789 deinceps
1271 2741 1546 2790 patefaciemus.
1558 2740 1643 2778 Esto
1654 2739 1754 2777 enim

167 2799 348 2847 stylobata
369 2798 422 2837 A.
445 2798 547 2842 cujus
560 2797 605 2834 ad
621 2797 783 2836 libellam
800 2796 1002 2834 constituta
1020 2796 1194 2846 planicies
1212 2796 1251 2832 B.
1265 2797 1315 2833 C.
1336 2796 1424 2835 basis
1444 2795 1636 2847 supposita:
1656 2796 1753 2846 plin-

168 2855 253 2891 thus
268 2855 316 2891 D.
330 2853 370 2890 E.
385 2854 421 2890 F.
435 2853 482 2890 G.
498 2854 633 2890 oculus
645 2853 692 2890 H.
714 2854 830 2892 Dico,
848 2853 967 2890 oculo
979 2853 1015 2888 in
1027 2851 1074 2888 H.
1090 2850 1295 2889 constituto
1307 2852 1522 2901 stylobatam
1536 2852 1583 2889 A.
1596 2852 1756 2889 alveola-

170 2919 250 2949 tum
268 2910 391 2949 vidcri.
428 2910 599 2948 Ducatur
619 2909 717 2948 recta
730 2909 778 2947 H.
791 2909 836 2947 C.
853 2908 992 2958 G.quae
1002 2906 1155 2958 quidem
1167 2906 1317 2948 visionis
1337 2908 1456 2947 radius
1474 2908 1534 2946 est.
1555 2910 1632 2947 Erit
1648 2908 1756 2955 igitur

1648 2962 1758 3014 stylo-
