2023 3162
291 121 337 154 60
687 111 778 148 DE
835 109 1517 146 S1GN1F10AT10NE

290 183 503 221 dicebantur
516 211 526 227 ‚
544 193 622 231 quae
632 180 780 217 lacubus
800 177 982 226 quadratis
1002 174 1164 213 distinem
1183 184 1295 212 erant.
1323 175 1445 211 Graeci
1458 172 1659 226 φαἹνώμαᾷ
1671 177 1856 227 dicebant-2

291 252 373 289 quae
385 240 510 276 caelata
520 250 598 274 non
611 244 725 273 erant.
756 234 924 269 Lexicon
938 244 1015 268 non
1026 232 1188 268 editum:
1210 225 1440 281 φεὶὶνώμειζᾲι,
1462 225 1685 280 ωωιδώμαᾷ,
1710 233 1856 284 fijaid,

290 296 463 346 αἴγλυφα.
495 292 618 330 Deliis
628 302 697 328 nos
708 288 921 325 alibidixiffe
932 289 1185 324 meminimus.
1218 287 1309 324 Haec
1320 286 1401 324 sunt
1419 287 1664 325 lacunariavel
1675 291 1857 340 laquearia

291 353 423 390 tabulis
442 351 536 388 tecta
548 378 557 393 ‚
575 360 655 396 quae
675 345 867 383 Vitruvius
887 345 906 381 Ξι
929 344 1083 381 cameris
1102 342 1303 392 distinguit:
1342 348 1437 379 Tunc
1455 353 1571 379 antem
1589 341 1750 382 machinas
1768 361 1856 384 com-

287 411 418 461 paratu
435 415 650 442 camerarum
678 398 894 450 dispositiones
913 399 949 435 in
973 395 1190 435 conclavibus
1216 395 1467 450 expediantur,
1493 396 1562 447 72ss
1587 395 1794 438 lacunaribus
1818 416 1857 440 ea

282 462 427 516 fnemnt
444 468 576 496 ornata.
606 456 687 495 Ubi
705 456 889 492 lacunaria
906 455 1000 492 tedia
1026 455 1131 505 plana
1150 454 1283 491 tabulis
1301 455 1491 503 laqueata,
1513 456 1550 491 ὃς
1570 453 1724 491 lacubus
1742 457 1858 496 distin-

292 520 360 555 eta.
391 517 493 554 Idem
502 514 635 552 lib.v1.
665 516 859 548 Lacunarta
869 524 913 547 ex
930 520 1024 563 opere
1033 508 1189 558 intestino
1207 519 1340 549 vocat,
1362 521 1442 558 quae
1456 505 1856 562 Graecizldmfflgppa'aq

290 571 428 618 ἐντέχνκ
444 564 749 617 manuducta-Qec
761 566 888 603 dicunt
900 581 907 603 :
919 577 996 618 opus
1006 566 1211 603 minutiart'ae
1212 562 1353 616 fabricae
1364 594 1373 609 ,
1385 565 1461 603 hoe
1471 565 1530 603 est.
1543 562 1738 615 λετῇκργίοις
1749 570 1858 618 vulgo

291 629 534 679 appellamus.
564 623 805 675 Atposterius
823 635 942 661 :evum
955 633 1117 659 cameras
1136 623 1247 658 etiam
1259 622 1364 658 novit
1384 623 1566 670 laqueatas
1586 623 1623 658 ὃ(
1643 622 1775 658 tabulis
1786 622 1860 660 sub-

291 685 414 723 tectas.
435 684 614 720 Cametas
635 680 785 729 quidem
806 690 849 716 ex
871 677 1216 728 contignationibus
1234 676 1400 714 fecerunt
1419 688 1459 714 ut
1472 679 1643 716 Veteres,
1665 677 1724 715 sed
1741 691 1810 729 pto
1822 679 1861 718 fi-

291 742 410 790 gnino
421 750 534 789 opere
545 741 579 775 &
591 737 727 774 albario
740 747 797 772 eas
809 734 940 771 tabulis
953 734 1185 770 subrexerunt
1238 733 1336 771 Vide
1347 732 1372 769 fi
1387 734 1507 784 placet
1518 743 1659 770 caetera.

349 797 382 832 L
398 810 407 833 i
421 807 440 832 B
454 806 506 832 ΕΙ,
519 809 536 831 L
549 808 584 832 Α.
615 792 697 829 Lib.
714 804 744 828 1.
758 802 837 840 cap.
851 797 885 827 6.
918 788 1100 826 cellscetur
1119 788 1164 824 ad
1181 784 1324 825 libellam
1341 802 1571 825 marmoreum
1591 787 1766 840 amusium.
1785 789 1864 829 Bal-

292 853 381 890 dus:
401 850 460 888 Ut
470 849 514 887 ab
533 848 660 886 umbra
672 847 852 885 umbella.
869 844 889 881 Ξῖ
910 846 1089 883 columna
1108 844 1328 889 columella,
1346 847 1395 882 ita
1415 844 1434 880 a
1447 844 1537 882 libra
1557 842 1865 892 §mammenu-

293 909 398 946 bella.
429 905 486 943 Est
505 916 627 942 autem
648 903 931 939 instrumentum
952 913 1029 950 quo
1041 900 1129 937 fabri
1148 902 1296 936 murarii
1314 903 1350 937 δε
1371 903 1488 938 caeteri
1506 900 1685 946 eiusmodi
1704 901 1862 940 artifices

293 966 418 1017 planas
428 960 692 1012 superficiesita
702 958 844 1001 sistunt,
865 968 904 994 ut
926 956 1115 993 horizonti
1128 955 1374 1004 aequidistent:
1395 955 1524 993 nostro
1543 954 1863 1011 more‚archipen-

292 1018 417 1061 dolum,
430 1017 498 1054 seu.
513 1027 553 1054 ut
564 1010 1005 1063 Etrusci‚archtpenzolum
1016 1011 1161 1048 dicitur.
1193 1012 1271 1047 Alii
1290 1010 1419 1061 paffim
1430 1010 1586 1048 ltvellttm
1606 1023 1763 1053 vocant,
1791 1015 1865 1051 ali-

292 1077 388 1113 bella
408 1084 541 1122 nempe
563 1071 674 1107 ducto
695 1067 904 1106 vocabulo.
942 1066 1035 1104 Ideo
1053 1077 1178 1104 autem
1201 1065 1222 1101 a
1241 1067 1332 1103 libra
1352 1079 1495 1104 nomen
1512 1069 1669 1107 invenit,
1700 1069 1805 1118 quod
1826 1070 1865 1106 li-

292 1131 440 1167 bratum
449 1128 660 1164 lanciumve
672 1126 801 1172 jugum
812 1124 989 1167 imitetur,
999 1123 1087 1160 dum
1099 1132 1227 1161 neutra
1238 1135 1318 1172 pars
1330 1122 1499 1161 declinat,
1513 1123 1572 1160 sed
1583 1126 1766 1173 :equaliter
1776 1137 1864 1175 pen-

292 1186 365 1222 det.
395 1183 552 1223 Videtur.
562 1191 685 1218 autem
696 1181 732 1216 id
743 1178 808 1216 ess'e
819 1182 854 1216 in
865 1178 956 1215 libra
966 1190 1119 1216 examen
1132 1206 1138 1218 ,
1153 1179 1258 1228 quod
1269 1180 1306 1214 in
1317 1178 1437 1216 libella
1450 1179 1763 1230 perpendiculum.
1785 1181 1865 1218 Cae-

291 1252 415 1279 terum
436 1240 643 1277 libellarum
660 1236 791 1273 formae
808 1236 914 1274 variae
937 1234 1032 1274 sunt.
1069 1245 1179 1286 prout
1200 1233 1264 1271 fibi
1282 1236 1395 1272 varias
1414 1234 1559 1285 ipsimet
1576 1235 1730 1272 artifices
1749 1248 1865 1274 exco-

293 1299 430 1347 gitant3
462 1294 652 1332 Nostrates
673 1294 787 1341 vulgo
811 1303 853 1327 ca
873 1300 1024 1327 utuntur
1037 1320 1047 1335 ‚
1075 1304 1154 1339 qnae
1175 1290 1212 1327 A
1231 1289 1441 1337 majusculae
1461 1291 1573 1327 litera:
1593 1292 1759 1328 imitatur
1775 1293 1866 1330 ima-

291 1354 432 1402 ginem.
445 1350 525 1387 Lib.
538 1363 559 1388 v
569 1363 582 1387 1
595 1362 609 1386 1
622 1362 635 1386 1
648 1377 653 1384 .
666 1361 742 1399 cap.
754 1354 789 1384 6.
808 1347 998 1385 Vitruvius
1008 1347 1052 1383 de
1065 1347 1163 1384 libris
1173 1347 1327 1396 aquariis
1337 1372 1345 1385 ‚
1369 1346 1536 1395 adaquas
1546 1345 1719 1384 videlicet
1729 1347 1866 1385 libran-

290 1408 352 1445 da<
365 1437 374 1452 ‚
394 1406 503 1445 verba
513 1406 611 1444 facit.
642 1404 730 1442 Ideo
741 1412 868 1441 autem
881 1402 987 1439 libras
1000 1402 1137 1440 ibidem
1149 1404 1320 1440 nominat
1329 1414 1389 1439 eas
1400 1429 1408 1442 ,
1424 1414 1501 1439 non
1512 1402 1652 1440 libellas
1664 1432 1675 1448 ‚
1694 1403 1799 1452 quod
1810 1403 1864 1441 hae

291 1476 339 1501 ne
359 1463 548 1500 libratores
569 1461 771 1512 decipiant,
794 1458 979 1508 grandiori
1006 1458 1126 1496 forma
1146 1458 1223 1496 fieri
1251 1458 1529 1497 consueverint:
1561 1459 1667 1508 quod
1693 1460 1779 1496 licet
1802 1471 1865 1498 ve-

290 1531 374 1556 rum
402 1518 444 1555 fit
464 1544 471 1557 ‚
504 1518 524 1554 a
545 1517 665 1554 libella
693 1517 816 1554 actum
837 1514 954 1565 ipsum
976 1514 1133 1552 libi-andi
1151 1517 1263 1552 etiam
1282 1527 1457 1564 aquatum
1486 1513 1617 1552 duetus
1636 1544 1647 1560 ‚
1675 1514 1788 1552 nostri
1812 1514 1865 1552 di-

290 1585 381 1613 cunt
396 1573 554 1611 livellare
566 1603 576 1619 ‚
597 1584 732 1623 nempe
743 1572 841 1608 idem
853 1583 895 1608 ae
906 1570 930 1607 si
943 1570 1065 1608 Latini
1075 1584 1152 1608 non
1164 1571 1296 1608 librare
1307 1572 1482 1610 dicerent,
1496 1570 1556 1607 sed
1566 1570 1741 1608 libellare.

345 1632 430 1668 L1c
441 1642 466 1667 H
478 1642 499 1666 A
512 1642 537 1666 N
550 1642 576 1667 o
587 1640 614 1665 s.
650 1628 732 1665 Lib.
743 1639 777 1665 v.
796 1639 876 1678 cap.
886 1643 921 1675 4.
953 1625 1116 1664 Vocabula
1128 1624 1251 1664 habent
1261 1623 1327 1662 haec
1347 1627 1522 1677 (phtongi
1533 1626 1718 1674 mobiles)
1735 1623 1865 1677 parhy-

283 1695 376 1738 pate,
387 1683 547 1738 hypaton,
557 1681 721 1728 lichanos,
733 1681 890 1735 hypaton,
909 1680 980 1727 &a
1011 1683 1144 1721 Baldus
1157 1697 1164 1719 z
1176 1684 1370 1733 Perperam
1383 1683 1418 1719 &
1430 1684 1601 1733 imperite
1611 1683 1775 1720 scribunt
1786 1684 1865 1732 qui-

289 1741 375 1779 dam
390 1771 399 1785 ,
419 1744 514 1779 inter
525 1752 620 1790 quos
634 1739 702 1778 effe
713 1740 913 1777 Barbarum
924 1740 1063 1779 nolim,
1079 1740 1272 1788 lychanos,
1286 1750 1373 1776 cum
1385 1739 1512 1777 Graece
1521 1735 1663 1785 λιχοωὲς
1674 1737 1859 1775 scribatur.

288 1797 362 1834 Sed
379 1798 457 1834 sunt
470 1797 580 1834 hodie
600 1796 792 1834 nonnulli,
814 1798 878 1844 qui
893 1795 1105 1846 puerisipsis
1124 1795 1408 1846 insipientiores,
1429 1795 1668 1846 pucriliahaec
1677 1794 1862 1843 appellant

288 1863 414 1890 errata.
448 1853 506 1890 Est
517 1863 642 1889 autem
652 1852 842 1896 lichanos,
863 1861 902 1888 ut
913 1851 1026 1889 docet
1035 1853 1249 1891 Vitruvius,
1265 1851 1569 1889 unus'mobilium
1588 1849 1861 1898 phtongorum‚

288 1910 352 1955 qui
371 1910 465 1944 inter
492 1907 623 1944 stantes
651 1907 711 1943 seu
728 1909 914 1944 immotos
940 1906 1075 1944 suntin
1104 1906 1342 1944 tetrachordo
1371 1905 1542 1956 dispositi.
1580 1904 1728 1940 Dicitur
1746 1903 1861 1940 ctiam

287 1962 375 1999 alias
395 1963 582 1998 diatonos.
612 1963 706 1998 Sunt
723 1972 846 1999 autem
867 1962 1006 1999 lichani
1024 1962 1100 1999 duo
1115 1992 1124 2006 ‚
1146 1961 1287 2006 mestar,
1306 1962 1343 1997 id
1353 1961 1421 1999 est,
1452 1959 1657 1997 mediarum
1671 1987 1681 2002 ‚
1701 1958 1859 2009 &hypa-

288 2027 360 2054 ton
376 2046 385 2061 ‚
403 2017 439 2053 id
462 2015 529 2056 est,
552 2014 802 2058 summarum,
825 2027 986 2063 quorum
1009 2019 1147 2065 primus
1168 2020 1205 2052 in
1224 2015 1351 2052 nostro
1370 2014 1559 2063 systemate
1581 2014 1649 2059 est,
1672 2026 1785 2062 quem
1807 2014 1860 2050 di-

290 2083 382 2109 cunt
399 2073 434 2109 G
454 2072 527 2110 sol,
549 2082 606 2119 re3
626 2070 805 2108 secundus
825 2081 915 2108 vero
934 2069 971 2106 D
989 2069 1042 2106 sol
1069 2082 1118 2107 re.
1148 2067 1310 2115 λιχοωές,
1336 2069 1474 2106 Graecis
1494 2070 1630 2118 digitus
1648 2069 1697 2105 est
1711 2097 1720 2114 ‚
1741 2081 1859 2118 quem

288 2128 413 2165 Latini
435 2127 597 2164 indicem
620 2137 776 2171 vocant,
799 2137 938 2162 nomen
959 2135 1084 2163 autem
1102 2128 1243 2164 invenit
1261 2122 1327 2162 >2713
1343 2121 1374 2166 Ξ
1393 2123 1472 2162 λίσαι
1493 2123 1637 2170 zoelum,
1661 2124 1697 2160 id
1717 2124 1788 2168 est,
1811 2124 1859 2162 ab

288 2196 336 2221 eo
347 2182 454 2232 quod
463 2183 566 2219 valde
577 2181 664 2226 hiet,
675 2182 750 2219 hoc
762 2180 825 2224 est,
836 2180 939 2217 distet
951 2180 970 2215 :⁸1
980 2182 1128 2230 pollice.
1147 2181 1268 2233 Qod
1280 2190 1406 2218 autem
1417 2181 1460 2218 ad
1471 2190 1609 2217 tonum
1623 2178 1682 2216 seu
1693 2178 1860 2230 phthon-

286 2252 378 2287 gum
401 2238 583 2276 musicum
601 2239 778 2287 pertinet,
807 2235 890 2273 vide
909 2237 1083 2284 antiquos
1103 2236 1256 2273 Graecos
1277 2263 1284 2276 ‚
1315 2237 1378 2285 qui
1397 2238 1544 2286 plurimi
1564 2235 1632 2272 hae
1652 2235 1697 2272 de
1718 2248 1756 2273 te
1775 2235 1858 2272 scri-

285 2295 448 2343 pserunt,
464 2296 500 2331 &
512 2295 549 2331 in
560 2293 802 2331 Bibliothecis
814 2300 947 2329 extant.
979 2291 1077 2331 Vide
1091 2293 1200 2329 etiarn
1211 2321 1222 2338 ‚
1239 2292 1264 2330 si
1275 2303 1329 2330 tes
1342 2291 1391 2329 est
1401 2294 1510 2338 tanti,
1522 2291 1710 2330 Aristotel.
1720 2293 1758 2329 in
1770 2303 1855 2342 pro-

286 2350 429 2387 ble1n.1
440 2349 562 2391 ascet
581 2363 613 2394 3.

340 2406 371 2441 L
379 2419 390 2442 1
397 2415 584 2444 NovLATv
592 2418 619 2443 s.
633 2405 795 2443 Libvui.
809 2416 883 2455 cap
893 2418 928 2450 7.
959 2400 1087 2440 sedita
1098 2411 1136 2439 ut
1149 2400 1187 2439 hi
1195 2401 1308 2440 tubuli
1316 2415 1360 2439 ex
1369 2417 1439 2440 nna
1442 2414 1542 2457 parte
1539 2402 1617 2455 stnt
1626 2399 1798 2455 lingulati,
1813 2410 1853 2440 ut

282 2458 418 2496 alitam
429 2457 1033 2512 aliuminire,convenirequepoſsit.
1064 2458 1214 2496 Baldus:
1239 2459 1661 2510 Lingulatiseuligulati‚
1691 2468 1853 2506 utroque

285 2518 384 2553 enim
396 2515 514 2552 modo
524 2514 595 2551 fine
606 2517 697 2552 vitio
707 2514 890 2555 scribitur,
913 2514 1084 2551 dicuntur
1100 2515 1217 2552 tubuli
1229 2527 1271 2551 ex
1291 2526 1392 2564 parte
1402 2517 1511 2553 altera
1530 2527 1645 2565 patvae
1663 2512 1852 2561 cujusdam

284 2573 418 2621 lingua:
430 2571 588 2622 speciem
603 2571 804 2608 referentes.
817 2570 1048 2607 Plin.lib.xxx
1057 2578 1157 2609 1.c.6.
1169 2583 1248 2608 non
1258 2569 1278 2606 a
1287 2571 1486 2619 lingua‚sed
1499 2572 1517 2607 a
1529 2570 1763 2608 similitudine
1773 2579 1850 2604 rem

285 2626 517 2678 cxpreffit:ait
528 2628 639 2664 enim:
655 2631 822 2662 Caeterum
834 2623 858 2662 a
866 2624 969 2677 fonte
978 2624 1068 2670 duci,
1069 2623 1237 2676 fiffllz'bus
1247 2622 1334 2662 tubis
1343 2625 1558 2674 mihssimum
1567 2629 1630 2671 eft,
1639 2621 1850 2675 crassitudine

283 2678 398 2719 {ainzim
409 2680 594 2736 dtgitorum
606 2711 615 2727 ,
631 2678 850 2732 commtffitrtbs
857 2678 1028 2733 pyxidatis
1040 2706 1048 2719 ‚
1071 2682 1120 2717 ita
1132 2690 1171 2717 ut
1181 2679 1340 2733 fitpertor
1357 2682 1465 2718 intret
1477 2707 1485 2721 ,
1506 2680 1590 2717 calce
1598 2682 1689 2717 viva
1700 2704 1707 2718 ‚
1729 2690 1774 2714 ex
1782 2676 1849 2713 oleo

283 2733 454 2789 levigatis.
484 2739 654 2788 intelligit
665 2739 764 2774 enim
774 2737 946 2774 tubulum
958 2736 1089 2774 tubulo
1100 2749 1308 2786 congruere
1320 2766 1330 2782 ‚
1339 2738 1394 2773 uti
1404 2737 1552 2789 pyxides
1561 2732 1747 2785 opereulis
1758 2744 1849 2770 con-

286 2802 430 2839 gruunt.
452 2794 522 2830 Sed
534 2794 692 2831 dilucide
703 2805 780 2830 rem
792 2794 905 2843 aperit
914 2793 1088 2830 Palladius
1100 2806 1107 2828 ;
1126 2805 1169 2828 ex
1179 2805 1248 2828 una
1252 2802 1351 2844 parte
1361 2790 1548 2829 reddantur
1560 2787 1693 2841 angusti
1704 2817 1713 2832 ,
1730 2797 1768 2823 ut
1773 2785 1846 2839 pal.

283 2847 543 2896 mtspatiounus
555 2850 592 2884 in
600 2848 707 2885 altum
721 2848 969 2900 poss'ttz'ntrare.
990 2849 1077 2886 Nos
1089 2848 1305 2885 tubulorum
1315 2849 1466 2896 lingulas
1484 2846 1639 2882 dicimus
1649 2841 1679 2878 le
1687 2839 1848 2888 bochem,

281 2898 563 2941 leimhoccature,
583 2906 643 2940 vel
663 2907 773 2942 ctiam
789 2902 819 2940 le
829 2899 1048 2955 commifficre.
1078 2905 1267 2941 Caeterum
1284 2903 1430 2951 lingulae
1447 2900 1541 2949 apud
1559 2899 1714 2935 Latinos
1736 2900 1846 2936 variae

283 2955 362 2994 sunt
372 2955 648 3007 lignifieationis
660 2985 667 3000 ‚
683 2971 794 3008 quam
808 2960 1066 2998 Grammaticis
1077 2957 1258 2998 venandas
1270 2959 1307 2996 <Sc
1320 2954 1582 2996 enumerandas
1593 2954 1843 3007 relinquimus.

1721 3007 1842 3059 Qod
