2023 3162
470 108 1087 148 DEAchtri-:c-rvnn
1144 102 1370 147 L1B.IV.
1693 120 1737 152 71

138 180 230 219 coeli
241 178 445 228 regionem.
476 175 549 215 Uti
566 177 630 226 qui
648 173 804 212 adierint
821 173 866 210 ad
878 184 980 210 aram
991 173 1237 212 immolantes
1248 203 1259 219 ,
1271 182 1335 211 aut
1352 172 1527 212 sacrificia
1544 173 1735 217 facientes.

136 236 301 288 spectenr
312 235 357 272 ad
369 244 511 285 partem
524 233 618 271 coeli
635 231 787 268 orientis
799 255 807 268 ‚
829 230 866 266 δε
879 228 1119 267 limulaerum
1132 259 1142 275 ‚
1153 229 1259 280 quod
1270 231 1337 268 erit
1354 231 1392 268 in
1409 230 1504 268 aede:
1525 230 1563 268 &
1583 233 1630 268 ita
1648 244 1739 271 vota

136 290 369 342 suscipientes
382 299 632 327 contueantur
651 285 771 324 aedem
791 288 827 323 ὃς
838 286 1026 323 orientem
1039 286 1132 324 coeli
1143 311 1151 325 ‚
1173 285 1321 337 ipsaque
1338 285 1533 325 simulacra
1544 287 1737 326 videantur
1751 291 1877 319 Vaeadcm-

138 348 346 386 exorientia
366 346 539 383 contueri
556 342 797 393 supplicantes
809 344 846 379 &
858 339 1098 379 sacrificantes
1111 356 1118 378 :
1132 342 1237 392 qnod
1247 353 1323 379 aras
1335 354 1470 380 omnes
1486 344 1660 382 Deorum
1672 356 1735 381 ne-

139 401 235 442 ceffe
253 401 321 440 effe
332 401 497 441 videatur
517 399 562 438 ad
573 400 759 436 orientem
769 396 937 448 spectare.
970 397 1034 434 Sin
1053 408 1178 436 autem
1189 408 1317 437 natura
1337 399 1416 437 loci
1433 400 1733 452 interpellaverit,

138 469 229 498 tunc
242 456 503 496 convertendae
514 454 596 492 sunt
607 466 733 492 earum
743 455 878 492 :edium
889 453 1186 499 constitutiones,
1198 455 1251 492 uti
1260 457 1535 506 quamplurima
1543 468 1624 506 pars
1636 468 1733 493 moe·
1750 473 1779 497 V.
1790 473 1873 508 regia-

140 517 247 553 nium
267 511 288 550 ὲ
310 513 457 563 templis
476 513 650 549 Deorum
668 509 932 559 conspiciatur.
963 510 1060 546 Item
1079 509 1104 545 si
1121 509 1325 548 secundum
1347 511 1503 549 flumina
1521 512 1617 550 aedes
1629 511 1735 550 sacrae
1751 520 1822 540 num.

140 570 232 608 fient
244 599 253 615 ,
272 571 325 607 ita
344 564 578 618 uriAEgypto
598 567 696 604 eirca
705 567 859 610 Nilum,
878 565 923 602 ad
942 564 1104 602 fluminis
1117 567 1210 615 ripas
1229 566 1400 604 videntur
1410 568 1570 618 spectare
1591 567 1738 606 debere,

142 627 319 664 Similiter
335 623 361 661 fi
380 624 523 661 circum
539 624 613 659 vias
633 621 801 672 publicas
820 631 930 658 erunt
946 619 1100 659 aedificia
1111 622 1363 666 Deorum,ita
1381 624 1668 664 constituantur,
1686 626 1739 661 uti

141 690 396 733 praetereuntes
413 677 549 731 poffint
560 675 738 728 respicere
750 703 758 717 ‚
782 678 870 715 &in
881 675 1082 727 conspectu
1092 677 1328 715 salutationes
1339 678 1472 717 facere.

796 793 944 831 Car».
1002 793 1077 832 VI.

349 884 432 938 De
451 883 678 954 ostiorum
695 879 759 940 Εἴ
768 896 1255 957 antepagmentorum
1265 882 1531 957 sacrarum

752 965 887 1012 aeclmm
898 964 1126 1012 rationibus.

150 1081 406 1167 OStiorum
418 1087 544 1115 autem
556 1079 594 1114 δ(
605 1088 740 1116 eorum
754 1078 817 1123 [a]
829 1087 1204 1127 antepagmentorum
1214 1078 1252 1114 in
1261 1076 1398 1116 aedibus
1411 1077 1466 1115 hae
1476 1077 1556 1116 sunt
1565 1080 1742 1124 rationes,

242 1137 294 1174 uti
313 1136 477 1186 primum
496 1133 779 1171 constituantur¹
795 1145 874 1182 quo
891 1145 1026 1184 genere
1038 1134 1058 1170 s
1055 1143 1121 1171 unt
1133 1133 1273 1171 futurae.
1303 1135 1450 1172 Genera
1468 1134 1547 1173 sunt
1559 1137 1658 1173 enim
1680 1132 1740 1181 [b]

148 1193 390 1243 thyromatwn
410 1189 503 1229 haec‚
526 1191 718 1227 Doricum
733 1214 741 1228 ‚
766 1190 961 1232 Ionicum,
985 1191 1057 1235 [c]
1079 1189 1310 1240 Atticurges.
1343 1191 1500 1229 Horum
1522 1190 1746 1240 symmetriae

150 1249 286 1287 Dorici
297 1247 438 1298 generis
449 1244 728 1296 conspiciuntur
746 1244 801 1282 his
811 1246 1033 1290 rationibus,
1046 1248 1101 1283 uti
1111 1257 1257 1284 cotona
1268 1245 1427 1292 summa,
1437 1258 1518 1296 quae
1528 1247 1632 1299 supra
1642 1258 1747 1285 antc-

150 1313 394 1355 pagmenrum
410 1300 569 1351 superius
589 1303 817 1352 imponitur,
838 1300 903 1347 [d]
915 1313 1018 1351 aequc
1030 1303 1160 1339 librata
1180 1301 1221 1340 sit
1240 1303 1410 1353 capitulis
1420 1304 1576 1341 summis
1594 1304 1745 1341 colum-

150 1372 285 1398 narum
299 1389 309 1405 ,
328 1369 410 1408 quae
422 1359 458 1394 in
475 1370 620 1408 pronao
631 1358 777 1395 fuerint.
809 1358 957 1394 Lumen
968 1366 1094 1395 autem
1114 1359 1175 1404 [e]
1196 1358 1395 1409 hypothyri
1416 1359 1659 1397 constituatur
1679 1358 1741 1399 fic,

153 1417 209 1453 uti
227 1428 309 1465 quat
331 1414 489 1451 altitudo
500 1414 583 1452 aedis
604 1413 857 1463 apavim‘ento
876 1413 922 1451 ad
941 1414 1125 1451 lacunaria
1145 1413 1514 1460 fuerit‚dividaturin
1534 1425 1653 1466 partes
1673 1425 1747 1453 tres

149 1472 310 1517 semis‚&
321 1483 364 1509 ex
381 1471 424 1506 iis
438 1469 517 1507 duoe
529 1479 646 1520 partes
663 1470 805 1512 lumini,
819 1470 1008 1507 valvarum
1019 1469 1209 1508 altitudine
1220 1470 1502 1511 constituantur.
1516 1472 1607 1509 Haee
1619 1481 1746 1509 aurem

152 1526 336 1565 dividatur
354 1528 392 1563 in
411 1535 531 1576 partes
550 1525 775 1569 duodecim,
802 1527 839 1562 &
860 1537 905 1562 ex
925 1528 976 1563 eis
996 1527 1162 1576 quinque
1183 1529 1221 1565 δε
1240 1528 1395 1565 dimidia
1413 1527 1573 1566 latitudo
1590 1527 1742 1564 luminis

151 1581 216 1620 fiat
233 1584 270 1620 in
288 1584 368 1619 imo
387 1607 396 1621 ‚
420 1583 458 1619 ὅ(
478 1582 517 1617 in
536 1579 683 1619 summo
695 1580 953 1627 contrahatur,
975 1581 999 1619 fi
1015 1584 1083 1620 erit
1100 1583 1231 1621 lumen
1252 1584 1298 1621 ab
1315 1584 1398 1621 imo
1416 1583 1462 1622 ad
1481 1583 1667 1620 sexdecim
1683 1593 1746 1632 pe-

154 1638 241 1684 des,
259 1638 538 1688 antepagmenti
557 1638 662 1675 tertia
681 1649 792 1689 parre.
822 1638 1023 1675 Sexdecim
1041 1639 1184 1688 pedum
1194 1638 1238 1676 ad
1248 1640 1379 1687 viginti
1389 1641 1568 1687 quinque,
1579 1637 1745 1689 superior

153 1705 236 1744 pars
252 1695 402 1731 luminis
415 1693 654 1731 contrahatur
671 1695 948 1744 antepagmenti
960 1703 1063 1743 parte
1074 1704 1216 1743 quarta.
1248 1694 1286 1730 Si
1298 1694 1318 1730 a
1327 1694 1485 1744 pedibus
1497 1695 1628 1744 viginti
1639 1695 1747 1742 quin-

153 1761 227 1798 que
244 1750 291 1787 ad
309 1750 474 1800 triginta,
493 1748 639 1787 summa
656 1760 738 1799 pars
751 1748 994 1787 contrahatur
1006 1750 1286 1801 antepagmenti
1304 1759 1408 1800 parte
1420 1750 1746 1797 oerava.Reliqua

1668 1815 1748 1854 quo

187 1949 218 1969 ut
228 1940 319 1968 altaria
328 1943 352 1969 δε
365 1939 500 1968 fimulacra
517 1949 546 1966 ea
558 1938 606 1966 (int
618 1948 691 1977 parte
702 1959 709 1971 ‚
724 1949 773 1977 qua
785 1940 900 1977 primum
911 1949 982 1968 terra
990 1940 1155 1969 illuminatur
1165 1961 1172 1973 ,
1189 1949 1218 1968 ut
1229 1939 1289 1968 inde
1303 1940 1384 1968 veluti
1395 1939 1528 1980 surgentia
1539 1948 1601 1967 cum
1622 1938 1681 1966 Sole
1691 1937 1747 1965 haec

187 1980 391 2020 conspiciamus.
414 1983 496 2008 Vetus
505 1980 578 2007 enim
597 1977 647 2007 fuit
658 1980 724 2017 apud
735 1988 830 2019 gentes
846 1982 873 2008 in
883 1981 1020 2009 adorandis
1033 1982 1090 2010 Diis
1101 1981 1198 2020 religio
1210 2000 1217 2011 ,
1228 1990 1257 2009 ut
1269 1981 1300 2009 ad
1310 1982 1443 2009 orientem
1461 1989 1683 2008 converterentur
1695 1999 1701 2009 ,
1721 1982 1747 2005 Sc

188 2031 238 2049 nos
254 2023 402 2060 recepimus
419 2023 487 2049 Can.
506 2019 682 2048 Eccleiiarum
698 2030 737 2047 x«.
748 2020 861 2050 distinet.
884 2023 1035 2050 Mercurius
1046 2031 1136 2050 autem
1147 2021 1334 2060 Trismegistus
1345 2024 1372 2049 in
1382 2022 1434 2050 fine
1451 2021 1562 2059 Asclepii
1574 2020 1666 2051 tradit,
1685 2018 1745 2046 Sole

189 2061 339 2094 occidente,
351 2071 413 2090 cum
423 2062 481 2100 quis
492 2063 580 2089 Deum
590 2070 663 2089 orare
675 2061 798 2093 voluerit,
810 2062 835 2090 in
847 2063 972 2091 Austrum
983 2063 1120 2090 intendere
1131 2062 1305 2092 debere‚Sole
1316 2073 1379 2091 vero
1390 2064 1505 2091 oriente,
1517 2063 1543 2088 in
1555 2070 1616 2088 eum
1625 2070 1669 2098 qui
1679 2058 1747 2086 Sub-

190 2100 292 2130 solanus
301 2102 407 2130 dicitur.
430 2103 463 2129 Et
476 2099 597 2129 conferre
607 2101 715 2140 quidem
725 2101 894 2135 arbitramur,
905 2103 922 2131 fi
934 2104 1022 2131 statuae
1031 2104 1057 2131 in
1069 2104 1172 2142 templo
1183 2112 1318 2142 ponantur
1327 2124 1334 2135 ,
1354 2112 1383 2131 ut
1396 2104 1580 2140 imperitorum
1589 2101 1670 2127 animi
1682 2099 1748 2126 reti-

192 2151 314 2174 neantur,
324 2142 387 2170 dum
396 2141 420 2170 se
429 2144 514 2170 Divos
524 2142 594 2169 adire
604 2142 724 2170 credunt:
732 2143 817 2175 fimul,
828 2153 855 2171 ut
865 2144 928 2171 dum
940 2145 1059 2172 videmus
1071 2154 1115 2172 eos
1127 2165 1134 2176 ,
1152 2155 1198 2182 qui
1208 2143 1275 2171 bene
1285 2144 1317 2171 de
1328 2143 1469 2171 hominum
1479 2151 1576 2181 genere
1588 2140 1677 2168 meriti
1687 2138 1746 2167 sunt

192 2191 236 2210 aut
248 2183 310 2210 vitae
320 2183 475 2222 integritate
485 2182 587 2210 caeteris
598 2183 774 2221 praestiterint‚
784 2183 810 2211 in
823 2184 907 2212 Divos
920 2182 1025 2216 referri,
1047 2185 1078 2212 ad
1090 2185 1196 2212 virtutis
1206 2185 1386 2211 imitationem
1397 2184 1576 2210 incendamur.

159 2224 189 2258 a]
211 2223 358 2250 Philander.
382 2226 597 2261 Antepagmenta
607 2222 665 2250 sunt
676 2223 772 2261 lapides
781 2233 923 2263 utrumque
935 2226 994 2252 ostii
1005 2225 1072 2252 latus
1083 2225 1242 2255 munientes,
1255 2225 1336 2262 qui&
1347 2232 1415 2251 anta:
1425 2224 1558 2250 dicuntur.
1570 2219 1722 2266 ωῧὲκςαέδξς
1732 2221 1747 2252 ὰ
1762 2224 1823 2264 Cap,
1835 2236 1874 2255 γι,

193 2264 294 2291 Graecis
304 2284 311 2294 ,
330 2262 381 2290 five
393 2263 678 2297 mowinominantur:
697 2273 757 2290 nain
768 2266 903 2301 parastatas
920 2265 989 2293 aliud
1000 2261 1052 2292 effe
1061 2265 1263 2292 dicemuslibx.
1272 2273 1329 2302 cap.
1341 2273 1363 2291 ι.
1372 2264 1422 2292 Sed
1433 2267 1456 2291 δε
1469 2263 1577 2301 parastas
1589 2273 1621 2291 ex
1633 2265 1750 2292 nonnul—

191 2303 280 2332 lorum
291 2302 419 2330 sententia
436 2312 491 2341 pars
502 2303 537 2330 est
556 2305 715 2331 Craecorum
732 2303 906 2332 :edificiorum
917 2325 923 2335 ,
942 2314 970 2332 ut
988 2304 1076 2332 scribit
1096 2306 1202 2332 Vitruv.
1213 2304 1258 2331 lib.
1268 2314 1306 2331 vt.
1319 2314 1374 2343 cap.
1386 2314 1412 2332 x.
1437 2303 1530 2331 claud.
1543 2304 1649 2340 Salmafi
1661 2308 1749 2333 Ante-

191 2353 336 2384 pagmenta
347 2348 371 2372 ἃ
380 2352 448 2371 anta:
457 2340 593 2371 differunt.
617 2344 681 2371 Vide
693 2344 804 2371 fenam.
826 2347 855 2372 lu
866 2345 955 2372 tabula
973 2346 1128 2373 Marmorea
1137 2345 1205 2384 apud
1220 2343 1340 2373 Philand.
1362 2348 1468 2384 {Quoquo
1479 2343 1568 2381 versus
1588 2345 1685 2382 tegulas
1695 2348 1747 2384 pri-

192 2395 273 2412 mores
283 2395 366 2412 omnes
373 2387 398 2411 in
409 2384 682 2421 antepagmentoftrro
690 2384 768 2420 figito.
781 2381 836 2415 &a
858 2385 923 2413 Vide
936 2389 960 2413 8<
973 2385 1102 2414 Lexicon.

158 2426 190 2462 b]
220 2425 304 2454 Idem.
327 2425 356 2453 Id
366 2426 411 2457 est,
421 2425 559 2452 ostiorum.
582 2426 653 2463 Qae
671 2425 773 2462 antiqui
783 2425 909 2462 nusquam
926 2426 972 2453 niti
983 2426 1165 2466 quadrangula
1174 2424 1305 2457 fecerunt,
1317 2425 1391 2455 sicuti
1401 2436 1486 2465 neque
1497 2424 1629 2454 fenestras.
1653 2427 1751 2454 Posteri

202 2476 266 2494 vero
276 2467 357 2494 etiam
368 2467 481 2493 arcuatis
492 2465 527 2492 uli
538 2464 595 2492 sunt
608 2486 613 2497 ‚
631 2466 770 2503 postquam
789 2464 890 2504 pessum
901 2466 950 2494 ivit
961 2466 1191 2499 Architectonice.
1206 2471 1230 2495 δε
1242 2467 1370 2507 negleffls
1382 2463 1628 2506 probatissimorum
1640 2476 1753 2505 operum

199 2507 328 2545 exemplis
346 2509 542 2534 Germanorum
553 2505 663 2533 arbitrio
675 2515 790 2543 caeptum
801 2506 932 2544 aedificari.
947 2508 1037 2535 Portas
1048 2507 1154 2536 urbium
1164 2505 1240 2536 fuiffe
1250 2517 1377 2539 arcuatas,
1389 2518 1447 2547 quae
1456 2517 1547 2535 extant
1557 2516 1677 2535 veterum
1689 2517 1752 2535 mo·-

201 2556 339 2578 numenta.
347 2545 446 2575 fuerint
457 2556 630 2586 argumento:
644 2549 804 2585 privatarum
815 2547 910 2575 aediuin
918 2557 963 2576 aut
974 2550 1055 2576 etiam
1065 2548 1195 2577 sacrarum
1205 2557 1343 2578 arcuatum
1355 2549 1449 2577 ostium
1459 2548 1527 2576 haud
1535 2548 1665 2575 invenias,

159 2589 186 2623 c]
215 2588 300 2616 Idem.
324 2590 377 2616 Pro
386 2589 531 2615 Corinthio
543 2587 594 2616 hoc
605 2588 667 2616 loco
678 2588 891 2627 intelligendum,
904 2592 928 2617 ὃ(
939 2588 990 2617 fine
1000 2589 1076 2625 hujus
1086 2590 1188 2628 capitis.

159 2629 192 2664 d]
214 2629 297 2657 Idem.
321 2628 469 2656 Istiusmodi
480 2638 578 2657 corona
589 2628 631 2656 sua
641 2629 779 2656 altitudine
789 2630 837 2656 erit
848 2627 975 2657 deformis
986 2643 992 2661 ς
1002 2630 1176 2669 quamobrem
1188 2628 1238 2658 fuit
1249 2639 1354 2668 tempus
1365 2651 1372 2662 ‚
1392 2639 1475 2667 quum
1485 2624 1630 2657 existimavi
1640 2628 1751 2668 sequen-

201 2677 259 2698 tem
270 2670 362 2698 locum
374 2671 409 2696 ita
418 2669 572 2709 legendum,
584 2672 623 2696 uti
633 2680 683 2708 qua
694 2669 804 2697 altitudo
814 2669 868 2697 adis
879 2670 1053 2708 &pavimento
1061 2671 1334 2708 adlacunariafuertt,
1344 2671 1481 2698 dividatur
1491 2672 1608 2707 inpartes
1617 2668 1710 2701 ηαξ-ἰ
1720 2681 1752 2698 ex

201 2711 236 2739 eis
245 2711 297 2738 dua
305 2718 389 2747 partes
393 2711 469 2747 flemis
480 2710 730 2740 lummmalvarum
739 2710 875 2739 altitudme
884 2711 1074 2748 constituantur,
1086 2722 1141 2740 non
1151 2713 1190 2740 uti
1200 2711 1325 2751 scriptum
1338 2712 1383 2744 est,
1393 2714 1419 2738 in
1430 2718 1517 2748 partes
1527 2718 1578 2738 tres
1587 2708 1708 2748 &seman
1719 2711 1752 2745 ά*

203 2761 235 2779 ex
246 2751 280 2779 eis
290 2751 341 2779 dua
349 2758 434 2788 partes
444 2750 542 2781 lumini,
554 2748 586 2781 Εἴ
588 2761 608 2778 c.

163 2791 190 2825 e]
208 2791 291 2820 Idem.
314 2791 515 2831 Hypothyrum
527 2790 587 2820 ow'a-v'
598 2790 624 2819 ‘n‘
634 2790 728 2828 golan-9⁶
739 2792 759 2819 ’ἐ
770 2789 881 2828 θιῖῑκςᾹά
891 2792 1057 2822 εἴῌῐίεηῑετῃ
1067 2793 1223 2821 inanitatem
1235 2796 1259 2821 δέ
1271 2802 1383 2820 vacuum
1396 2791 1472 2830 ipsius
1482 2792 1548 2824 ostii,
1559 2792 1609 2820 sive
1618 2793 1751 2824 lumen,ut

205 2832 285 2860 etiam
294 2834 381 2871 postea
391 2833 567 2863 vocat.d1xit.
591 2833 683 2860 Pollux
696 2833 741 2860 lib.
754 2844 779 2861 x.
791 2843 848 2871 cap.
858 2844 897 2860 iv.
912 2833 948 2866 {aas
961 2833 1045 2870 911'3925.
1057 2835 1101 2862 nni
1112 2834 1248 2862 mendosus
1258 2834 1294 2860 est
1304 2833 1399 2864 codex,
1411 2834 1668 2861 vocat-Hermolaus
1678 2834 1751 2861 enim

206 2871 255 2899 σία)
265 2872 357 2907 θυώῶκ
368 2871 461 2914 legiss'e
473 2873 586 2905 v1dctur,
597 2877 620 2901 δε
632 2872 779 2908 ἴαξῷρχέὲας
790 2884 838 2912 pro
849 2874 906 2912 ipris
916 2872 1015 2902 foribus
1026 2878 1050 2902 3<
1062 2876 1151 2903 valvis.
1167 2874 1235 2901 Alias
1245 2873 1391 2912 hvpothyri
1404 2874 1512 2902 nomine
1531 2874 1621 2902 lumen
1641 2872 1751 2902 inferius

208 2910 376 2950 fignificarur.
396 2915 462 2943 Illud
474 2911 581 2943 fortasse
592 2925 645 2942 non
657 2911 735 2943 fuerit
747 2915 939 2955 negligendum
954 2935 959 2945 ‚
981 2916 1065 2943 valvas
1075 2917 1128 2943 dici
1142 2936 1148 2948 ‚
1165 2925 1222 2953 quae
1232 2915 1301 2942 intus
1312 2915 1474 2952 aperirentur
1484 2936 1491 2946 ,
1511 2914 1581 2943 fores
1594 2924 1683 2943 autem
1692 2924 1751 2953 quae

207 2948 304 3020 fotis-ff
304 2956 391 2994 Atque
400 2956 465 2985 istud
476 2966 491 2985 ε.
504 2954 695 2985 Grammaticis
707 2968 713 2989 ;
732 2965 798 2996 quos
809 2965 898 2986 tamen
909 2956 1046 2997 negligere
1055 2957 1082 2985 in
1090 2957 1120 2985 iis
1131 2975 1140 2988 ,
1156 2965 1214 2996 quae
1224 2955 1418 2985 Architcsturae
1427 2956 1487 2985 sunt
1495 2977 1502 2990 ,
1522 2953 1599 2986 fuerit
1610 2955 1753 2994 aliquando

211 3000 274 3020 nece
298 3003 321 3022 e.

1642 3034 1756 3069 21]th
