2023 3162
570 76 648 103 DE
695 65 1041 104 PrchrtA
1099 61 1342 101 an.111.
1684 75 1733 109 27

135 133 354 173 inventione
367 131 538 170 consistit.
573 133 745 182 Atquiea
757 133 910 182 quidem
931 130 1026 169 hanc
1037 130 1148 169 habet
1165 132 1262 171 vim,
1287 141 1328 168 ut
1340 130 1453 169 ctiam
1474 129 1549 167 sola
1567 132 1733 169 inventio

137 189 211 227 fine
229 188 373 239 pictura
385 188 551 226 delectet.
582 188 773 226 Laudatur
783 189 874 226 dum
887 189 1021 237 legitur
1031 188 1093 224 illa
1111 188 1311 225 calumniat
1320 185 1533 237 descriptio,
1557 199 1671 236 quam
1683 189 1729 225 ab

135 246 272 294 Apelle
295 245 432 295 pretam
451 244 559 281 refert
580 244 788 282 Luciauus.
824 244 917 281 Eam
937 243 1092 292 quidem
1111 255 1276 280 enarrare
1291 272 1300 287 ,
1324 244 1478 279 minime
1498 241 1543 279 ab
1563 242 1729 280 instituto

136 301 299 339 alienum
311 299 378 337 effe
389 300 523 338 censeo
538 329 547 345 ‚
559 312 638 348 quo
649 301 810 351 pictores
820 300 1095 337 admoneantur
1105 328 1116 345 ‚
1138 299 1218 348 ejus
1212 300 1320 337 modi
1331 299 1612 337 inventionibus
1623 298 1732 336 sabri-

137 356 263 394 candis
276 356 476 406 advigilare
488 365 678 407 oportere.

192 414 278 450 Erat
290 413 392 448 enim
406 413 460 448 vir
469 423 566 448 unus
578 414 684 457 cujus
694 423 800 449 aures
813 414 981 462 ingentes
993 412 1187 451 extabant,
1211 423 1324 461 quern
1336 413 1433 448 circa
1445 410 1522 448 duae
1540 409 1730 447 adstabant
1743 414 1852 441 Culum

135 469 305 505 mulieres
319 466 473 512 Inscitia,
486 470 522 505 ὃς
536 467 715 518 Suspicio.
729 469 834 506 Parte
847 469 916 504 alia
926 466 999 516 ipsa
1012 467 1212 505 Calumnia
1222 469 1437 511 adventans,
1447 466 1638 504 cuiforma
1649 466 1787 532 niu-52
1802 456 1843 522 ᾗ

137 524 294 560 lierculae
304 523 492 573 speciosae,
513 522 571 560 sed
583 536 662 572 quac
674 522 753 574 ipso
764 525 870 561 vultu
881 523 991 560 nimis
1004 523 1136 560 callere
1148 523 1223 560 astu
1233 523 1315 561 vide
1324 523 1449 560 batur:
1471 521 1733 560 manuiinistra
1753 516 1761 523 ”
1787 504 1800 534 p
1827 515 1845 522 ⁹⁴

134 580 256 617 facem
266 578 459 615 accensam
471 589 620 615 tenens:
640 581 753 616 altera
772 590 862 615 vero
876 590 989 615 manu
1008 590 1074 629 per
1094 580 1252 630 capillos
1269 579 1417 616 trahens
1439 577 1729 618 adolescentem,

137 637 201 684 qui
211 646 339 672 manus
351 633 395 671 ad
407 635 554 671 coelum
565 635 696 672 tendit.
727 636 892 683 Duxque
912 634 1019 680 hujus
1037 634 1087 671 est
1099 636 1151 672 vir
1170 635 1323 684 quidam
1335 636 1475 685 pallore
1486 635 1647 674 oblitus,
1670 635 1735 671 de-

136 691 270 728 formis
283 720 292 734 ‚
313 693 407 727 truci
426 689 593 739 aspectu,
617 702 734 738 quem
753 691 888 726 merito
908 701 1104 739 compares
1122 690 1197 732 his,
1219 702 1316 739 quos
1335 693 1372 727 in
1383 693 1462 728 acie
1483 692 1616 740 longus
1630 690 1735 727 labor

138 746 358 784 confecerit.
370 746 469 782 hunc
480 747 548 782 effe
568 746 761 788 Livorem‚
777 747 913 781 merito
925 745 1064 780 dixere.
1096 746 1191 783 Sunt
1208 746 1245 782 &
1257 747 1333 782 aliae
1346 747 1428 785 duae
1448 747 1657 784 Calumniae
1670 758 1735 783 co-

138 804 249 840 mites
263 797 432 839 mulie'rcs
445 830 454 844 ‚
477 811 694 837 ornamenta
713 800 877 836 dominae
898 810 1198 848 componentes,
1215 800 1356 838 Inlidiae
1374 802 1410 838 δε
1425 803 1546 839 Fraus.
1577 801 1660 838 Post
1673 803 1737 839 has

139 858 241 908 pulla
252 857 288 894 &
298 854 540 893 sordidissima
563 855 661 893 veste
671 865 800 906 operta
813 885 822 899 ‚
832 854 900 892 sese
911 856 1104 900 dilanians,
1126 855 1235 896 adest,
1251 856 1491 894 Poenitentia,
1507 861 1680 908 proxime
1689 857 1739 894 se-

141 924 283 963 quente
293 913 430 963 pudica
441 914 478 949 Sc
492 912 702 949 verecunda
713 912 891 950 Veritate.
924 912 1019 964 Qrae
1031 912 1138 961 plane
1150 911 1297 948 historia
1310 938 1318 953 ‚
1341 912 1482 949 etiamsi
1503 913 1592 949 dum
1610 915 1740 951 recita*

139 981 198 1007 tur
210 971 358 1006 animos
370 978 483 1005 tenet.
499 978 680 1017 quantum
692 967 815 1005 censes
825 980 909 1004 eam
923 969 1046 1016 gratiae
1059 970 1095 1004 ἃ
1107 969 1336 1004 amoenitatis
1349 980 1393 1004 cx
1416 968 1488 1018 ipsa
1507 968 1646 1017 pkiura
1665 969 1740 1004 cxi-

140 1027 206 1062 mii
220 1025 390 1075 pistoris,
410 1023 629 1061 exhibuill'e?
653 1025 754 1077 Qid
766 1034 838 1060 tres
854 1024 1138 1068 illaejuvenculae
1161 1022 1306 1060 sorores
1319 1052 1328 1067 ‚
1347 1024 1482 1072 quibus
1496 1024 1741 1060 Exiodusim-

138 1079 260 1132 posuit
270 1080 443 1117 nomina:
470 1079 602 1129 Aglaia
614 1106 622 1119 ‚
640 1079 893 1129 Euphrosyne,
905 1089 1017 1128 atque
1030 1078 1184 1117 Thalia,
1200 1092 1288 1128 quas
1301 1080 1452 1129 pinxere
1464 1081 1634 1130 implexis
1647 1081 1741 1116 inter

139 1136 174 1173 se
189 1136 374 1180 manibus,
387 1135 546 1172 ridentes
559 1165 568 1180 ‚
588 1134 708 1172 soluta
721 1135 756 1171 S<
771 1135 960 1186 perlucida
976 1133 1075 1173 veste
1086 1144 1245 1172 ornatas.
1261 1136 1315 1171 Ex
1335 1136 1468 1183 quibus
1480 1136 1740 1172 liberalitatem

139 1191 430 1229 demonstratam
444 1190 512 1228 ess'e
524 1192 694 1228 voluere:
719 1191 824 1240 quod
837 1203 906 1227 una
925 1191 1099 1228 sororum
1112 1190 1176 1228 det
1189 1221 1197 1233 ,
1218 1191 1286 1228 alia
1298 1193 1455 1241 accipiat
1465 1221 1475 1236 ‚
1496 1193 1601 1228 tertia
1611 1191 1740 1228 reddat

140 1247 381 1286 beneficium.
413 1248 490 1300 Qi
511 1248 665 1296 quidem
685 1247 834 1296 gradus,
854 1248 1011 1284 inomni
1031 1245 1190 1296 perfeeta
1202 1247 1415 1284 liberalitate
1430 1276 1438 1291 ‚
1458 1247 1573 1284 adess‘e
1587 1247 1739 1284 debent.

139 1304 256 1342 Vides
275 1316 390 1352 quam
410 1303 618 1345 huiusmodi
638 1305 790 1341 inventa
810 1314 985 1352 magnam
1004 1302 1135 1339 artifici
1156 1303 1303 1340 laudem
1322 1303 1569 1353 comparent?
1591 1302 1740 1340 Idcirco

140 1359 191 1397 sic
205 1359 363 1396 consulo
376 1388 385 1403 ‚
406 1359 539 1396 Po'etis
560 1371 671 1408 atque
689 1359 896 1396 rhetoribus
908 1387 917 1403 ,
940 1359 1152 1408 caeterisque
1171 1359 1291 1396 dostis
1309 1359 1518 1398 literarum,
1541 1357 1610 1395 sese
1622 1359 1742 1408 pistor

140 1414 319 1453 studiosus
338 1415 558 1452 familiarem
580 1426 692 1464 atque
712 1415 942 1452 benevolum
960 1415 1083 1452 dedat.
1117 1414 1219 1452 Nam
1232 1415 1277 1452 ab
1289 1413 1744 1463 ejusmodieruditisinge-

140 1473 210 1508 niis
223 1500 232 1515 ,
250 1483 341 1508 cum
351 1481 572 1509 ornamenta
584 1473 743 1522 accipiet
756 1472 919 1522 optima,
943 1481 1028 1507 turn
1039 1472 1078 1507 in
1090 1471 1144 1508 his
1166 1470 1339 1520 profesto
1353 1470 1632 1509 inventionibus
1644 1472 1744 1516 juva-

142 1527 241 1564 bitur
253 1555 263 1571 ,
283 1528 413 1576 quaein
425 1528 654 1577 pffituranon
672 1528 841 1565 ultimam
858 1524 1083 1563 sibilaudem
1103 1526 1314 1564 vendicent.
1347 1525 1492 1564 Phidias
1513 1527 1678 1576 egregius
1690 1526 1743 1576 pi-

141 1583 224 1621 &or
236 1612 246 1628 ‚
257 1582 442 1620 fatebatur
454 1612 463 1627 ‚
476 1582 510 1621 se
521 1584 566 1622 ab
591 1583 765 1621 Homero
779 1581 938 1619 didicisse
952 1608 959 1621 ‚
973 1594 1046 1631 qua
1058 1581 1290 1633 potiffimum
1312 1582 1499 1629 majestate
1518 1580 1649 1636 jovem
1661 1583 1743 1634 pin-

143 1650 257 1689 geret.
288 1639 436 1676 Nostris
449 1668 458 1683 ‚
480 1639 530 1677 fic
539 1639 712 1678 arbitror,
736 1652 805 1676 nos
816 1643 929 1677 etiam
940 1640 1067 1676 Poetis
1079 1637 1259 1688 legendis,
1272 1640 1308 1676 ὅτ
1324 1637 1556 1689 copiosiores
1567 1640 1604 1676 ὃ(
1615 1648 1745 1676 emen-

143 1695 306 1733 datiores
325 1694 471 1732 futuros
484 1725 493 1739 ‚
516 1696 636 1733 modo
658 1695 818 1733 discendi
837 1693 1075 1733 studiofiores
1092 1694 1273 1732 fuerimus
1288 1720 1296 1734 ‚
1319 1706 1432 1744 quam
1451 1695 1552 1731 lucri.
1584 1694 1655 1730 Sed
1668 1694 1744 1744 plen

143 1762 288 1800 runque
300 1762 379 1788 non
392 1753 516 1788 minus
528 1750 730 1790 studiosos,
756 1763 867 1801 quam
880 1751 1040 1800 cupidos
1052 1777 1060 1789 ,
1084 1750 1190 1800 quod
1199 1752 1299 1788 viam
1313 1749 1559 1800 perdiscenda:
1571 1750 1623 1786 rei
1635 1750 1747 1798 igno-

143 1818 225 1844 rent
237 1835 246 1849 ‚
269 1808 386 1855 mauis
398 1820 511 1857 quam
523 1806 686 1845 discendi
697 1807 803 1844 labor
815 1807 959 1855 frangit.
991 1806 1139 1844 Idcirco
1149 1818 1317 1856 quonam
1336 1807 1444 1857 paeto
1455 1808 1493 1843 in
1504 1805 1571 1843 hac
1582 1816 1659 1842 arte
1671 1816 1746 1841 nos

145 1863 312 1900 eruditos
329 1862 409 1899 fieri
429 1874 622 1913 oporteat,
645 1863 849 1901 ordiamur.
881 1864 1011 1913 Caput
1033 1861 1091 1900 sit:
1115 1874 1249 1900 omnes
1269 1861 1431 1900 discendi
1450 1862 1582 1910 gradus
1608 1861 1652 1897 ab
1672 1861 1746 1911 ipsa

146 1928 274 1955 natura
286 1918 353 1955 effe
364 1920 558 1970 petendOS.
589 1919 690 1957 Artis
708 1931 799 1957 vcro
812 1919 1045 1970 perficiendae
1063 1919 1158 1955 ratio
1177 1918 1365 1967 diligentia
1377 1947 1387 1962 ‚
1411 1916 1531 1953 studio
1549 1919 1587 1954 &
1606 1914 1746 1953 assidui-

144 1984 218 2011 tate
230 1985 480 2025 comparetur.
513 1975 640 2012 Velim
653 1975 807 2024 quidem
818 1987 883 2012 eos
896 1975 959 2024 qui
971 1974 1146 2024 pingendi
1157 1983 1275 2011 artem
1286 1972 1556 2022 ingrediuntur,
1572 1972 1609 2008 id
1621 1983 1744 2019 agere,

147 2029 251 2078 quod
262 2031 358 2079 apud
369 2029 550 2069 scribendi
562 2031 797 2068 instruiloroe
817 2030 1001 2068 observari
1012 2029 1134 2066 video.
1166 2030 1266 2066 Nam
1277 2029 1330 2066 illi
1341 2029 1493 2077 quidem
1503 2029 1602 2078 prius
1612 2038 1747 2063 omnes

149 2085 427 2122 elementorum
445 2083 670 2123 characteres
690 2086 884 2138 separatim
897 2085 1071 2123 edocent.
1101 2085 1233 2122 Postea
1245 2096 1335 2122 veto
1348 2084 1514 2131 lyllabas,
1540 2092 1653 2131 atque
1665 2080 1746 2119 sub-

149 2140 236 2177 inde
246 2137 428 2177 dictiones
446 2152 678 2191 componere
688 2142 878 2178 instruunt.
901 2141 1009 2177 Hanc
1020 2152 1112 2188 ergo
1125 2142 1310 2177 rationem
1323 2141 1360 2177 ὅ(
1373 2139 1484 2175 nostri
1504 2139 1542 2173 in
1554 2138 1747 2187 pingendo

150 2194 357 2244 sequantur.
387 2196 514 2232 Primo
535 2196 717 2233 ambitum
729 2192 1004 2245 superficierum
1018 2224 1027 2240 ‚
1047 2194 1148 2243 quasi
1164 2196 1310 2245 pictura:
1328 2196 1511 2232 elementa
1523 2222 1532 2237 ‚
1554 2196 1684 2231 tum&
1697 2192 1748 2230 su-

150 2251 386 2302 perficierum
407 2263 626 2296 connexus,
655 2251 790 2287 dehinc
811 2250 1074 2288 membrorum
1096 2252 1272 2287 omnium
1292 2250 1434 2287 formas
1457 2279 1467 2294 ,
1490 2248 1653 2286 distinete
1673 2250 1750 2286 edi-

150 2307 253 2345 scant
264 2336 273 2351 ‚
292 2307 497 2356 omnesque
515 2319 595 2355 quae
606 2309 642 2344 in
655 2307 833 2344 membri<
846 2304 984 2357 poffint
995 2306 1062 2343 effe
1082 2304 1302 2343 differentias
1314 2333 1322 2348 ,
1348 2307 1540 2344 memoriae
1552 2317 1752 2343 commen-

152 2364 252 2401 dent.
284 2364 386 2400 Nam
398 2362 476 2400 sunt
486 2364 553 2399 illae
565 2363 718 2412 quidem
730 2375 855 2412 neque
867 2363 1028 2400 modicae
1048 2374 1169 2411 neque
1181 2374 1259 2399 non
1276 2362 1448 2412 insignes.
1482 2361 1654 2399 Aderunt
1666 2364 1747 2410 qui-

153 2421 222 2457 bus
242 2418 285 2455 sit
303 2419 403 2457 nasus
422 2417 610 2468 gibbosus.
645 2421 761 2457 Erunt
779 2421 842 2468 qui
862 2430 990 2468 gerant
1008 2418 1115 2455 fimas
1138 2430 1261 2457 nares,
1284 2431 1475 2463 recurvas,
1495 2417 1661 2468 patulas:
1687 2418 1748 2454 alii

155 2475 295 2512 buccas
306 2475 460 2513 fluentes
471 2476 667 2525 porrigunt
681 2489 688 2512 :
712 2476 806 2512 alios
818 2476 1003 2513 labiorum
1013 2475 1197 2524 gracilitas
1209 2485 1318 2512 ornat
1329 2505 1338 2520 ‚
1350 2487 1392 2512 ac
1404 2476 1579 2523 deinceps
1592 2484 1749 2522 quaeque

156 2531 329 2571 membra
340 2532 477 2580 aliquid
500 2531 892 2582 praecipuumhabent‚
914 2531 1121 2580 quodcum
1139 2532 1220 2582 plus
1232 2542 1297 2569 aut
1317 2532 1443 2569 minus
1464 2529 1639 2573 adfuerit,
1660 2540 1752 2566 tunc

156 2589 281 2626 multo
291 2597 417 2624 totum
438 2587 654 2626 membrum
665 2589 788 2624 variet.
822 2588 1043 2639 Qinetiam
1060 2586 1230 2624 videmus
1243 2597 1285 2625 ut
1297 2588 1428 2624 eadem
1448 2585 1620 2623 membra
1633 2587 1754 2635 pueris

156 2645 270 2682 nobis
279 2643 438 2681 rotunda
450 2672 459 2687 ‚
474 2643 509 2680 &
519 2653 559 2680 ut
571 2645 620 2680 ita
633 2644 768 2685 dicam,
781 2653 924 2681 tornata
934 2653 1044 2692 atque
1056 2644 1161 2687 levia,
1175 2645 1290 2681 aetatis
1301 2655 1391 2680 vero
1404 2640 1550 2679 accessu
1560 2640 1753 2691 asperiora,

158 2699 416 2738 &admodum
429 2700 599 2748 angulata
611 2698 689 2736 sint.
726 2699 816 2736 Haec
827 2701 938 2750 igitur
958 2701 1088 2737 omnia
1101 2700 1246 2749 pieturae
1265 2698 1446 2737 studiosus
1458 2728 1468 2743 ‚
1487 2696 1616 2747 abipsa
1627 2707 1753 2735 natura

159 2758 341 2807 accipiet,
363 2767 407 2793 ac
418 2754 542 2792 secum
554 2755 626 2806 ipse
636 2753 774 2792 alliduo
795 2755 1053 2795 meditabitur,
1076 2766 1245 2805 quonam
1257 2756 1535 2805 pafitoquaeque
1545 2763 1691 2791 extent:
1713 2755 1756 2790 In

161 2824 281 2861 eaque
298 2812 582 2861 investigatione
604 2814 791 2848 continuo
805 2813 921 2849 oculis
934 2814 971 2849 ὅ(
985 2822 1111 2849 mente
1122 2810 1292 2862 persistet.
1323 2811 1508 2862 Spestabit
1520 2820 1687 2858 namque
1708 2808 1755 2845 se-

161 2868 283 2906 dentis
294 2869 483 2918 gremium
497 2898 507 2913 ,
527 2870 565 2905 &
584 2868 690 2905 tibias
702 2897 711 2911 ,
734 2878 774 2905 ut
785 2868 895 2905 dulce
907 2871 945 2905 in
963 2867 1364 2917 proclivumlabantur.
1396 2866 1555 2905 Notabit
1577 2864 1696 2902 stantis
1707 2865 1756 2900 fa-

163 2924 263 2962 ciem
282 2934 406 2963 totam
419 2953 431 2970 ‚
450 2934 561 2975 atque
579 2924 847 2963 habitudinem.
878 2925 1056 2974 Denique
1074 2924 1173 2962 nulla
1197 2925 1265 2961 erit
1282 2935 1361 2977 pars
1374 2950 1382 2965 ,
1408 2925 1514 2973 cujus
1535 2920 1701 2959 officium
1718 2920 1755 2956 Sc

1130 2977 1156 3016 d
1186 2991 1208 3014 2
1608 2975 1760 3014 svmme-
