2023 3162
323 86 796 126 Vocassvtonvii
864 86 1414 128 Vri-izuvmnonvm.
1624 103 1689 138 135

682 153 782 190 Furit
797 153 948 204 immissu
960 153 1127 191 Vulcanus
1138 151 1275 192 habenis·

387 208 547 258 Transtra
553 220 618 258 per
626 203 669 247 ὦ*
679 222 787 246 remos
799 238 808 252 ,
827 208 869 253 όν
875 212 990 262 ρι’ἑῖιις
1000 207 1106 246 abiete
1107 220 1249 263 puppes.

107 264 203 313 Sunt
215 274 342 304 autem
355 263 489 302 tabulae
499 264 592 313 ipsse,
604 265 777 309 trabef‘x'e,
795 266 832 302 in
844 266 1054 303 triremibus
1072 266 1283 307 transversae,
1296 267 1318 303 s
1311 277 1399 318 uper
1408 276 1497 315 quas
1507 266 1570 318 ipsi
1581 271 1691 306 remi-

111 334 175 372 ges
186 319 309 358 sedent
319 322 530 370 caduntque
541 322 756 370 remigando
767 350 777 366 ‚
797 322 893 358 unde
915 318 1079 371 confidere
1095 321 1250 372 transtris
1260 323 1357 374 apud
1368 321 1539 360 eundem.
1568 324 1628 360 De
1638 323 1692 360 his

112 376 203 415 nihil
217 377 419 414 Vitruvius.
451 377 638 415 Caeterum
648 376 693 414 dc
707 377 773 417 his,
789 377 832 413 de
844 375 975 425 quibus
986 377 1128 425 agimus
1138 404 1146 417 ‚
1169 381 1219 415 ita
1229 378 1441 416 Philander:
1461 375 1584 414 Trabes
1584 375 1691 429 stcsti-

110 441 229 469 nentes
240 431 408 485 capreolos
419 456 428 470 ‚
448 429 781 483 dzcunturtr.173s2ra.
811 432 983 470 Barbarus
994 444 1104 471 vero:
1125 437 1159 470 T
1154 433 1289 481 ranstra
1304 431 1383 483 fient
1400 430 1603 485 tranfiaerfie
1623 444 1692 471 tra-

110 485 166 525 bes
178 517 189 532 ,
201 496 324 524 catenae
334 486 440 539 vulgo
447 484 620 527 dicuntur,
632 497 733 539 atque
741 485 1138 539 ill.efi172t,sttperquibus
1148 487 1258 526 trabes
1269 480 1453 541 fflt'cfilmt-
1484 489 1626 528 Clarius
1638 489 1691 527 di-

111 543 211 582 xiss'et
223 541 326 593 super
344 543 475 591 quibus
496 544 646 579 canterii
664 543 772 592 quies
767 554 855 580 cunt
866 572 876 587 ,
894 541 1005 579 nostri
1016 541 1139 594 planas
1157 546 1338 595 appellant
1348 571 1369 596 ,a
1379 556 1458 593 quae
1477 557 1552 582 vox
1571 545 1691 584 trabes

110 601 187 636 illas
204 599 248 636 ab
265 598 460 636 arrectariis
478 598 673 647 distinguit.
692 600 793 636 Tota
809 598 967 635 trabium
988 599 1082 636 tecta
1103 599 1354 638 sustinentium
1375 600 1603 650 compofitio
1615 630 1625 646 ,
1643 601 1690 639 ad

111 654 280 703 trianguli
299 654 509 702 aequicruris
528 653 689 690 formam
700 653 876 703 redigitur
885 682 895 697 ‚
917 655 953 690 in
964 665 1035 702 qua
1048 654 1138 691 basis
1160 656 1374 695 transtrum,
1398 667 1504 693 crura
1525 659 1689 701 canterii,

112 710 277 747 cathetus
295 721 387 747 vero
406 708 636 746 arrestarium
648 735 656 748 ‚
681 709 787 757 quod
805 707 923 758 ipsum
943 710 1119 746 columen
1136 711 1292 749 sustinet.
1324 713 1441 765 Qod
1459 722 1582 749 autem
1600 713 1691 750 dixit

110 765 302 803 Philander
313 763 473 800 secundo
484 764 589 808 loco,
612 763 768 801 transtris
779 765 976 815 capreolos
988 763 1158 807 sustineri,
1171 778 1362 817 perperam
1374 766 1478 814 dixir3
1492 768 1692 805 arrestarijs

111 824 224 859 enim,
239 832 315 857 non
326 819 492 864 transtris,
502 820 719 856 innituntur.
735 819 772 855 Si
782 821 884 855 enim
896 818 1050 856 transtris
1059 818 1267 864 inriderent,
1277 821 1468 870 fatigarent
1478 823 1538 859 illa
1549 823 1584 860 8<
1596 824 1691 860 fran-

112 885 254 927 gerent.
286 875 351 912 Ad
360 875 435 912 haec
445 875 651 912 notandum
664 903 674 918 ,
685 876 722 911 in
735 873 896 911 aedificiis
908 887 989 911 non
998 884 1142 921 tanturn
1154 876 1272 913 trabes
1285 878 1469 913 canterios
1480 876 1691 916 sustinentes

112 935 150 970 δε
161 933 258 970 tecto
268 930 470 970 servientes,
483 930 557 966 diei
567 929 725 974 transtra,
735 928 793 967 sed
804 931 928 967 &illas
938 941 1070 967 omnes
1083 959 1092 974 ‚
1110 943 1195 980 quae
1207 930 1226 967 a
1237 932 1373 983 pariete
1384 933 1422 967 in
1434 934 1608 980 parietem
1619 964 1630 979 ‚
1651 944 1691 971 ut

113 987 259 1025 dicebat
270 986 409 1030 Festus,
425 985 602 1036 porrectae
615 1012 623 1025 ,
647 986 947 1034 contignationes
958 985 1138 1023 sustinent.
1168 989 1206 1024 ln
1219 986 1398 1024 machinis
1417 999 1570 1037 quoque
1582 989 1693 1026 trans-

112 1043 269 1082 versaria:
280 1041 397 1078 trabes
409 1051 619 1090 utcunque,
643 1040 703 1078 seu
712 1041 758 1078 ad
770 1040 881 1077 basim
896 1070 905 1085 ‚
926 1042 1107 1078 seuctiani
1119 1043 1164 1079 ad
1175 1043 1266 1080 tetta
1278 1044 1520 1092 pertinerent,
1542 1044 1692 1081 transtra

112 1099 337 1137 dicebantur.
368 1098 425 1134 Ita
437 1099 538 1134 enim
559 1097 699 1134 Vitruv.
713 1108 901 1146 exponens
923 1097 1121 1146 Hegetoris
1141 1098 1308 1147 Byzantii
1327 1098 1544 1136 testudinem
1555 1100 1617 1137 lib.
1632 1112 1646 1136 1
1655 1113 1692 1138 o.

113 1167 194 1205 cap.
208 1165 269 1190 20.
281 1150 444 1204 Itaficpra
453 1151 681 1199 transtrorum
687 1151 868 1204 planitiem
878 1151 1058 1203 quaefitpra
1066 1148 1105 1188 ba
1118 1168 1167 1190 tm
1197 1162 1336 1198 nerant,
1350 1152 1453 1205 postes
1464 1163 1565 1190 erant
1574 1155 1691 1200 ενσὲῗί,

113 1209 184 1254 &a
215 1208 422 1248 Vocabulo
434 1210 637 1246 imminuto
649 1219 716 1257 pro
728 1207 922 1244 trabeculis
936 1207 1019 1245 usus
1031 1206 1080 1244 est
1091 1211 1200 1247 etiam
1215 1208 1567 1248 Au&ornoster1.v.
1582 1222 1613 1246 c.
1632 1222 1645 1246 1
1658 1222 1671 1246 1
1682 1239 1690 1246 .

112 1257 246 1305 Deinde
254 1266 347 1300 inter
357 1275 413 1299 eas·
423 1276 466 1300 ex
475 1261 648 1312 transttllbs
658 1260 806 1313 mferzor
809 1273 890 1315 pars
897 1259 966 1312 stab
975 1276 1060 1315 aqua
1070 1264 1276 1318 exaequanda
1288 1263 1330 1309 &¹
1343 1263 1539 1316 purganda.
1570 1266 1693 1302 Tran-

114 1321 182 1358 stra
193 1321 311 1357 Graeci
324 1314 417 1371 ζυΓοὲ,
428 1319 465 1356 id
476 1318 524 1356 est
535 1347 546 1364 ,
568 1321 653 1368 juga
670 1319 854 1370 appellant
866 1348 877 1365 ‚
896 1319 1391 1370 Germanigiverdnmttfeulid
1402 1319 1449 1357 est
1461 1349 1471 1365 ‚
1488 1320 1692 1360 transversa-

114 1378 182 1413 rias
194 1375 324 1412 trabes.

172 1433 208 1468 T
220 1446 241 1468 R
255 1445 264 1468 1
278 1445 296 1468 Β
308 1443 331 1468 ν
341 1444 368 1475 ,Ν
379 1436 403 1468 A
415 1446 446 1469 ι.
475 1431 558 1469 Lib.
574 1444 629 1471 1V.
642 1444 720 1483 cap.
735 1446 768 1477 7.
802 1430 978 1485 Qaessne
987 1431 1166 1482 cellafiunt
1177 1461 1186 1477 ‚
1197 1427 1354 1468 tribunal
1359 1429 1482 1470 habent
1495 1458 1502 1471 ,
1527 1424 1571 1470 ὦ
1582 1430 1694 1483 ascen-

104 1484 199 1538 fimz,
214 1484 329 1537 exfiaae
338 1485 496 1523 diametri
502 1485 606 1525 'tertia
608 1498 720 1539 parte.
741 1489 828 1525 Bald
834 1501 874 1526 us
886 1504 893 1525 z
906 1489 1096 1537 Loquitur
1105 1488 1150 1525 de
1162 1488 1328 1525 rotundis
1340 1489 1476 1526 aedibus
1490 1498 1692 1538 monopte-

114 1545 173 1580 ris‚
189 1555 272 1591 qua:
283 1541 356 1579 fine
368 1544 459 1579 cella
468 1542 576 1581 fiunt.
609 1544 715 1596 Qid
726 1556 796 1593 pro
806 1544 981 1581 tribunali
991 1544 1066 1581 hoc
1078 1545 1168 1581 loco
1178 1544 1471 1592 intelligendum,
1485 1556 1562 1580 non
1573 1544 1694 1581 decla-

113 1608 168 1635 rat
179 1598 383 1636 Philander.
391 1598 456 1636 Ait
466 1599 641 1636 Barbarus
650 1603 687 1637 in
700 1598 775 1637 haec
787 1601 896 1638 verba
907 1613 913 1636 :
927 1605 960 1637 T
955 1597 1094 1636 ribunal
1100 1596 1152 1636 hic
1163 1598 1310 1650 intellzgo
1318 1597 1536 1635 altitudinem
1543 1595 1698 1637 illamad

115 1667 218 1707 quam
221 1666 286 1706 per
297 1652 427 1707 grades
435 1653 638 1705 ascenditur.
668 1656 849 1693 Tribunal
867 1657 991 1705 itaque
1009 1656 1157 1705 aceepit
1168 1666 1237 1705 pro
1257 1653 1330 1703 ipsa
1350 1656 1480 1706 templi
1490 1654 1510 1691 a
1522 1654 1602 1692 solo
1623 1655 1699 1691 ela-

114 1713 229 1747 tione.
261 1710 347 1747 Hoc
359 1708 460 1747 enirn
468 1711 661 1749 vocabulo
673 1713 794 1760 quivis
802 1713 910 1749 locus
921 1711 1082 1748 excelsus
1094 1710 1191 1760 apud
1201 1710 1357 1748 Latinos
1367 1710 1576 1747 dicebatur.
1599 1709 1697 1746 unde

115 1768 154 1803 δ(
168 1765 340 1816 cespititia
349 1765 550 1803 tribunalia,
572 1779 651 1813 quae
662 1768 796 1804 milites
809 1765 829 1804 ὲ
844 1767 1037 1817 cespitibus
1046 1765 1129 1816 ipsis
1147 1767 1430 1815 imperatoribus
1448 1766 1697 1803 collocuturis

115 1821 335 1859 excitabant.
367 1823 452 1875 Qa
467 1822 559 1859 dere
571 1822 667 1859 Plin.
682 1824 718 1858 in
728 1834 897 1872 panegyr.
926 1828 1055 1859 Decora
1064 1819 1176 1872 faeles
1190 1818 1352 1872 Consulis.
1372 1819 1482 1858 multa
1492 1823 1568 1873 possi
1578 1818 1699 1870 secula

113 1874 270 1913 tribunal
275 1877 385 1912 viridi
394 1878 507 1927 cespite
517 1877 729 1916 extrm‘ium.
749 1879 936 1916 Caeterum
948 1878 992 1915 de
1003 1877 1176 1914 tribunali
1186 1877 1365 1921 Praetoris,
1376 1876 1561 1923 iudicine,
1575 1876 1698 1924 loqui-

117 1941 175 1969 tur
185 1932 315 1970 auctor
325 1932 446 1970 noster
457 1934 519 1970 lib.
531 1944 566 1970 v.
580 1945 658 1984 cap.
680 1946 709 1969 1.
733 1934 796 1971 ubi
806 1934 851 1971 de
872 1933 1043 1970 Basilicis.
1074 1932 1236 1970 Abunde
1247 1944 1398 1981 quoque
1420 1931 1573 1968 Budaeus
1583 1932 1621 1967 in
1633 1943 1698 1968 an-

116 1998 195 2025 not.
209 1989 246 2024 in
267 1987 436 2026 Pande&
450 2001 494 2025 ex
505 1989 527 2024 l.
541 1991 649 2038 prim.
662 1988 706 2024 de
718 1989 875 2034 judiciis.
906 1990 991 2025 Erat
1008 1988 1044 2024 &
1056 1987 1214 2024 tribunal
1232 1986 1430 2025 theatrale,
1452 1986 1497 2022 de
1508 1998 1586 2035 quo
1600 1986 1695 2023 Vitr.

116 2043 216 2081 lib.v.
228 2055 351 2093 cap.7.
367 2045 427 2081 De
440 2043 492 2080 his
505 2042 648 2093 Lipsius
659 2044 696 2080 in
709 2043 962 2093 Amphitheat.
975 2055 1053 2093 cap.
1068 2054 1082 2078 1
1097 2055 1127 2079 1.
1156 2047 1242 2079 Erat
1253 2038 1567 2093 autemficggcstnm
1578 2070 1589 2085 ,
1607 2039 1698 2077 unde

115 2096 225 2134 editor
233 2095 472 2146 ludorumstve
480 2096 785 2150 Pr.et0rspec7abat.
816 2098 908 2136 Vnde
918 2097 961 2143 <sy
970 2102 1121 2135 Fra-toris
1131 2095 1288 2134 tribunal
1293 2094 1318 2133 ὰ
1328 2098 1488 2133 Suetonio
1498 2097 1535 2131 in
1548 2102 1650 2147 Augu
1680 2109 1697 2130 0

117 2151 254 2189 dicitur.
283 2152 455 2199 Haeeille.
471 2153 542 2190 Sed
552 2165 632 2189 non
640 2155 782 2191 videtur
792 2154 968 2191 Barbarus
978 2152 1187 2190 intellexisse
1199 2164 1266 2201 pro
1277 2151 1349 2201 ipsa
1360 2152 1491 2200 templi
1501 2150 1520 2185 ὁ
1533 2150 1611 2186 solo
1626 2151 1697 2186 ela-

118 2210 224 2246 tione
235 2223 243 2249 3
266 2219 354 2244 nam
364 2207 438 2244 hoc
449 2208 610 2244 tribunal
619 2207 778 2245 Vitruvii
789 2210 827 2244 in
839 2209 916 2258 ipso
927 2209 1072 2256 templo
1083 2207 1151 2243 fuit
1162 2235 1171 2249 ‚
1190 2207 1294 2243 instar
1306 2218 1391 2242 arae.
1416 2217 1503 2242 nam
1513 2207 1550 2242 &
1563 2217 1620 2243 eas
1630 2218 1698 2242 oc-

119 2263 308 2314 cupabant
316 2274 385 2312 pro
395 2261 586 2301 tribunali,
605 2264 669 2311 qui
679 2263 723 2299 ad
733 2264 917 2313 populum
927 2257 1114 2299 dicebant.
1138 2259 1252 2298 Unde
1264 2261 1418 2298 Tertull.
1426 2260 1471 2296 de
1482 2260 1598 2298 Pallio
1610 2262 1697 2298 :·So-

120 2320 183 2357 leo
193 2318 237 2357 de
249 2317 412 2367 qualibet
423 2319 586 2366 margine
596 2318 656 2354 vel
665 2328 723 2354 ara
735 2317 930 2354 medicinas
947 2316 1115 2354 moribus
1126 2315 1258 2354 dicere.
1289 2316 1385 2355 Vide
1406 2316 1538 2353 Claud.
1549 2316 1697 2354 Salmas.

120 2376 158 2412 in
171 2375 267 2412 notis
279 2373 324 2410 ad
335 2375 491 2410 Tertull.
504 2372 548 2408 de
561 2372 680 2409 Pallio
693 2383 773 2424 pag.
789 2380 878 2418 396.
893 2372 929 2409 &
940 2371 1039 2421 seqq.

179 2432 490 2467 TRICHALCA.
521 2427 916 2465 VichienALcA.
1068 2454 1070 2456 ψ

136 2530 139 2533 η
177 2486 213 2521 Τ
228 2499 249 2522 a
263 2498 273 2521 1
287 2498 309 2522 c
322 2499 342 2521 L
356 2497 367 2521 1
381 2497 406 2520 N
420 2498 430 2522 1
445 2496 469 2520 v
479 2497 519 2521 M.
550 2482 632 2519 Lib.
650 2495 704 2519 1v.
719 2495 797 2533 cap.
815 2495 845 2525 5.
878 2481 1118 2519 Tricliniorum
1128 2490 1253 2534 quanta
1263 2480 1405 2520 latitudo
1412 2481 1536 2535 fuerit.
1551 2481 1697 2520 Baldus:

121 2541 344 2579 Triclinium
355 2540 525 2577 Graecam
536 2538 604 2576 ess'c
616 2550 753 2575 vocem
766 2550 880 2576 nemo
891 2539 1034 2589 ignorat
1046 2567 1054 2574 .
1076 2536 1246 2586 τξικλῐνιον
1255 2538 1394 2576 dicunt.
1425 2541 1462 2576 Si
1472 2550 1534 2588 per
1547 2538 1649 2574 usum
1659 2538 1700 2573 li-

122 2606 241 2635 ceret,
264 2606 488 2632 verteremus
498 2595 705 2631 trilcffium.
719 2594 737 2630 a
747 2594 860 2631 tribus
870 2596 979 2644 igitur
988 2594 1121 2634 natvm
1132 2623 1142 2640 ‚
1165 2593 1241 2631 hoc
1251 2593 1301 2632 est
1313 2621 1321 2634 ,
1345 2595 1444 2632 lestis
1455 2622 1466 2638 ,
1486 2592 1618 2631 fastum
1631 2604 1701 2630 no-

122 2664 222 2691 men.
254 2651 352 2688 Hine
363 2651 495 2687 Horat.
518 2662 530 2686 1
541 2679 549 2686 .
561 2651 680 2687 Scrm.
691 2652 765 2687 Sat.
780 2668 815 2698 4.

401 2711 489 2758 Saepe
496 2698 707 2744 tribuslec71'5
719 2703 839 2742 videas
847 2718 975 2743 coenare
986 2715 1175 2759 quaternos.

124 2766 169 2802 Et
177 2760 302 2816 Juven.
312 2763 385 2799 Sat.
399 2774 430 2807 5.

401 2817 518 2854 Tertia
529 2828 570 2853 ne
580 2829 690 2852 vacuo
701 2812 837 2865 ccffizret
848 2815 990 2853 culcitra
1002 2814 1095 2852 lem.

126 2873 322 2911 Philander
331 2874 466 2912 merito
478 2874 643 2910 Servium
655 2863 793 2921 sugillat
803 2872 854 2908 ita
865 2870 1083 2909 scribentem
1097 2885 1104 2908 :
1118 2871 1288 2923 Antiquos
1288 2868 1410 2919 stram
1420 2866 1529 2907 tribm
1538 2868 1631 2907 lestis
1642 2882 1704 2906 σιε-

128 2941 210 2966 nare
216 2927 332 2981 filitos
346 2943 356 2974 ·,
374 2941 557 2982 errareque
574 2940 625 2965 eos
637 2954 644 2968 ‚
666 2928 725 2986 qui
743 2926 936 2966 triclinium
954 2925 1070 2965 dicunt
1088 2923 1194 2979 ipsam
1211 2925 1384 2979 Bastlc'cam
1393 2934 1453 2964 ant
1471 2926 1702 2965 caenatz'omm.

1575 2979 1706 3018 Osten-
