<?xml version="1.0" encoding="UTF-8"?>
<!DOCTYPE html PUBLIC "-//W3C//DTD XHTML 1.0 Transitional//EN"
    "http://www.w3.org/TR/xhtml1/DTD/xhtml1-transitional.dtd">
<html xmlns="http://www.w3.org/1999/xhtml" xml:lang="en" lang="en">
 <head>
  <title>
</title>
<meta http-equiv="Content-Type" content="text/html;charset=utf-8" />
  <meta name='ocr-system' content='tesseract 3.04.00' />
  <meta name='ocr-capabilities' content='ocr_page ocr_carea ocr_par ocr_line ocrx_word'/>
</head>
<body>
  <div class='ocr_page' id='page_1' title='image "./vitruviipollioni00vitr_0540.png"; bbox 0 0 2023 3162; ppageno 0'>
   <div class='ocr_carea' id='block_1_1' title="bbox 284 21 1553 68">
    <p class='ocr_par' dir='ltr' id='par_1_1' title="bbox 284 21 1553 68">
     <span class='ocr_line' id='line_1_1' title="bbox 284 21 1553 68; baseline 0.006 -8"><span class='ocrx_word' id='word_1_1' title='bbox 284 28 335 65; x_wconf 78' lang='lat'>26</span> <span class='ocrx_word' id='word_1_2' title='bbox 623 21 823 63; x_wconf 70' lang='lat' dir='ltr'>Lizoms</span> <span class='ocrx_word' id='word_1_3' title='bbox 868 21 1138 63; x_wconf 70' lang='lat' dir='ltr'>BAPT1sTAE</span> <span class='ocrx_word' id='word_1_4' title='bbox 1184 34 1253 64; x_wconf 74' lang='lat' dir='ltr'>DE</span> <span class='ocrx_word' id='word_1_5' title='bbox 1298 26 1553 68; x_wconf 69' lang='lat' dir='ltr'>ALBER-ris</span> 
     </span>
    </p>
   </div>
   <div class='ocr_carea' id='block_1_2' title="bbox 285 90 1877 368">
    <p class='ocr_par' dir='ltr' id='par_1_2' title="bbox 285 90 1877 368">
     <span class='ocr_line' id='line_1_2' title="bbox 285 90 1877 148; baseline 0.007 -19"><span class='ocrx_word' id='word_1_6' title='bbox 285 93 419 143; x_wconf 88' lang='lat' dir='ltr'>ptione</span> <span class='ocrx_word' id='word_1_7' title='bbox 432 92 625 131; x_wconf 83' lang='lat' dir='ltr'>minorum</span> <span class='ocrx_word' id='word_1_8' title='bbox 646 93 682 130; x_wconf 64' lang='grc' dir='ltr'>ἃ</span> <span class='ocrx_word' id='word_1_9' title='bbox 703 95 892 139; x_wconf 82' lang='lat' dir='ltr'>majorum</span> <span class='ocrx_word' id='word_1_10' title='bbox 909 90 1196 141; x_wconf 86' lang='lat' dir='ltr'>superficierum.</span> <span class='ocrx_word' id='word_1_11' title='bbox 1226 93 1402 132; x_wconf 80' lang='lat' dir='ltr'><strong>Diximus</strong></span> <span class='ocrx_word' id='word_1_12' title='bbox 1412 96 1457 133; x_wconf 89' lang='lat' dir='ltr'>de</span> <span class='ocrx_word' id='word_1_13' title='bbox 1476 96 1753 148; x_wconf 75' lang='lat' dir='ltr'>compositione</span> <span class='ocrx_word' id='word_1_14' title='bbox 1762 110 1877 140; x_wconf 86' lang='lat' dir='ltr'>mem-</span> 
     </span>
     <span class='ocr_line' id='line_1_3' title="bbox 287 148 1877 205; baseline 0.013 -29"><span class='ocrx_word' id='word_1_15' title='bbox 287 150 461 186; x_wconf 60' lang='lat' dir='ltr'>brorum,</span> <span class='ocrx_word' id='word_1_16' title='bbox 486 161 600 199; x_wconf 84' lang='lat' dir='ltr'>atque·</span> <span class='ocrx_word' id='word_1_17' title='bbox 617 160 833 199; x_wconf 78' lang='lat' dir='ltr'>corporum.</span> <span class='ocrx_word' id='word_1_18' title='bbox 867 148 1043 185; x_wconf 84' lang='lat' dir='ltr'>Diximus</span> <span class='ocrx_word' id='word_1_19' title='bbox 1063 148 1108 185; x_wconf 89' lang='lat' dir='ltr'>de</span> <span class='ocrx_word' id='word_1_20' title='bbox 1121 149 1331 190; x_wconf 84' lang='lat' dir='ltr'>coloribus,</span> <span class='ocrx_word' id='word_1_21' title='bbox 1355 162 1540 200; x_wconf 87' lang='lat' dir='ltr'>quantum</span> <span class='ocrx_word' id='word_1_22' title='bbox 1550 153 1594 190; x_wconf 88' lang='lat' dir='ltr'>ad</span> <span class='ocrx_word' id='word_1_23' title='bbox 1615 156 1763 205; x_wconf 60' lang='lat' dir='ltr'>pictoris</span> <span class='ocrx_word' id='word_1_24' title='bbox 1773 156 1877 198; x_wconf 85' lang='lat' dir='ltr'>usum</span> 
     </span>
     <span class='ocr_line' id='line_1_4' title="bbox 343 204 1822 261; baseline 0.005 -21"><span class='ocrx_word' id='word_1_25' title='bbox 343 206 525 256; x_wconf 86' lang='lat' dir='ltr'>pertinere</span> <span class='ocrx_word' id='word_1_26' title='bbox 537 205 815 242; x_wconf 76' lang='lat' dir='ltr'>arbitrabamur.</span> <span class='ocrx_word' id='word_1_27' title='bbox 845 204 983 240; x_wconf 88' lang='lat' dir='ltr'>Omnis</span> <span class='ocrx_word' id='word_1_28' title='bbox 996 205 1105 252; x_wconf 88' lang='lat' dir='ltr'>igitur</span> <span class='ocrx_word' id='word_1_29' title='bbox 1115 204 1254 253; x_wconf 62' lang='lat' dir='ltr'>pictura</span> <span class='ocrx_word' id='word_1_30' title='bbox 1273 204 1294 240; x_wconf 77' lang='lat' dir='ltr'>a</span> <span class='ocrx_word' id='word_1_31' title='bbox 1314 207 1422 244; x_wconf 89' lang='lat' dir='ltr'>nobis</span> <span class='ocrx_word' id='word_1_32' title='bbox 1440 208 1603 258; x_wconf 86' lang='lat' dir='ltr'>exposita</span> <span class='ocrx_word' id='word_1_33' title='bbox 1615 210 1664 246; x_wconf 87' lang='lat' dir='ltr'>est</span> <span class='ocrx_word' id='word_1_34' title='bbox 1676 236 1684 249; x_wconf 93' lang='lat'>‚</span> <span class='ocrx_word' id='word_1_35' title='bbox 1704 224 1822 261; x_wconf 86' lang='lat' dir='ltr'>quam</span> 
     </span>
     <span class='ocr_line' id='line_1_5' title="bbox 400 258 1761 316; baseline 0.005 -19"><span class='ocrx_word' id='word_1_36' title='bbox 400 262 552 310; x_wconf 88' lang='lat' dir='ltr'>quidem</span> <span class='ocrx_word' id='word_1_37' title='bbox 564 262 603 298; x_wconf 89' lang='lat' dir='ltr'>in</span> <span class='ocrx_word' id='word_1_38' title='bbox 615 262 728 299; x_wconf 91' lang='lat' dir='ltr'>tribus</span> <span class='ocrx_word' id='word_1_39' title='bbox 738 260 792 297; x_wconf 84' lang='lat' dir='ltr'>his</span> <span class='ocrx_word' id='word_1_40' title='bbox 803 259 913 296; x_wconf 89' lang='lat' dir='ltr'>rebus</span> <span class='ocrx_word' id='word_1_41' title='bbox 927 258 1121 296; x_wconf 84' lang='lat' dir='ltr'>consistere</span> <span class='ocrx_word' id='word_1_42' title='bbox 1131 262 1365 309; x_wconf 84' lang='lat' dir='ltr'>praediximus</span> <span class='ocrx_word' id='word_1_43' title='bbox 1379 278 1386 300; x_wconf 92' lang='lat'>:</span> <span class='ocrx_word' id='word_1_44' title='bbox 1410 264 1761 316; x_wconf 82' lang='lat' dir='ltr'>circumscriptione,</span> 
     </span>
     <span class='ocr_line' id='line_1_6' title="bbox 687 313 1477 368; baseline 0.004 -15"><span class='ocrx_word' id='word_1_45' title='bbox 687 313 968 365; x_wconf 88' lang='lat' dir='ltr'>compositione</span> <span class='ocrx_word' id='word_1_46' title='bbox 977 343 989 361; x_wconf 94' lang='lat'>‚</span> <span class='ocrx_word' id='word_1_47' title='bbox 1003 317 1238 355; x_wconf 86' lang='lat' dir='ltr'>&amp;luminum</span> <span class='ocrx_word' id='word_1_48' title='bbox 1249 319 1477 368; x_wconf 80' lang='lat' dir='ltr'>receptione.</span> 
     </span>
    </p>
   </div>
   <div class='ocr_carea' id='block_1_3' title="bbox 606 504 1552 645">
    <p class='ocr_par' dir='ltr' id='par_1_3' title="bbox 606 504 1552 645">
     <span class='ocr_line' id='line_1_7' title="bbox 606 504 1552 582; baseline 0.002 -3"><span class='ocrx_word' id='word_1_49' title='bbox 606 504 979 579; x_wconf 83' lang='lat' dir='ltr'><strong>LEONIS</strong></span> <span class='ocrx_word' id='word_1_50' title='bbox 1055 505 1552 582; x_wconf 78' lang='lat' dir='ltr'>BAPTISTAE</span> 
     </span>
     <span class='ocr_line' id='line_1_8' title="bbox 847 614 1283 645; baseline -0.002 0"><span class='ocrx_word' id='word_1_51' title='bbox 847 615 920 645; x_wconf 75' lang='lat' dir='ltr'>DF.</span> <span class='ocrx_word' id='word_1_52' title='bbox 966 614 1283 644; x_wconf 75' lang='lat' dir='ltr'>ALBER&#39;ris</span> 
     </span>
    </p>
   </div>
   <div class='ocr_carea' id='block_1_4' title="bbox 388 695 1751 806">
    <p class='ocr_par' dir='ltr' id='par_1_4' title="bbox 388 695 1751 806">
     <span class='ocr_line' id='line_1_9' title="bbox 388 695 1751 806; baseline -0.001 -32"><span class='ocrx_word' id='word_1_53' title='bbox 388 696 624 775; x_wconf 84' lang='lat' dir='ltr'>DE</span> <span class='ocrx_word' id='word_1_54' title='bbox 760 695 1751 806; x_wconf 77' lang='lat' dir='ltr'>PICTVRA</span> 
     </span>
    </p>
   </div>
   <div class='ocr_carea' id='block_1_5' title="bbox 736 834 1427 1004">
    <p class='ocr_par' dir='ltr' id='par_1_5' title="bbox 736 834 1427 1004">
     <span class='ocr_line' id='line_1_10' title="bbox 736 834 1427 872; baseline 0.007 -5"><span class='ocrx_word' id='word_1_55' title='bbox 736 835 982 870; x_wconf 79' lang='lat' dir='ltr'><em>LIBER</em></span> <span class='ocrx_word' id='word_1_56' title='bbox 1038 834 1427 872; x_wconf 80' lang='lat' dir='ltr'><em>TERTIVS,</em></span> 
     </span>
     <span class='ocr_line' id='line_1_11' title="bbox 891 931 1265 1004; baseline 0.005 -23"><span class='ocrx_word' id='word_1_57' title='bbox 891 931 1069 987; x_wconf 67' lang='grc' dir='ltr'><em>Ῥίὸἶον</em></span> <span class='ocrx_word' id='word_1_58' title='bbox 1085 931 1265 1004; x_wconf 81' lang='lat' dir='ltr'>incipit.</span> 
     </span>
    </p>
   </div>
   <div class='ocr_carea' id='block_1_6' title="bbox 238 1047 1878 2886">
    <p class='ocr_par' dir='ltr' id='par_1_6' title="bbox 238 1047 1878 2886">
     <span class='ocr_line' id='line_1_12' title="bbox 520 1047 1875 1101; baseline 0.004 -17"><span class='ocrx_word' id='word_1_59' title='bbox 520 1084 529 1097; x_wconf 69' lang='lat'>‚</span> <span class='ocrx_word' id='word_1_60' title='bbox 547 1096 550 1097; x_wconf 19' lang='lat'><em>⁷</em></span> <span class='ocrx_word' id='word_1_61' title='bbox 602 1073 616 1097; x_wconf 62' lang='lat'>3</span> <span class='ocrx_word' id='word_1_62' title='bbox 640 1048 668 1085; x_wconf 85' lang='lat' dir='ltr'><strong>E</strong></span> <span class='ocrx_word' id='word_1_63' title='bbox 681 1060 707 1085; x_wconf 89' lang='lat' dir='ltr'>D</span> <span class='ocrx_word' id='word_1_64' title='bbox 729 1059 816 1086; x_wconf 88' lang='lat' dir='ltr'>cnm</span> <span class='ocrx_word' id='word_1_65' title='bbox 827 1047 870 1086; x_wconf 88' lang='lat' dir='ltr'>ad</span> <span class='ocrx_word' id='word_1_66' title='bbox 882 1047 1088 1099; x_wconf 66' lang='lat' dir='ltr'>perfectum</span> <span class='ocrx_word' id='word_1_67' title='bbox 1100 1049 1281 1100; x_wconf 66' lang='lat' dir='ltr'>pictorem</span> <span class='ocrx_word' id='word_1_68' title='bbox 1294 1049 1875 1101; x_wconf 81' lang='lat' dir='ltr'>instituendum‚utomnes‚quas</span> 
     </span>
     <span class='ocr_line' id='line_1_13' title="bbox 523 1103 1877 1159; baseline 0.004 -19"><span class='ocrx_word' id='word_1_69' title='bbox 523 1109 525 1119; x_wconf 76' lang='lat'><em>³</em></span> <span class='ocrx_word' id='word_1_70' title='bbox 544 1105 549 1107; x_wconf 66' lang='grc'><strong><em>’</em></strong></span> <span class='ocrx_word' id='word_1_71' title='bbox 582 1122 595 1144; x_wconf 57' lang='lat' dir='ltr'><em>J</em></span> <span class='ocrx_word' id='word_1_72' title='bbox 643 1103 890 1142; x_wconf 79' lang='lat' dir='ltr'>recensuimus</span> <span class='ocrx_word' id='word_1_73' title='bbox 903 1134 911 1149; x_wconf 92' lang='lat'>‚</span> <span class='ocrx_word' id='word_1_74' title='bbox 931 1106 1055 1142; x_wconf 84' lang='lat' dir='ltr'>laudes</span> <span class='ocrx_word' id='word_1_75' title='bbox 1075 1106 1211 1154; x_wconf 67' lang='lat' dir='ltr'>assequi</span> <span class='ocrx_word' id='word_1_76' title='bbox 1224 1104 1332 1155; x_wconf 79' lang='lat' dir='ltr'>possit</span> <span class='ocrx_word' id='word_1_77' title='bbox 1345 1119 1442 1150; x_wconf 89' lang='lat' dir='ltr'>‚non</span> <span class='ocrx_word' id='word_1_78' title='bbox 1454 1108 1552 1144; x_wconf 88' lang='lat' dir='ltr'>nulla</span> <span class='ocrx_word' id='word_1_79' title='bbox 1563 1112 1674 1145; x_wconf 85' lang='lat' dir='ltr'>etiam</span> <span class='ocrx_word' id='word_1_80' title='bbox 1686 1107 1877 1159; x_wconf 80' lang='lat' dir='ltr'>supersint,</span> 
     </span>
     <span class='ocr_line' id='line_1_14' title="bbox 548 1161 1876 1212; baseline 0.004 -16.774"><span class='ocrx_word' id='word_1_81' title='bbox 548 1182 559 1205; x_wconf 78' lang='lat'>-,</span> <span class='ocrx_word' id='word_1_82' title='bbox 595 1163 619 1181; x_wconf 77' lang='lat'>³-</span> <span class='ocrx_word' id='word_1_83' title='bbox 641 1173 722 1209; x_wconf 76' lang='lat' dir='ltr'>qua:</span> <span class='ocrx_word' id='word_1_84' title='bbox 738 1161 789 1197; x_wconf 77' lang='lat' dir='ltr'>liis</span> <span class='ocrx_word' id='word_1_85' title='bbox 802 1163 1082 1212; x_wconf 83' lang='lat' dir='ltr'>commentariis</span> <span class='ocrx_word' id='word_1_86' title='bbox 1096 1163 1255 1199; x_wconf 88' lang='lat' dir='ltr'>minime</span> <span class='ocrx_word' id='word_1_87' title='bbox 1266 1163 1514 1212; x_wconf 79' lang='lat' dir='ltr'>praetereunda</span> <span class='ocrx_word' id='word_1_88' title='bbox 1529 1163 1682 1202; x_wconf 86' lang='lat' dir='ltr'>censeo,</span> <span class='ocrx_word' id='word_1_89' title='bbox 1704 1175 1745 1201; x_wconf 88' lang='lat' dir='ltr'>ea</span> <span class='ocrx_word' id='word_1_90' title='bbox 1757 1176 1876 1212; x_wconf 87' lang='lat' dir='ltr'>quam</span> 
     </span>
     <span class='ocr_line' id='line_1_15' title="bbox 542 1215 1876 1269; baseline 0.004 -16.881"><span class='ocrx_word' id='word_1_91' title='bbox 542 1249 564 1269; x_wconf 84' lang='lat'>:</span> <span class='ocrx_word' id='word_1_92' title='bbox 591 1215 622 1239; x_wconf 62' lang='grc'>“”’</span> <span class='ocrx_word' id='word_1_93' title='bbox 643 1216 852 1255; x_wconf 84' lang='lat' dir='ltr'>brevissime</span> <span class='ocrx_word' id='word_1_94' title='bbox 865 1216 1077 1255; x_wconf 67' lang='lat' dir='ltr'>referamus.</span> <span class='ocrx_word' id='word_1_95' title='bbox 1108 1218 1263 1255; x_wconf 59' lang='lat' dir='ltr'>Pictoris</span> <span class='ocrx_word' id='word_1_96' title='bbox 1276 1217 1448 1257; x_wconf 63' lang='lat' dir='ltr'>odicium</span> <span class='ocrx_word' id='word_1_97' title='bbox 1460 1218 1509 1256; x_wconf 87' lang='lat' dir='ltr'>est</span> <span class='ocrx_word' id='word_1_98' title='bbox 1521 1247 1531 1263; x_wconf 88' lang='lat'>‚</span> <span class='ocrx_word' id='word_1_99' title='bbox 1547 1219 1684 1268; x_wconf 84' lang='lat' dir='ltr'>quaevis</span> <span class='ocrx_word' id='word_1_100' title='bbox 1695 1219 1778 1256; x_wconf 89' lang='lat' dir='ltr'>data</span> <span class='ocrx_word' id='word_1_101' title='bbox 1790 1231 1876 1258; x_wconf 85' lang='lat' dir='ltr'>cor-</span> 
     </span>
     <span class='ocr_line' id='line_1_16' title="bbox 642 1271 1876 1325; baseline 0.002 -14.783"><span class='ocrx_word' id='word_1_102' title='bbox 642 1286 729 1323; x_wconf 90' lang='lat' dir='ltr'>pora</span> <span class='ocrx_word' id='word_1_103' title='bbox 740 1283 785 1310; x_wconf 83' lang='lat' dir='ltr'>ita</span> <span class='ocrx_word' id='word_1_104' title='bbox 800 1275 836 1310; x_wconf 88' lang='lat' dir='ltr'>in</span> <span class='ocrx_word' id='word_1_105' title='bbox 849 1271 1040 1324; x_wconf 88' lang='lat' dir='ltr'>superficie</span> <span class='ocrx_word' id='word_1_106' title='bbox 1053 1276 1155 1311; x_wconf 88' lang='lat' dir='ltr'>lineis</span> <span class='ocrx_word' id='word_1_107' title='bbox 1175 1276 1207 1311; x_wconf 75' lang='grc' dir='ltr'>δ(</span> <span class='ocrx_word' id='word_1_108' title='bbox 1225 1276 1417 1312; x_wconf 84' lang='lat' dir='ltr'>coloribus</span> <span class='ocrx_word' id='word_1_109' title='bbox 1431 1274 1662 1312; x_wconf 86' lang='lat' dir='ltr'>conscribere</span> <span class='ocrx_word' id='word_1_110' title='bbox 1675 1284 1786 1323; x_wconf 88' lang='lat' dir='ltr'>atque</span> <span class='ocrx_word' id='word_1_111' title='bbox 1796 1277 1876 1325; x_wconf 91' lang='lat' dir='ltr'>pin-</span> 
     </span>
     <span class='ocr_line' id='line_1_17' title="bbox 564 1323 1878 1380; baseline 0.003 -15"><span class='ocrx_word' id='word_1_112' title='bbox 564 1323 576 1331; x_wconf 72' lang='grc'>”</span> <span class='ocrx_word' id='word_1_113' title='bbox 641 1341 745 1378; x_wconf 79' lang='lat' dir='ltr'>gere,</span> <span class='ocrx_word' id='word_1_114' title='bbox 771 1339 810 1366; x_wconf 91' lang='lat' dir='ltr'>ut</span> <span class='ocrx_word' id='word_1_115' title='bbox 831 1341 936 1366; x_wconf 90' lang='lat' dir='ltr'>certo</span> <span class='ocrx_word' id='word_1_116' title='bbox 959 1331 1157 1367; x_wconf 84' lang='lat' dir='ltr'>intervallo</span> <span class='ocrx_word' id='word_1_117' title='bbox 1169 1359 1179 1373; x_wconf 91' lang='lat'>,</span> <span class='ocrx_word' id='word_1_118' title='bbox 1209 1341 1384 1380; x_wconf 86' lang='lat' dir='ltr'>certaque</span> <span class='ocrx_word' id='word_1_119' title='bbox 1405 1332 1559 1369; x_wconf 89' lang='lat' dir='ltr'>centrici</span> <span class='ocrx_word' id='word_1_120' title='bbox 1579 1330 1669 1366; x_wconf 86' lang='lat' dir='ltr'>radii</span> <span class='ocrx_word' id='word_1_121' title='bbox 1689 1329 1878 1380; x_wconf 74' lang='lat' dir='ltr'>positione</span> 
     </span>
     <span class='ocr_line' id='line_1_18' title="bbox 641 1385 1877 1437; baseline 0.003 -16"><span class='ocrx_word' id='word_1_122' title='bbox 641 1385 849 1422; x_wconf 70' lang='lat' dir='ltr'>constituta.</span> <span class='ocrx_word' id='word_1_123' title='bbox 867 1398 1022 1435; x_wconf 73' lang='lat' dir='ltr'>quaeque</span> <span class='ocrx_word' id='word_1_124' title='bbox 1035 1386 1129 1435; x_wconf 60' lang='lat' dir='ltr'>pista</span> <span class='ocrx_word' id='word_1_125' title='bbox 1142 1387 1278 1426; x_wconf 84' lang='lat' dir='ltr'>videas.</span> <span class='ocrx_word' id='word_1_126' title='bbox 1294 1387 1424 1424; x_wconf 87' lang='lat' dir='ltr'>eadem</span> <span class='ocrx_word' id='word_1_127' title='bbox 1438 1387 1689 1437; x_wconf 84' lang='lat' dir='ltr'>prominentia</span> <span class='ocrx_word' id='word_1_128' title='bbox 1701 1415 1711 1430; x_wconf 91' lang='lat'>‚</span> <span class='ocrx_word' id='word_1_129' title='bbox 1732 1385 1769 1423; x_wconf 90' lang='lat'>&amp;</span> <span class='ocrx_word' id='word_1_130' title='bbox 1782 1387 1877 1426; x_wconf 86' lang='lat' dir='ltr'>datis</span> 
     </span>
     <span class='ocr_line' id='line_1_19' title="bbox 284 1439 1877 1493; baseline 0 -13"><span class='ocrx_word' id='word_1_131' title='bbox 284 1441 507 1492; x_wconf 85' lang='lat' dir='ltr'>corporibus</span> <span class='ocrx_word' id='word_1_132' title='bbox 520 1439 768 1491; x_wconf 78' lang='lat' dir='ltr'>persimillima</span> <span class='ocrx_word' id='word_1_133' title='bbox 778 1441 980 1479; x_wconf 87' lang='lat' dir='ltr'>videantur.</span> <span class='ocrx_word' id='word_1_134' title='bbox 1007 1443 1103 1479; x_wconf 86' lang='lat' dir='ltr'>Finis</span> <span class='ocrx_word' id='word_1_135' title='bbox 1114 1443 1436 1493; x_wconf 64' lang='lat' dir='ltr'>pistoris‚laudem</span> <span class='ocrx_word' id='word_1_136' title='bbox 1451 1472 1460 1485; x_wconf 91' lang='lat'>‚</span> <span class='ocrx_word' id='word_1_137' title='bbox 1479 1444 1634 1493; x_wconf 80' lang='lat' dir='ltr'>gratiam</span> <span class='ocrx_word' id='word_1_138' title='bbox 1653 1444 1690 1480; x_wconf 71' lang='grc' dir='ltr'>δε</span> <span class='ocrx_word' id='word_1_139' title='bbox 1709 1443 1877 1480; x_wconf 89' lang='lat' dir='ltr'>benevo-</span> 
     </span>
     <span class='ocr_line' id='line_1_20' title="bbox 282 1497 1876 1549; baseline 0.001 -14"><span class='ocrx_word' id='word_1_140' title='bbox 282 1499 453 1541; x_wconf 86' lang='lat' dir='ltr'>lentiam,</span> <span class='ocrx_word' id='word_1_141' title='bbox 468 1500 584 1546; x_wconf 85' lang='lat' dir='ltr'>magis</span> <span class='ocrx_word' id='word_1_142' title='bbox 595 1509 707 1546; x_wconf 85' lang='lat' dir='ltr'>quam</span> <span class='ocrx_word' id='word_1_143' title='bbox 719 1497 862 1534; x_wconf 80' lang='lat' dir='ltr'>divitias</span> <span class='ocrx_word' id='word_1_144' title='bbox 874 1509 917 1534; x_wconf 86' lang='lat' dir='ltr'>ex</span> <span class='ocrx_word' id='word_1_145' title='bbox 930 1510 1043 1548; x_wconf 88' lang='lat' dir='ltr'>opere</span> <span class='ocrx_word' id='word_1_146' title='bbox 1054 1498 1210 1549; x_wconf 85' lang='lat' dir='ltr'>adipisci.</span> <span class='ocrx_word' id='word_1_147' title='bbox 1243 1499 1280 1536; x_wconf 93' lang='lat' dir='ltr'>Id</span> <span class='ocrx_word' id='word_1_148' title='bbox 1292 1499 1444 1548; x_wconf 88' lang='lat' dir='ltr'>quidem</span> <span class='ocrx_word' id='word_1_149' title='bbox 1456 1498 1661 1547; x_wconf 74' lang='lat' dir='ltr'>assequetur</span> <span class='ocrx_word' id='word_1_150' title='bbox 1673 1526 1682 1542; x_wconf 85' lang='lat'>‚</span> <span class='ocrx_word' id='word_1_151' title='bbox 1697 1498 1786 1534; x_wconf 88' lang='lat' dir='ltr'>dum</span> <span class='ocrx_word' id='word_1_152' title='bbox 1797 1500 1876 1545; x_wconf 91' lang='lat' dir='ltr'>ejus</span> 
     </span>
     <span class='ocr_line' id='line_1_21' title="bbox 281 1552 1874 1606; baseline 0.001 -16"><span class='ocrx_word' id='word_1_153' title='bbox 281 1555 424 1605; x_wconf 63' lang='lat' dir='ltr'>pistura</span> <span class='ocrx_word' id='word_1_154' title='bbox 434 1554 570 1590; x_wconf 86' lang='lat' dir='ltr'>oculos</span> <span class='ocrx_word' id='word_1_155' title='bbox 582 1581 591 1595; x_wconf 87' lang='lat'><em>‚</em></span> <span class='ocrx_word' id='word_1_156' title='bbox 612 1554 649 1590; x_wconf 68' lang='grc' dir='ltr'>ὃς</span> <span class='ocrx_word' id='word_1_157' title='bbox 662 1553 810 1589; x_wconf 85' lang='lat' dir='ltr'>animos</span> <span class='ocrx_word' id='word_1_158' title='bbox 822 1552 1063 1603; x_wconf 58' lang='lat' dir='ltr'>spectantium</span> <span class='ocrx_word' id='word_1_159' title='bbox 1075 1556 1217 1593; x_wconf 89' lang='lat' dir='ltr'>tenebit</span> <span class='ocrx_word' id='word_1_160' title='bbox 1226 1581 1234 1594; x_wconf 83' lang='lat'><strong>‚</strong></span> <span class='ocrx_word' id='word_1_161' title='bbox 1265 1566 1376 1604; x_wconf 83' lang='lat' dir='ltr'>atque</span> <span class='ocrx_word' id='word_1_162' title='bbox 1388 1555 1568 1593; x_wconf 86' lang='lat' dir='ltr'>movebit.</span> <span class='ocrx_word' id='word_1_163' title='bbox 1603 1555 1698 1606; x_wconf 79' lang='lat' dir='ltr'>Qae</span> <span class='ocrx_word' id='word_1_164' title='bbox 1710 1565 1765 1591; x_wconf 89' lang='lat' dir='ltr'>res</span> <span class='ocrx_word' id='word_1_165' title='bbox 1777 1566 1874 1604; x_wconf 90' lang='lat' dir='ltr'>quo-</span> 
     </span>
     <span class='ocr_line' id='line_1_22' title="bbox 238 1607 1876 1661; baseline 0 -13"><span class='ocrx_word' id='word_1_166' title='bbox 238 1623 370 1659; x_wconf 47' lang='lat' dir='ltr'>Qnam</span> <span class='ocrx_word' id='word_1_167' title='bbox 384 1620 607 1658; x_wconf 78' lang='lat' dir='ltr'>argumento</span> <span class='ocrx_word' id='word_1_168' title='bbox 617 1607 694 1645; x_wconf 86' lang='lat' dir='ltr'>fieri</span> <span class='ocrx_word' id='word_1_169' title='bbox 707 1607 847 1658; x_wconf 75' lang='lat' dir='ltr'>poss‘int</span> <span class='ocrx_word' id='word_1_170' title='bbox 859 1638 868 1653; x_wconf 92' lang='lat'>‚</span> <span class='ocrx_word' id='word_1_171' title='bbox 887 1609 1047 1647; x_wconf 69' lang='lat' dir='ltr'>diximus</span> <span class='ocrx_word' id='word_1_172' title='bbox 1058 1623 1143 1647; x_wconf 86' lang='lat' dir='ltr'>cum</span> <span class='ocrx_word' id='word_1_173' title='bbox 1154 1612 1198 1647; x_wconf 89' lang='lat' dir='ltr'>de</span> <span class='ocrx_word' id='word_1_174' title='bbox 1210 1610 1491 1661; x_wconf 82' lang='lat' dir='ltr'>compositione</span> <span class='ocrx_word' id='word_1_175' title='bbox 1501 1621 1612 1659; x_wconf 89' lang='lat' dir='ltr'>atque</span> <span class='ocrx_word' id='word_1_176' title='bbox 1623 1611 1806 1647; x_wconf 89' lang='lat' dir='ltr'>luminum</span> <span class='ocrx_word' id='word_1_177' title='bbox 1819 1622 1876 1648; x_wconf 84' lang='lat' dir='ltr'>re-</span> 
     </span>
     <span class='ocr_line' id='line_1_23' title="bbox 283 1664 1876 1717; baseline 0.001 -15"><span class='ocrx_word' id='word_1_178' title='bbox 283 1667 462 1714; x_wconf 65' lang='lat' dir='ltr'>ceptione</span> <span class='ocrx_word' id='word_1_179' title='bbox 475 1664 579 1716; x_wconf 85' lang='lat' dir='ltr'>supra</span> <span class='ocrx_word' id='word_1_180' title='bbox 589 1664 881 1715; x_wconf 69' lang='lat' dir='ltr'>disceptavimus.</span> <span class='ocrx_word' id='word_1_181' title='bbox 912 1666 985 1704; x_wconf 85' lang='lat' dir='ltr'>Sed</span> <span class='ocrx_word' id='word_1_182' title='bbox 997 1669 1108 1716; x_wconf 88' lang='lat' dir='ltr'>cupio</span> <span class='ocrx_word' id='word_1_183' title='bbox 1123 1667 1308 1717; x_wconf 60' lang='lat' dir='ltr'>pistorem</span> <span class='ocrx_word' id='word_1_184' title='bbox 1322 1696 1331 1711; x_wconf 91' lang='lat'>‚</span> <span class='ocrx_word' id='word_1_185' title='bbox 1355 1679 1434 1716; x_wconf 91' lang='lat' dir='ltr'>quo</span> <span class='ocrx_word' id='word_1_186' title='bbox 1445 1666 1523 1704; x_wconf 82' lang='lat' dir='ltr'>liaec</span> <span class='ocrx_word' id='word_1_187' title='bbox 1534 1664 1645 1717; x_wconf 77' lang='lat' dir='ltr'>possit</span> <span class='ocrx_word' id='word_1_188' title='bbox 1655 1667 1784 1703; x_wconf 88' lang='lat' dir='ltr'>omnia</span> <span class='ocrx_word' id='word_1_189' title='bbox 1797 1667 1876 1716; x_wconf 88' lang='lat' dir='ltr'>pul-</span> 
     </span>
     <span class='ocr_line' id='line_1_24' title="bbox 285 1720 1873 1773; baseline 0.001 -15"><span class='ocrx_word' id='word_1_190' title='bbox 285 1721 374 1758; x_wconf 83' lang='lat' dir='ltr'>chre</span> <span class='ocrx_word' id='word_1_191' title='bbox 385 1732 525 1765; x_wconf 90' lang='lat' dir='ltr'>tenere,</span> <span class='ocrx_word' id='word_1_192' title='bbox 536 1723 571 1758; x_wconf 92' lang='lat' dir='ltr'>in</span> <span class='ocrx_word' id='word_1_193' title='bbox 584 1722 711 1771; x_wconf 89' lang='lat' dir='ltr'>primis</span> <span class='ocrx_word' id='word_1_194' title='bbox 724 1720 791 1758; x_wconf 77' lang='lat' dir='ltr'>esse</span> <span class='ocrx_word' id='word_1_195' title='bbox 802 1722 923 1759; x_wconf 90' lang='lat' dir='ltr'>virum</span> <span class='ocrx_word' id='word_1_196' title='bbox 936 1721 971 1758; x_wconf 72' lang='lat'>&amp;-</span> <span class='ocrx_word' id='word_1_197' title='bbox 986 1724 1135 1760; x_wconf 88' lang='lat' dir='ltr'>bonum</span> <span class='ocrx_word' id='word_1_198' title='bbox 1147 1748 1154 1761; x_wconf 82' lang='lat'>‚</span> <span class='ocrx_word' id='word_1_199' title='bbox 1175 1725 1214 1773; x_wconf 9' lang='lat'>¹&amp;</span> <span class='ocrx_word' id='word_1_200' title='bbox 1227 1722 1379 1760; x_wconf 61' lang='lat' dir='ltr'>doctum</span> <span class='ocrx_word' id='word_1_201' title='bbox 1392 1723 1579 1759; x_wconf 87' lang='lat' dir='ltr'>bonarum</span> <span class='ocrx_word' id='word_1_202' title='bbox 1591 1722 1736 1759; x_wconf 87' lang='lat' dir='ltr'>artium.</span> <span class='ocrx_word' id='word_1_203' title='bbox 1769 1723 1873 1760; x_wconf 89' lang='lat' dir='ltr'>Nam</span> 
     </span>
     <span class='ocr_line' id='line_1_25' title="bbox 283 1776 1874 1828; baseline -0.001 -14"><span class='ocrx_word' id='word_1_204' title='bbox 283 1789 401 1814; x_wconf 87' lang='lat' dir='ltr'>nemo</span> <span class='ocrx_word' id='word_1_205' title='bbox 412 1776 719 1826; x_wconf 88' lang='lat' dir='ltr'>nescitquantum</span> <span class='ocrx_word' id='word_1_206' title='bbox 729 1778 908 1827; x_wconf 88' lang='lat' dir='ltr'>probitas,</span> <span class='ocrx_word' id='word_1_207' title='bbox 922 1778 981 1817; x_wconf 89' lang='lat' dir='ltr'>vel</span> <span class='ocrx_word' id='word_1_208' title='bbox 993 1780 1111 1828; x_wconf 79' lang='lat' dir='ltr'>magis</span> <span class='ocrx_word' id='word_1_209' title='bbox 1121 1791 1234 1828; x_wconf 86' lang='lat' dir='ltr'>quam</span> <span class='ocrx_word' id='word_1_210' title='bbox 1246 1781 1371 1816; x_wconf 87' lang='lat' dir='ltr'>omnis</span> <span class='ocrx_word' id='word_1_211' title='bbox 1383 1778 1562 1816; x_wconf 81' lang='lat' dir='ltr'>industriae</span> <span class='ocrx_word' id='word_1_212' title='bbox 1581 1788 1645 1815; x_wconf 85' lang='lat' dir='ltr'>aut</span> <span class='ocrx_word' id='word_1_213' title='bbox 1664 1779 1747 1815; x_wconf 85' lang='lat' dir='ltr'>artis</span> <span class='ocrx_word' id='word_1_214' title='bbox 1758 1777 1874 1814; x_wconf 76' lang='lat' dir='ltr'>admi-</span> 
     </span>
     <span class='ocr_line' id='line_1_26' title="bbox 282 1832 1874 1885; baseline 0 -15"><span class='ocrx_word' id='word_1_215' title='bbox 282 1835 379 1870; x_wconf 83' lang='lat' dir='ltr'>ratio</span> <span class='ocrx_word' id='word_1_216' title='bbox 392 1859 400 1872; x_wconf 92' lang='lat'>,</span> <span class='ocrx_word' id='word_1_217' title='bbox 423 1835 541 1870; x_wconf 84' lang='lat' dir='ltr'>valeat</span> <span class='ocrx_word' id='word_1_218' title='bbox 553 1833 596 1871; x_wconf 90' lang='lat' dir='ltr'>ad</span> <span class='ocrx_word' id='word_1_219' title='bbox 609 1834 911 1871; x_wconf 82' lang='lat' dir='ltr'>benevolentiam</span> <span class='ocrx_word' id='word_1_220' title='bbox 922 1835 1060 1872; x_wconf 84' lang='lat' dir='ltr'>civiui&#39;n</span> <span class='ocrx_word' id='word_1_221' title='bbox 1075 1835 1379 1885; x_wconf 82' lang='lat' dir='ltr'>comparandam.</span> <span class='ocrx_word' id='word_1_222' title='bbox 1410 1835 1516 1871; x_wconf 77' lang='lat' dir='ltr'>Tum</span> <span class='ocrx_word' id='word_1_223' title='bbox 1529 1845 1641 1870; x_wconf 89' lang='lat' dir='ltr'>nemo</span> <span class='ocrx_word' id='word_1_224' title='bbox 1655 1833 1797 1869; x_wconf 87' lang='lat' dir='ltr'>dubitat</span> <span class='ocrx_word' id='word_1_225' title='bbox 1810 1832 1874 1870; x_wconf 91' lang='lat' dir='ltr'>be-</span> 
     </span>
     <span class='ocr_line' id='line_1_27' title="bbox 282 1887 1872 1940; baseline 0 -14"><span class='ocrx_word' id='word_1_226' title='bbox 282 1889 538 1926; x_wconf 87' lang='lat' dir='ltr'>nevolentiam</span> <span class='ocrx_word' id='word_1_227' title='bbox 561 1890 770 1926; x_wconf 88' lang='lat' dir='ltr'>multorum</span> <span class='ocrx_word' id='word_1_228' title='bbox 782 1888 914 1927; x_wconf 87' lang='lat' dir='ltr'>artifici</span> <span class='ocrx_word' id='word_1_229' title='bbox 934 1892 1135 1940; x_wconf 88' lang='lat' dir='ltr'>plurimum</span> <span class='ocrx_word' id='word_1_230' title='bbox 1156 1891 1325 1929; x_wconf 86' lang='lat' dir='ltr'>conferre</span> <span class='ocrx_word' id='word_1_231' title='bbox 1337 1890 1382 1927; x_wconf 90' lang='lat' dir='ltr'>ad</span> <span class='ocrx_word' id='word_1_232' title='bbox 1399 1890 1547 1927; x_wconf 88' lang='lat' dir='ltr'>laudem</span> <span class='ocrx_word' id='word_1_233' title='bbox 1561 1918 1569 1932; x_wconf 95' lang='lat'>‚</span> <span class='ocrx_word' id='word_1_234' title='bbox 1588 1898 1698 1936; x_wconf 88' lang='lat' dir='ltr'>atque</span> <span class='ocrx_word' id='word_1_235' title='bbox 1716 1887 1760 1925; x_wconf 91' lang='lat' dir='ltr'>ad</span> <span class='ocrx_word' id='word_1_236' title='bbox 1779 1900 1872 1939; x_wconf 88' lang='lat' dir='ltr'>opes</span> 
     </span>
     <span class='ocr_line' id='line_1_28' title="bbox 282 1942 1871 1994; baseline 0.001 -13"><span class='ocrx_word' id='word_1_237' title='bbox 282 1943 468 1994; x_wconf 83' lang='lat' dir='ltr'>parandas.</span> <span class='ocrx_word' id='word_1_238' title='bbox 484 1942 677 1991; x_wconf 86' lang='lat' dir='ltr'>Siquidem</span> <span class='ocrx_word' id='word_1_239' title='bbox 689 1957 732 1980; x_wconf 83' lang='lat' dir='ltr'>ex</span> <span class='ocrx_word' id='word_1_240' title='bbox 744 1956 784 1980; x_wconf 86' lang='lat' dir='ltr'>ea</span> <span class='ocrx_word' id='word_1_241' title='bbox 796 1944 847 1983; x_wconf 90' lang='lat' dir='ltr'>fit,</span> <span class='ocrx_word' id='word_1_242' title='bbox 862 1955 902 1981; x_wconf 89' lang='lat' dir='ltr'>ut</span> <span class='ocrx_word' id='word_1_243' title='bbox 912 1958 1186 1994; x_wconf 82' lang='lat' dir='ltr'>nonnunquam</span> <span class='ocrx_word' id='word_1_244' title='bbox 1199 1947 1326 1983; x_wconf 86' lang='lat' dir='ltr'>divites</span> <span class='ocrx_word' id='word_1_245' title='bbox 1341 1946 1615 1987; x_wconf 85' lang='lat' dir='ltr'>benevolentia,</span> <span class='ocrx_word' id='word_1_246' title='bbox 1629 1944 1744 1992; x_wconf 80' lang='lat' dir='ltr'>magis</span> <span class='ocrx_word' id='word_1_247' title='bbox 1756 1957 1871 1993; x_wconf 84' lang='lat' dir='ltr'>quani</span> 
     </span>
     <span class='ocr_line' id='line_1_29' title="bbox 283 1998 1871 2049; baseline 0 -13"><span class='ocrx_word' id='word_1_248' title='bbox 283 2000 369 2036; x_wconf 87' lang='lat' dir='ltr'>artis</span> <span class='ocrx_word' id='word_1_249' title='bbox 382 1999 509 2048; x_wconf 87' lang='lat' dir='ltr'>peritia</span> <span class='ocrx_word' id='word_1_250' title='bbox 520 2008 760 2037; x_wconf 82' lang='lat' dir='ltr'>moveantur,</span> <span class='ocrx_word' id='word_1_251' title='bbox 777 2011 820 2035; x_wconf 86' lang='lat' dir='ltr'>ac</span> <span class='ocrx_word' id='word_1_252' title='bbox 831 2001 928 2035; x_wconf 87' lang='lat' dir='ltr'>lucra</span> <span class='ocrx_word' id='word_1_253' title='bbox 940 2000 1095 2037; x_wconf 82' lang='lat' dir='ltr'>adhunc</span> <span class='ocrx_word' id='word_1_254' title='bbox 1108 1999 1340 2049; x_wconf 72' lang='lat' dir='ltr'>potissimum</span> <span class='ocrx_word' id='word_1_255' title='bbox 1356 1998 1570 2036; x_wconf 83' lang='lat' dir='ltr'>modestum</span> <span class='ocrx_word' id='word_1_256' title='bbox 1582 2001 1619 2036; x_wconf 63' lang='grc' dir='ltr'>ὃς</span> <span class='ocrx_word' id='word_1_257' title='bbox 1631 2000 1794 2048; x_wconf 86' lang='lat' dir='ltr'>probum</span> <span class='ocrx_word' id='word_1_258' title='bbox 1807 2000 1871 2036; x_wconf 88' lang='lat' dir='ltr'>de-</span> 
     </span>
     <span class='ocr_line' id='line_1_30' title="bbox 281 2052 1871 2105; baseline 0.001 -14"><span class='ocrx_word' id='word_1_259' title='bbox 281 2054 401 2091; x_wconf 84' lang='lat' dir='ltr'>ferant</span> <span class='ocrx_word' id='word_1_260' title='bbox 413 2083 422 2097; x_wconf 86' lang='lat'><strong>‚</strong></span> <span class='ocrx_word' id='word_1_261' title='bbox 441 2052 562 2104; x_wconf 88' lang='lat' dir='ltr'>spreto</span> <span class='ocrx_word' id='word_1_262' title='bbox 574 2055 648 2090; x_wconf 87' lang='lat' dir='ltr'>alio</span> <span class='ocrx_word' id='word_1_263' title='bbox 659 2055 833 2103; x_wconf 87' lang='lat' dir='ltr'>peritiore</span> <span class='ocrx_word' id='word_1_264' title='bbox 844 2054 926 2093; x_wconf 85' lang='lat' dir='ltr'>sane</span> <span class='ocrx_word' id='word_1_265' title='bbox 938 2085 948 2100; x_wconf 92' lang='lat'>‚</span> <span class='ocrx_word' id='word_1_266' title='bbox 968 2054 1025 2092; x_wconf 89' lang='lat' dir='ltr'>sed</span> <span class='ocrx_word' id='word_1_267' title='bbox 1038 2053 1193 2092; x_wconf 86' lang='lat' dir='ltr'>fortassis</span> <span class='ocrx_word' id='word_1_268' title='bbox 1204 2056 1481 2105; x_wconf 82' lang='lat' dir='ltr'>intemperanti.</span> <span class='ocrx_word' id='word_1_269' title='bbox 1514 2056 1609 2105; x_wconf 75' lang='lat' dir='ltr'>Qae</span> <span class='ocrx_word' id='word_1_270' title='bbox 1621 2065 1711 2090; x_wconf 89' lang='lat' dir='ltr'>cum</span> <span class='ocrx_word' id='word_1_271' title='bbox 1728 2055 1777 2091; x_wconf 88' lang='lat' dir='ltr'>ita</span> <span class='ocrx_word' id='word_1_272' title='bbox 1787 2054 1871 2100; x_wconf 88' lang='lat' dir='ltr'>sint,</span> 
     </span>
     <span class='ocr_line' id='line_1_31' title="bbox 280 2109 1870 2160; baseline 0.001 -13"><span class='ocrx_word' id='word_1_273' title='bbox 280 2111 450 2148; x_wconf 85' lang='lat' dir='ltr'>moribus</span> <span class='ocrx_word' id='word_1_274' title='bbox 461 2110 604 2158; x_wconf 80' lang='lat' dir='ltr'>egregie</span> <span class='ocrx_word' id='word_1_275' title='bbox 614 2109 881 2147; x_wconf 88' lang='lat' dir='ltr'>inserviendum</span> <span class='ocrx_word' id='word_1_276' title='bbox 893 2113 960 2147; x_wconf 88' lang='lat' dir='ltr'>erit</span> <span class='ocrx_word' id='word_1_277' title='bbox 972 2110 1113 2149; x_wconf 79' lang='lat' dir='ltr'>artifici,</span> <span class='ocrx_word' id='word_1_278' title='bbox 1130 2113 1293 2147; x_wconf 84' lang='lat' dir='ltr'>maxime</span> <span class='ocrx_word' id='word_1_279' title='bbox 1305 2111 1527 2148; x_wconf 80' lang='lat' dir='ltr'>humanitati</span> <span class='ocrx_word' id='word_1_280' title='bbox 1541 2113 1576 2147; x_wconf 71' lang='grc' dir='ltr'>ὃ(</span> <span class='ocrx_word' id='word_1_281' title='bbox 1591 2109 1775 2150; x_wconf 83' lang='lat' dir='ltr'>facilitati,</span> <span class='ocrx_word' id='word_1_282' title='bbox 1790 2122 1870 2160; x_wconf 88' lang='lat' dir='ltr'>quo</span> 
     </span>
     <span class='ocr_line' id='line_1_32' title="bbox 281 2164 1870 2217; baseline 0.001 -14"><span class='ocrx_word' id='word_1_283' title='bbox 281 2168 318 2203; x_wconf 73' lang='grc' dir='ltr'>δ(</span> <span class='ocrx_word' id='word_1_284' title='bbox 331 2166 648 2209; x_wconf 83' lang='lat' dir='ltr'>benevolentiam,</span> <span class='ocrx_word' id='word_1_285' title='bbox 660 2164 809 2203; x_wconf 87' lang='lat' dir='ltr'>firmum</span> <span class='ocrx_word' id='word_1_286' title='bbox 822 2177 953 2203; x_wconf 82' lang='lat' dir='ltr'>contra</span> <span class='ocrx_word' id='word_1_287' title='bbox 964 2170 1220 2217; x_wconf 75' lang='lat' dir='ltr'>paupertatem</span> <span class='ocrx_word' id='word_1_288' title='bbox 1236 2166 1442 2216; x_wconf 70' lang='lat' dir='ltr'>praesidium</span> <span class='ocrx_word' id='word_1_289' title='bbox 1457 2192 1463 2205; x_wconf 83' lang='lat'>‚</span> <span class='ocrx_word' id='word_1_290' title='bbox 1487 2165 1522 2202; x_wconf 74' lang='lat'>8&lt;</span> <span class='ocrx_word' id='word_1_291' title='bbox 1536 2167 1639 2203; x_wconf 88' lang='lat' dir='ltr'>lucra</span> <span class='ocrx_word' id='word_1_292' title='bbox 1653 2194 1661 2210; x_wconf 93' lang='lat'>‚</span> <span class='ocrx_word' id='word_1_293' title='bbox 1676 2167 1870 2215; x_wconf 86' lang='lat' dir='ltr'>optimum</span> 
     </span>
     <span class='ocr_line' id='line_1_33' title="bbox 280 2220 1868 2274; baseline 0.001 -16"><span class='ocrx_word' id='word_1_294' title='bbox 280 2222 325 2258; x_wconf 86' lang='lat' dir='ltr'>ad</span> <span class='ocrx_word' id='word_1_295' title='bbox 338 2220 599 2271; x_wconf 72' lang='lat' dir='ltr'>perficiendam</span> <span class='ocrx_word' id='word_1_296' title='bbox 611 2232 728 2259; x_wconf 87' lang='lat' dir='ltr'>artem</span> <span class='ocrx_word' id='word_1_297' title='bbox 748 2222 949 2260; x_wconf 83' lang='lat' dir='ltr'>auxilium,</span> <span class='ocrx_word' id='word_1_298' title='bbox 965 2221 1176 2271; x_wconf 70' lang='lat' dir='ltr'>assequatur</span> <span class='ocrx_word' id='word_1_299' title='bbox 1211 2223 1375 2260; x_wconf 76' lang='lat' dir='ltr'>DoCtum</span> <span class='ocrx_word' id='word_1_300' title='bbox 1387 2235 1476 2260; x_wconf 81' lang='lat' dir='ltr'>vero</span> <span class='ocrx_word' id='word_1_301' title='bbox 1486 2223 1666 2274; x_wconf 61' lang='lat' dir='ltr'>pistorem</span> <span class='ocrx_word' id='word_1_302' title='bbox 1679 2221 1746 2259; x_wconf 76' lang='lat' dir='ltr'>esse</span> <span class='ocrx_word' id='word_1_303' title='bbox 1757 2234 1868 2273; x_wconf 89' lang='lat' dir='ltr'>opto,</span> 
     </span>
     <span class='ocr_line' id='line_1_34' title="bbox 281 2275 1870 2328; baseline 0.003 -16"><span class='ocrx_word' id='word_1_304' title='bbox 281 2276 407 2327; x_wconf 88' lang='lat' dir='ltr'>quoad</span> <span class='ocrx_word' id='word_1_305' title='bbox 420 2278 495 2317; x_wconf 75' lang='lat' dir='ltr'>cius</span> <span class='ocrx_word' id='word_1_306' title='bbox 508 2276 584 2313; x_wconf 85' lang='lat' dir='ltr'>fieri</span> <span class='ocrx_word' id='word_1_307' title='bbox 597 2275 725 2327; x_wconf 79' lang='lat' dir='ltr'>possit,</span> <span class='ocrx_word' id='word_1_308' title='bbox 747 2279 925 2315; x_wconf 84' lang='lat' dir='ltr'>omnibus</span> <span class='ocrx_word' id='word_1_309' title='bbox 938 2279 974 2314; x_wconf 90' lang='lat' dir='ltr'>in</span> <span class='ocrx_word' id='word_1_310' title='bbox 986 2278 1122 2315; x_wconf 86' lang='lat' dir='ltr'>artibus</span> <span class='ocrx_word' id='word_1_311' title='bbox 1134 2278 1346 2316; x_wconf 86' lang='lat' dir='ltr'>liberalibus</span> <span class='ocrx_word' id='word_1_312' title='bbox 1358 2304 1366 2316; x_wconf 90' lang='lat'>‚</span> <span class='ocrx_word' id='word_1_313' title='bbox 1379 2279 1486 2315; x_wconf 89' lang='lat' dir='ltr'>sedin</span> <span class='ocrx_word' id='word_1_314' title='bbox 1498 2291 1545 2315; x_wconf 92' lang='lat' dir='ltr'>eo</span> <span class='ocrx_word' id='word_1_315' title='bbox 1556 2277 1749 2328; x_wconf 67' lang='lat' dir='ltr'>praesertim</span> <span class='ocrx_word' id='word_1_316' title='bbox 1759 2279 1870 2316; x_wconf 38' lang='lat' dir='ltr'>*Geo-</span> 
     </span>
     <span class='ocr_line' id='line_1_35' title="bbox 281 2332 1870 2384; baseline 0.001 -13"><span class='ocrx_word' id='word_1_317' title='bbox 281 2334 424 2371; x_wconf 80' lang='lat' dir='ltr'>metriae</span> <span class='ocrx_word' id='word_1_318' title='bbox 436 2334 601 2382; x_wconf 89' lang='lat' dir='ltr'>peritiam</span> <span class='ocrx_word' id='word_1_319' title='bbox 614 2332 792 2370; x_wconf 88' lang='lat' dir='ltr'>desidero.</span> <span class='ocrx_word' id='word_1_320' title='bbox 823 2333 1016 2372; x_wconf 80' lang='lat' dir='ltr'>Affentior</span> <span class='ocrx_word' id='word_1_321' title='bbox 1034 2334 1186 2383; x_wconf 90' lang='lat' dir='ltr'>quidem</span> <span class='ocrx_word' id='word_1_322' title='bbox 1209 2334 1406 2384; x_wconf 84' lang='lat' dir='ltr'>Pamphilo</span> <span class='ocrx_word' id='word_1_323' title='bbox 1426 2332 1683 2384; x_wconf 73' lang='lat' dir='ltr'>antiquissimo</span> <span class='ocrx_word' id='word_1_324' title='bbox 1704 2334 1741 2371; x_wconf 86' lang='lat'>&amp;</span> <span class='ocrx_word' id='word_1_325' title='bbox 1759 2336 1870 2372; x_wconf 85' lang='lat' dir='ltr'>nobi-</span> 
     </span>
     <span class='ocr_line' id='line_1_36' title="bbox 281 2387 1868 2441; baseline 0.001 -15"><span class='ocrx_word' id='word_1_326' title='bbox 281 2387 420 2426; x_wconf 78' lang='lat' dir='ltr'>lissimo</span> <span class='ocrx_word' id='word_1_327' title='bbox 431 2388 576 2439; x_wconf 63' lang='lat' dir='ltr'>pistori,</span> <span class='ocrx_word' id='word_1_328' title='bbox 593 2388 611 2424; x_wconf 79' lang='lat' dir='ltr'>a</span> <span class='ocrx_word' id='word_1_329' title='bbox 625 2401 703 2437; x_wconf 89' lang='lat' dir='ltr'>quo</span> <span class='ocrx_word' id='word_1_330' title='bbox 715 2391 867 2438; x_wconf 81' lang='lat' dir='ltr'>ingenui</span> <span class='ocrx_word' id='word_1_331' title='bbox 879 2389 1130 2427; x_wconf 87' lang='lat' dir='ltr'>adolescentes</span> <span class='ocrx_word' id='word_1_332' title='bbox 1142 2391 1266 2440; x_wconf 88' lang='lat' dir='ltr'>primo</span> <span class='ocrx_word' id='word_1_333' title='bbox 1280 2391 1459 2441; x_wconf 52' lang='lat' dir='ltr'>pietur-am</span> <span class='ocrx_word' id='word_1_334' title='bbox 1471 2392 1644 2427; x_wconf 88' lang='lat' dir='ltr'>didicere.</span> <span class='ocrx_word' id='word_1_335' title='bbox 1676 2390 1778 2426; x_wconf 82' lang='lat' dir='ltr'>Nam</span> <span class='ocrx_word' id='word_1_336' title='bbox 1790 2400 1868 2429; x_wconf 86' lang='lat' dir='ltr'>erat</span> 
     </span>
     <span class='ocr_line' id='line_1_37' title="bbox 277 2443 1866 2496; baseline 0.001 -14"><span class='ocrx_word' id='word_1_337' title='bbox 277 2447 355 2491; x_wconf 77' lang='lat' dir='ltr'>ejus</span> <span class='ocrx_word' id='word_1_338' title='bbox 367 2443 544 2482; x_wconf 85' lang='lat' dir='ltr'>sententia</span> <span class='ocrx_word' id='word_1_339' title='bbox 560 2469 567 2482; x_wconf 87' lang='lat'><em>,</em></span> <span class='ocrx_word' id='word_1_340' title='bbox 591 2444 756 2482; x_wconf 89' lang='lat' dir='ltr'>futurum</span> <span class='ocrx_word' id='word_1_341' title='bbox 768 2447 960 2484; x_wconf 89' lang='lat' dir='ltr'>neminem</span> <span class='ocrx_word' id='word_1_342' title='bbox 973 2446 1152 2496; x_wconf 59' lang='lat' dir='ltr'>pistorem</span> <span class='ocrx_word' id='word_1_343' title='bbox 1164 2446 1323 2489; x_wconf 88' lang='lat' dir='ltr'>bonum,</span> <span class='ocrx_word' id='word_1_344' title='bbox 1335 2449 1396 2496; x_wconf 91' lang='lat' dir='ltr'>qui</span> <span class='ocrx_word' id='word_1_345' title='bbox 1409 2447 1669 2484; x_wconf 80' lang='lat' dir='ltr'>Geometriam</span> <span class='ocrx_word' id='word_1_346' title='bbox 1682 2448 1866 2495; x_wconf 79' lang='lat' dir='ltr'>ignorarit.</span> 
     </span>
     <span class='ocr_line' id='line_1_38' title="bbox 276 2499 1865 2553; baseline 0 -14"><span class='ocrx_word' id='word_1_347' title='bbox 276 2499 413 2539; x_wconf 84' lang='lat' dir='ltr'>Nostra</span> <span class='ocrx_word' id='word_1_348' title='bbox 425 2500 578 2550; x_wconf 89' lang='lat' dir='ltr'>quidem</span> <span class='ocrx_word' id='word_1_349' title='bbox 587 2500 796 2537; x_wconf 86' lang='lat' dir='ltr'>rudimenta</span> <span class='ocrx_word' id='word_1_350' title='bbox 807 2528 815 2541; x_wconf 90' lang='lat'>,</span> <span class='ocrx_word' id='word_1_351' title='bbox 841 2513 885 2538; x_wconf 88' lang='lat' dir='ltr'>ex</span> <span class='ocrx_word' id='word_1_352' title='bbox 895 2503 1028 2551; x_wconf 86' lang='lat' dir='ltr'>quibus</span> <span class='ocrx_word' id='word_1_353' title='bbox 1039 2503 1164 2539; x_wconf 84' lang='lat' dir='ltr'>omnis</span> <span class='ocrx_word' id='word_1_354' title='bbox 1176 2502 1341 2540; x_wconf 86' lang='lat' dir='ltr'>absoluta</span> <span class='ocrx_word' id='word_1_355' title='bbox 1356 2502 1390 2538; x_wconf 65' lang='lat' dir='ltr'>&lt;Se</span> <span class='ocrx_word' id='word_1_356' title='bbox 1404 2502 1564 2552; x_wconf 62' lang='lat' dir='ltr'>perfecta</span> <span class='ocrx_word' id='word_1_357' title='bbox 1576 2513 1631 2538; x_wconf 86' lang='lat' dir='ltr'>ars</span> <span class='ocrx_word' id='word_1_358' title='bbox 1646 2502 1791 2553; x_wconf 60' lang='lat' dir='ltr'>pistura:</span> <span class='ocrx_word' id='word_1_359' title='bbox 1803 2503 1865 2539; x_wconf 87' lang='lat' dir='ltr'>de-</span> 
     </span>
     <span class='ocr_line' id='line_1_39' title="bbox 275 2554 1866 2608; baseline -0.001 -16"><span class='ocrx_word' id='word_1_360' title='bbox 275 2557 481 2606; x_wconf 86' lang='lat' dir='ltr'>promitur,</span> <span class='ocrx_word' id='word_1_361' title='bbox 495 2555 514 2592; x_wconf 71' lang='lat' dir='ltr'>a</span> <span class='ocrx_word' id='word_1_362' title='bbox 528 2555 732 2593; x_wconf 83' lang='lat' dir='ltr'>Geomcrra</span> <span class='ocrx_word' id='word_1_363' title='bbox 743 2554 851 2594; x_wconf 80' lang='lat' dir='ltr'>facile</span> <span class='ocrx_word' id='word_1_364' title='bbox 861 2559 1129 2608; x_wconf 81' lang='lat' dir='ltr'>intelliguntur.</span> <span class='ocrx_word' id='word_1_365' title='bbox 1150 2559 1233 2601; x_wconf 80' lang='lat' dir='ltr'>Ejus</span> <span class='ocrx_word' id='word_1_366' title='bbox 1244 2569 1334 2594; x_wconf 90' lang='lat' dir='ltr'>vero</span> <span class='ocrx_word' id='word_1_367' title='bbox 1345 2560 1429 2595; x_wconf 86' lang='lat' dir='ltr'>artis</span> <span class='ocrx_word' id='word_1_368' title='bbox 1446 2559 1626 2608; x_wconf 83' lang='lat' dir='ltr'>imperitis</span> <span class='ocrx_word' id='word_1_369' title='bbox 1640 2569 1760 2606; x_wconf 90' lang='lat' dir='ltr'>neque</span> <span class='ocrx_word' id='word_1_370' title='bbox 1770 2557 1866 2593; x_wconf 82' lang='lat' dir='ltr'>rudi.</span> 
     </span>
     <span class='ocr_line' id='line_1_40' title="bbox 275 2612 1863 2664; baseline 0.001 -16"><span class='ocrx_word' id='word_1_371' title='bbox 275 2622 417 2651; x_wconf 86' lang='lat' dir='ltr'>menta,</span> <span class='ocrx_word' id='word_1_372' title='bbox 432 2624 553 2661; x_wconf 88' lang='lat' dir='ltr'>neque</span> <span class='ocrx_word' id='word_1_373' title='bbox 566 2612 656 2650; x_wconf 90' lang='lat' dir='ltr'>ullas</span> <span class='ocrx_word' id='word_1_374' title='bbox 670 2612 814 2662; x_wconf 60' lang='lat' dir='ltr'>pieturae</span> <span class='ocrx_word' id='word_1_375' title='bbox 826 2615 989 2650; x_wconf 83' lang='lat' dir='ltr'>rationes</span> <span class='ocrx_word' id='word_1_376' title='bbox 1002 2643 1011 2657; x_wconf 83' lang='lat'>‚</span> <span class='ocrx_word' id='word_1_377' title='bbox 1025 2613 1125 2663; x_wconf 79' lang='lat' dir='ltr'>posse</span> <span class='ocrx_word' id='word_1_378' title='bbox 1137 2613 1217 2650; x_wconf 85' lang='lat' dir='ltr'>satis</span> <span class='ocrx_word' id='word_1_379' title='bbox 1238 2624 1362 2664; x_wconf 86' lang='lat' dir='ltr'>patere</span> <span class='ocrx_word' id='word_1_380' title='bbox 1374 2614 1541 2650; x_wconf 81' lang='lat' dir='ltr'>arbitror.</span> <span class='ocrx_word' id='word_1_381' title='bbox 1583 2615 1683 2662; x_wconf 77' lang='lat' dir='ltr'>Ergo</span> <span class='ocrx_word' id='word_1_382' title='bbox 1696 2613 1863 2649; x_wconf 56' lang='lat' dir='ltr'>Geome⁶</span> 
     </span>
     <span class='ocr_line' id='line_1_41' title="bbox 279 2666 1862 2717; baseline 0.001 -14"><span class='ocrx_word' id='word_1_383' title='bbox 279 2668 386 2704; x_wconf 83' lang='lat' dir='ltr'>triam</span> <span class='ocrx_word' id='word_1_384' title='bbox 407 2668 778 2717; x_wconf 71' lang='lat' dir='ltr'>pi&amp;oiibu31niniiiie</span> <span class='ocrx_word' id='word_1_385' title='bbox 789 2669 1050 2717; x_wconf 81' lang='lat' dir='ltr'>negligendam</span> <span class='ocrx_word' id='word_1_386' title='bbox 1064 2668 1220 2707; x_wconf 79' lang='lat' dir='ltr'>affirmo.</span> <span class='ocrx_word' id='word_1_387' title='bbox 1249 2669 1424 2706; x_wconf 79' lang='lat' dir='ltr'>Proxime</span> <span class='ocrx_word' id='word_1_388' title='bbox 1437 2681 1514 2706; x_wconf 90' lang='lat' dir='ltr'>non</span> <span class='ocrx_word' id='word_1_389' title='bbox 1527 2669 1624 2706; x_wconf 87' lang='lat' dir='ltr'>abre</span> <span class='ocrx_word' id='word_1_390' title='bbox 1636 2670 1710 2704; x_wconf 62' lang='lat' dir='ltr'>eritv</span> <span class='ocrx_word' id='word_1_391' title='bbox 1727 2666 1751 2703; x_wconf 87' lang='lat' dir='ltr'>si</span> <span class='ocrx_word' id='word_1_392' title='bbox 1764 2668 1862 2704; x_wconf 73' lang='lat' dir='ltr'>Poe·</span> 
     </span>
     <span class='ocr_line' id='line_1_42' title="bbox 278 2722 1859 2774; baseline 0.001 -15"><span class='ocrx_word' id='word_1_393' title='bbox 278 2724 324 2759; x_wconf 84' lang='lat' dir='ltr'>tis</span> <span class='ocrx_word' id='word_1_394' title='bbox 338 2733 446 2770; x_wconf 88' lang='lat' dir='ltr'>atque</span> <span class='ocrx_word' id='word_1_395' title='bbox 460 2723 694 2761; x_wconf 76' lang='lat' dir='ltr'>Rhetoribus</span> <span class='ocrx_word' id='word_1_396' title='bbox 711 2724 998 2762; x_wconf 64' lang='lat' dir='ltr'>delectabuntur.</span> <span class='ocrx_word' id='word_1_397' title='bbox 1029 2725 1133 2761; x_wconf 84' lang='lat' dir='ltr'>Nam</span> <span class='ocrx_word' id='word_1_398' title='bbox 1145 2724 1182 2761; x_wconf 86' lang='lat' dir='ltr'>hi</span> <span class='ocrx_word' id='word_1_399' title='bbox 1194 2725 1345 2774; x_wconf 84' lang='lat' dir='ltr'>quidem</span> <span class='ocrx_word' id='word_1_400' title='bbox 1356 2726 1492 2765; x_wconf 83' lang='lat' dir='ltr'>multa,</span> <span class='ocrx_word' id='word_1_401' title='bbox 1519 2737 1606 2761; x_wconf 88' lang='lat' dir='ltr'>cum</span> <span class='ocrx_word' id='word_1_402' title='bbox 1617 2723 1757 2774; x_wconf 67' lang='lat' dir='ltr'>pistore</span> <span class='ocrx_word' id='word_1_403' title='bbox 1769 2751 1780 2767; x_wconf 88' lang='lat'>‚</span> <span class='ocrx_word' id='word_1_404' title='bbox 1799 2722 1859 2760; x_wconf 84' lang='lat' dir='ltr'>lia-</span> 
     </span>
     <span class='ocr_line' id='line_1_43' title="bbox 278 2776 1499 2818; baseline 0.006 -6"><span class='ocrx_word' id='word_1_405' title='bbox 278 2776 367 2813; x_wconf 83' lang='lat' dir='ltr'>bent</span> <span class='ocrx_word' id='word_1_406' title='bbox 385 2790 607 2816; x_wconf 83' lang='lat' dir='ltr'>ornamenta</span> <span class='ocrx_word' id='word_1_407' title='bbox 618 2780 852 2818; x_wconf 88' lang='lat' dir='ltr'>communia.</span> <span class='ocrx_word' id='word_1_408' title='bbox 1493 2782 1499 2790; x_wconf 92' lang='lat'>&#39;</span> 
     </span>
     <span class='ocr_line' id='line_1_44' title="bbox 330 2832 1858 2886; baseline 0.003 -18"><span class='ocrx_word' id='word_1_409' title='bbox 330 2834 463 2881; x_wconf 86' lang='lat' dir='ltr'>Neque</span> <span class='ocrx_word' id='word_1_410' title='bbox 476 2845 601 2881; x_wconf 81' lang='lat' dir='ltr'>parum</span> <span class='ocrx_word' id='word_1_411' title='bbox 612 2836 662 2872; x_wconf 89' lang='lat' dir='ltr'>illi</span> <span class='ocrx_word' id='word_1_412' title='bbox 672 2835 827 2883; x_wconf 87' lang='lat' dir='ltr'>quidem</span> <span class='ocrx_word' id='word_1_413' title='bbox 842 2836 1044 2873; x_wconf 88' lang='lat' dir='ltr'>multarum</span> <span class='ocrx_word' id='word_1_414' title='bbox 1056 2848 1177 2873; x_wconf 91' lang='lat' dir='ltr'>rerum</span> <span class='ocrx_word' id='word_1_415' title='bbox 1190 2836 1329 2874; x_wconf 80' lang='lat' dir='ltr'>noticia</span> <span class='ocrx_word' id='word_1_416' title='bbox 1343 2834 1487 2886; x_wconf 84' lang='lat' dir='ltr'>copiosi</span> <span class='ocrx_word' id='word_1_417' title='bbox 1500 2834 1629 2870; x_wconf 79' lang='lat' dir='ltr'>literati</span> <span class='ocrx_word' id='word_1_418' title='bbox 1646 2832 1689 2870; x_wconf 88' lang='lat' dir='ltr'>ad</span> <span class='ocrx_word' id='word_1_419' title='bbox 1703 2832 1858 2872; x_wconf 71' lang='lat' dir='ltr'>historiae</span> 
     </span>
    </p>
   </div>
   <div class='ocr_carea' id='block_1_7' title="bbox 272 2887 1857 2983">
    <p class='ocr_par' dir='ltr' id='par_1_7' title="bbox 272 2887 1857 2983">
     <span class='ocr_line' id='line_1_45' title="bbox 272 2887 1856 2941; baseline 0.002 -17"><span class='ocrx_word' id='word_1_420' title='bbox 272 2887 592 2939; x_wconf 87' lang='lat' dir='ltr'>compositionem</span> <span class='ocrx_word' id='word_1_421' title='bbox 602 2891 759 2941; x_wconf 82' lang='lat' dir='ltr'>pulchre</span> <span class='ocrx_word' id='word_1_422' title='bbox 771 2891 1069 2930; x_wconf 86' lang='lat' dir='ltr'>constituendam</span> <span class='ocrx_word' id='word_1_423' title='bbox 1079 2892 1260 2938; x_wconf 85' lang='lat' dir='ltr'>juvabunt</span> <span class='ocrx_word' id='word_1_424' title='bbox 1269 2917 1278 2931; x_wconf 93' lang='lat'><em>‚</em></span> <span class='ocrx_word' id='word_1_425' title='bbox 1299 2904 1381 2941; x_wconf 87' lang='lat' dir='ltr'>quae</span> <span class='ocrx_word' id='word_1_426' title='bbox 1394 2891 1518 2929; x_wconf 89' lang='lat' dir='ltr'>omnis</span> <span class='ocrx_word' id='word_1_427' title='bbox 1528 2890 1602 2926; x_wconf 83' lang='lat' dir='ltr'>laus</span> <span class='ocrx_word' id='word_1_428' title='bbox 1613 2888 1808 2939; x_wconf 82' lang='lat' dir='ltr'>praesertim</span> <span class='ocrx_word' id='word_1_429' title='bbox 1819 2891 1856 2927; x_wconf 86' lang='lat' dir='ltr'>in</span> 
     </span>
     <span class='ocr_line' id='line_1_46' title="bbox 1728 2956 1857 2983; baseline 0.016 -2"><span class='ocrx_word' id='word_1_430' title='bbox 1728 2956 1857 2983; x_wconf 76' lang='lat' dir='ltr'>inven-</span> 
     </span>
    </p>
   </div>
   <div class='ocr_carea' id='block_1_8' title="bbox 280 1046 630 1389">
    <p class='ocr_par' dir='ltr' id='par_1_8' title="bbox 280 1046 630 1389">
     <span class='ocr_line' id='line_1_47' title="bbox 280 1046 630 1389; baseline 0.06 -21"><span class='ocrx_word' id='word_1_431' title='bbox 280 1046 630 1389; x_wconf 95' lang='lat' dir='ltr'>  </span> <span class='ocrx_word' id='word_1_432' title='bbox 461 1368 630 1389; x_wconf 95' lang='lat' dir='ltr'> </span> 
     </span>
    </p>
   </div>
  </div>
 </body>
</html>
