2023 3162
493 87 558 111 nr
605 71 1114 112 AuenirnchRA
1170 71 1402 111 Liss.111.
1696 85 1745 123 43

152 153 235 195 pars
248 140 491 180 constituatur
508 143 545 178 in
564 140 797 179 crassitudine
817 141 883 177 imi
895 141 1007 190 scapi,
1030 140 1079 177 ita
1093 139 1284 178 habebitur
1297 152 1451 191 prorata
1474 143 1749 191 partcinterco-

153 201 385 237 lumniorum
405 199 513 234 tatio.
546 195 885 252 Qniadmodum
905 199 1006 232 enim
1027 195 1197 233 crescunt
1215 194 1326 247 spatia
1344 198 1440 234 inter
1458 198 1655 235 columnas
1669 228 1678 242 ,
1696 200 1748 235 ita

153 253 464 307 proportionibus
475 252 696 302 adaugendae
708 250 787 288 sunt
800 249 1049 288 crassitudines
1058 251 1267 302 scaporum.
1283 252 1463 302 Namque
1474 252 1498 289 {i
1508 256 1546 289 in
1557 254 1748 301 araeostylo

153 321 259 348 nona
270 321 330 346 aut
343 310 486 346 decima
496 319 577 360 pars
592 305 832 344 crassitudinis
847 306 957 343 fuerit
968 336 979 351 ‚
998 308 1120 343 tenuis
1130 309 1168 345 ὃς
1179 309 1283 345 exilis
1303 308 1505 359 apparebit.
1531 309 1630 345 'Ideo
1643 310 1749 357 quod

152 378 216 416 per
227 364 462 403 latitudinem
475 364 859 400 intercolumniorum
869 363 933 398 aer
943 361 1128 399 consumit
1137 364 1173 400 δε
1184 365 1370 400 imminuit
1379 363 1539 413 aspe6³ms
1550 363 1748 413 scaporum

154 420 440 459 crassitudiiiem.
475 419 621 457 Contra
631 430 721 456 vero
731 417 951 467 pycnostylis
961 417 987 454 fi
999 418 1128 455 octava
1138 430 1218 468 pars
1230 418 1470 458 craflitudiiiis
1481 419 1589 457 fuerit
1597 431 1749 470 propter

154 477 392 514 crebritatem
419 477 458 512 ὅτ
477 474 659 524 angustias
678 473 1061 511 intercolumniorum
1074 499 1082 512 ,
1107 474 1289 512 tumidam
1310 475 1347 511 δε
1366 475 1597 513 invenustam
1615 474 1752 512 efficiet

154 533 327 583 speciem-
355 533 486 580 Itaque
496 532 639 580 generis
659 532 782 579 operis
795 539 947 579 oportet
965 528 1130 579 persequi
1146 529 1393 581 Synimetrias.
1424 532 1620 579 Etiamque
1640 543 1752 581 angu-

154 591 244 626 lares
266 588 453 625 columnae
472 584 663 622 crassiores
680 585 857 621 facienda:
876 584 959 621 sunt
969 596 1014 621 ex
1032 583 1091 620 sua
1110 583 1290 622 diametro
1312 586 1614 636 quinquagesima
1634 597 1750 636 parte,

156 644 262 694 quod
271 655 319 681 eae
329 643 373 681 ab
385 643 471 679 a'ere
481 641 762 679 circumduntur
779 642 817 677 δε
835 641 1049 689 graciliores
1069 638 1136 676 effe
1155 640 1325 678 videntur
1343 641 1612 691 aspicientibus.
1646 643 1746 692 Ergo

155 699 264 749 quod
273 700 408 737 oculos
426 697 532 742 fallit,
543 698 831 734 ratiocinatione
852 695 901 732 est
921 695 1191 743 exequendum.
1206 693 1281 747 [f]
1305 696 1560 735 CoiitraCtuioe
1573 708 1697 735 autem
1708 700 1746 736 in

155 756 308 792 summis
319 755 581 792 columnarum
591 750 876 802 hypotracheliis
887 752 936 787 ita
947 750 1127 787 faciendae
1136 750 1327 789 videntur,
1352 752 1406 788 uti
1416 751 1440 788 si
1452 754 1538 789 colu
1546 765 1631 790 nina
1650 752 1690 790 sit
1699 755 1746 791 ab

155 812 318 850 minimo
328 809 371 848 ad
380 809 491 860 pedes
503 809 643 858 quinos
655 807 786 851 denos,
798 808 872 844 ima
887 804 1087 843 crassitudo
1100 805 1285 844 dividatur
1294 808 1333 843 in
1345 818 1464 856 partes
1475 807 1531 845 sex
1545 837 1555 853 ‚
1569 811 1605 846 ὃ(
1618 821 1747 846 earum

156 868 317 919 partium
334 867 499 915 quinque
510 864 651 901 summa
671 861 925 900 constituatur.
955 863 1049 899 Item
1061 873 1139 910 quae
1160 864 1227 899 erit
1238 863 1282 900 ab
1305 863 1520 911 quindecim
1538 864 1690 913 pedibus
1701 865 1748 901 ad

156 922 266 974 pedes
276 922 416 971 viginti,
426 919 557 970 scapus
566 922 666 957 imus
677 922 715 956 in
726 929 844 969 partes
857 917 913 955 sex
924 920 962 956 ὃς
978 916 1157 955 semiffem
1167 917 1352 956 dividatur
1365 947 1374 963 ‚
1395 930 1439 955 ex
1461 930 1658 966 earumque
1671 933 1749 969 par-

157 980 254 1016 tium
263 979 389 1026 quinq;
403 978 440 1014 &
452 975 587 1014 semiss'e
597 974 760 1025 superior
771 972 970 1011 crassitudo
982 975 1172 1011 eolumnae
1183 973 1256 1011 fiat.
1280 975 1374 1011 Item
1391 987 1472 1023 quae
1484 976 1551 1011 erit
1563 977 1581 1012 ii
1594 975 1750 1023 pedibus

155 1035 287 1083 viginti
296 1033 340 1071 ad
350 1033 463 1083 pedes
475 1029 769 1082 triginta‚scapus
781 1031 878 1066 imus
890 1029 1074 1067 dividatur
1083 1031 1121 1065 iu
1131 1039 1252 1079 partes
1261 1029 1647 1079 septem‚earumq;sex
1658 1029 1750 1067 sum-

155 1102 218 1129 ma
230 1089 462 1126 contratrum
471 1087 695 1138 perficiatur.
729 1086 823 1137 Qae
844 1097 969 1123 autern
981 1085 1027 1121 ab
1046 1086 1194 1134 triginta
1203 1085 1357 1135 pedibus
1370 1085 1415 1122 ad
1425 1086 1668 1135 quadraginta
1679 1086 1750 1123 alta

157 1146 312 1189 crit,ima
322 1143 523 1182 crassitudo
535 1142 718 1181 dividatur
728 1144 765 1178 in
777 1152 898 1191 partes
908 1139 1048 1190 septem
1059 1140 1095 1177 ὃς
1108 1142 1360 1189 dimidiam3ex
1372 1140 1425 1178 liis
1439 1142 1495 1178 sex
1509 1144 1546 1179 &
1558 1141 1751 1178 dimidiam

156 1204 196 1240 iu
211 1200 354 1238 summo
365 1200 497 1238 habeat
509 1198 754 1237 contra&urae
766 1198 922 1234 ratione.
937 1200 1030 1251 Qae
1041 1207 1148 1235 erunt
1160 1196 1180 1232 a
1190 1210 1238 1233 xr
1250 1196 1404 1247 pedibus
1414 1197 1460 1234 ad
1471 1199 1752 1247 quinquaginta,

156 1259 249 1295 item
259 1256 458 1294 dividendae
466 1255 546 1293 sunt
555 1257 594 1292 in
601 1255 690 1292 οᾶο
701 1265 830 1304 partes,
844 1255 880 1290 ὅ(
890 1264 1017 1290 earum
1031 1255 1099 1305 [g]
1112 1252 1251 1304 septem
1261 1254 1298 1289 in
1310 1252 1460 1290 summo
1469 1253 1565 1304 scapi
1576 1254 1752 1304 hypotra-
1763 1269 1890 1306 Aerpo

159 1312 283 1351 chelio
294 1312 669 1350 contrahantur.ltem
681 1309 706 1346 si
716 1323 794 1359 quae
803 1310 952 1347 altiores
962 1320 1067 1347 erunt
1077 1309 1283 1354 liis,eadem
1294 1311 1438 1348 ratione
1447 1322 1516 1361 pro
1527 1320 1603 1348 tata
1617 1309 1749 1347 consti-
1757 1309 1804 1367 fi‘lj
1815 1313 1884 1348 capi·-

158 1377 313 1406 tuantur
330 1368 578 1406 contraisturae.
597 1367 663 1403 Hae
681 1377 805 1403 autem
816 1376 967 1416 propter
975 1365 1176 1404 altitudinis
1187 1366 1422 1404 intervallum
1432 1365 1636 1404 scandentis
1648 1366 1752 1403 oculi
1763 1359 1823 1378 ma.

160 1422 227 1470 [h]
248 1422 407 1474 speciem
418 1423 561 1465 fallunt}
574 1422 829 1472 quamobrem
840 1422 1061 1467 adjiciuntur
1081 1418 1374 1460 crassitudinibus
1386 1432 1655 1473 temperaturae.
1676 1421 1752 1459 Ve-

159 1479 346 1518 nustatem
357 1481 458 1518 enim
470 1478 695 1530 persequitur
706 1477 800 1515 visus
812 1492 821 1520 ·‚
845 1480 949 1521 cujus
962 1478 987 1515 si
998 1490 1077 1515 non
1088 1477 1297 1517 blandimur
1307 1478 1493 1528 voluptati
1504 1479 1755 1529 proportione

160 1535 199 1574 &
211 1534 457 1576 modulorum
476 1534 745 1583 adieetionibus
758 1563 769 1580 ‚
793 1534 848 1572 uti
858 1535 895 1572 id
903 1536 941 1573 in
961 1546 1040 1584 quo
1052 1533 1187 1572 fallitur
1198 1564 1210 1581 ,
1231 1536 1500 1586 temperatione
1521 1534 1756 1583 adaugeatur,

1072 1591 1099 1627 F
1132 1606 1154 1630 2
1625 1587 1753 1627 vascus

152 1726 189 1764 s]
217 1727 365 1755 Philander.
387 1727 595 1766 Hypotrachelii
607 1729 716 1756 nomine
727 1729 852 1768 intelligo
862 1729 929 1767 scapi
940 1737 1040 1766 partem
1051 1749 1058 1759 ,
1077 1736 1135 1765 quae
1146 1725 1192 1754 sub
1201 1725 1329 1766 astragalo
1340 1725 1390 1755 est,
1403 1722 1533 1763 apothefis
1545 1724 1596 1751 five
1606 1720 1757 1759 apophygis

202 1768 353 1795 confit-xuni
366 1781 372 1799 ;
393 1777 507 1807 utroque
517 1769 590 1796 enim
599 1769 682 1796 modo
691 1770 837 1807 appellatur
857 1778 919 1796 cum
937 1769 1026 1796 limbis
1045 1767 1093 1796 suis
1103 1768 1154 1795 five
1165 1767 1266 1794 annulis
1277 1766 1412 1794 connexus
1421 1785 1428 1795 ‚
1442 1764 1485 1801 qui
1498 1763 1565 1791 fiunt
1576 1764 1601 1790 iri
1612 1762 1718 1789 summis
1729 1764 1756 1788 δε

199 1808 260 1835 imis
271 1807 367 1846 scapis,
389 1808 615 1838 ubicontraeiura
626 1808 763 1846 (pestanila
774 1830 781 1841 ,
798 1813 822 1837 S:
833 1810 858 1836 in
870 1809 1055 1837 columnarum
1075 1807 1238 1836 dimenfione
1248 1807 1394 1834 diametros
1412 1804 1594 1843 intelligenda.
1616 1802 1756 1829 Vitruvius·

199 1848 247 1876 lib.
260 1857 299 1876 iv.
312 1857 369 1886 cap.
383 1857 403 1875 1.
414 1848 497 1876 Bafim
507 1848 575 1887 scapi
583 1850 706 1886 appellat.
719 1850 760 1877 [st
771 1859 858 1877 autem
868 1850 1050 1877 diameterimi
1060 1849 1195 1876 connexus
1205 1847 1311 1874 brevior
1320 1846 1453 1873 diametro
1462 1844 1558 1882 planrae
1568 1851 1637 1882 parte
1647 1842 1756 1870 suiduo-

197 1889 310 1917 decima.
331 1891 441 1926 Superat
452 1890 524 1917 enim
535 1890 645 1917 annulus
660 1890 828 1928 apophvgiin
838 1890 899 1916 binc
914 1898 994 1927 atque
1001 1889 1062 1916 hinc
1073 1897 1146 1926 parte
1158 1887 1236 1925 ipfius
1255 1886 1381 1926 vigefima
1392 1894 1483 1923 quarta
1492 1905 1498 1915 ,
1515 1893 1644 1923 quantum
1653 1882 1753 1910 scilicet

200 1930 267 1958 altus
278 1930 322 1957 est.
333 1929 419 1963 Qod
431 1939 495 1957 veto
504 1930 536 1958 ad
547 1929 685 1969 superioris
697 1923 875 1958 con'traitura:
884 1931 1017 1958 rationem
1026 1931 1133 1962 attinet,
1144 1928 1187 1956 hic
1198 1925 1358 1955 deforniabo
1367 1924 1481 1966 figuram
1492 1923 1567 1964 equa
1577 1934 1626 1963 pro
1638 1921 1754 1952 Vitruvii

201 1969 329 1998 sententia
337 1972 391 2008 peti
402 1966 493 2008 poffit.

287 2044 412 2072 Columna
418 2044 563 2074 altitudinis
755 2049 847 2083 Scapus
855 2047 922 2073 imus
940 2047 989 2074 erit
994 2045 1112 2082 partium
1203 2044 1357 2071 Contrac'z‘m
1367 2042 1580 2080 Scapiufiimmus
1590 2040 1705 2076 partium

338 2096 382 2126 Ad
400 2108 435 2126 xv
451 2098 530 2136 pedes
871 2109 912 2127 vt.
1367 2106 1394 2123 V·

338 2143 382 2170 Ad
399 2153 434 2170 xx
454 2143 531 2182 pedes
872 2154 910 2173 vi.
922 2147 947 2172 S.
1364 2151 1389 2169 v.
1402 2141 1426 2167 S.

338 2187 381 2215 Ad
399 2198 452 2216 xxx
468 2189 546 2227 pedes
874 2199 931 2217 vii.
1367 2196 1408 2214 Vl·

339 2233 382 2261 Ad
400 2243 437 2261 xi„
456 2234 533 2271 pedes
873 2237 965 2263 vit.S.
1365 2232 1443 2259 ’γι-5.

341 2279 381 2307 Ad
399 2289 413 2306 L
433 2279 521 2318 pedes.
875 2290 940 2308 vin.
1369 2287 1422 2305 vir.

157 2357 190 2393 g]
210 2353 294 2383 Idem.
314 2354 431 2382 Adverte
441 2354 467 2382 in
476 2354 661 2384 columnarum
672 2355 852 2387 commistum,
863 2364 917 2393 quo
926 2354 1034 2382 altiores
1042 2352 1100 2382 sunt
1113 2373 1119 2383 ,
1129 2352 1216 2380 minus
1226 2351 1357 2381 contrahi.
1369 2362 1430 2380 nam
1441 2361 1498 2390 qux
1508 2350 1565 2389 plus
1576 2349 1609 2378 ab
1619 2349 1700 2378 oculo
1710 2347 1759 2376 ab-

192 2395 262 2425 sunt.
275 2395 417 2434 graciliora
427 2404 555 2433 apparent
588 2397 621 2424 Et
632 2396 857 2435 quemadmodum
869 2395 989 2423 crescunt
1000 2393 1153 2422 altitudines
1162 2415 1168 2425 ,
1186 2395 1361 2432 proportione
1371 2393 1532 2432 adaugenda:
1541 2390 1679 2428 scaporum
1690 2388 1759 2418 cras-

195 2436 340 2467 fitudines;
360 2446 467 2475 quoque
479 2438 503 2463 in
513 2437 568 2464 aede
577 2437 706 2464 detineres
718 2436 774 2464 sunt
786 2436 875 2474 posita:
887 2436 1034 2467 columnae,
1059 2444 1092 2462 eo
1102 2431 1238 2462 craffiores
1250 2435 1382 2464 videntur,
1392 2443 1485 2461 autore
1496 2432 1582 2459 Plinio
1601 2432 1646 2459 lib.
1660 2440 1756 2458 xxxvi.

195 2487 253 2514 cap.
265 2486 358 2505 xxxix.
376 2479 412 2504 Vt
425 2477 480 2515 plus
491 2477 640 2505 niinuendae
652 2480 756 2505 veniant
775 2476 866 2503 eadem
887 2477 999 2512 ratione.
1021 2475 1096 2503 Idem
1107 2475 1139 2502 de
1152 2475 1246 2503 striatis
1256 2475 1399 2503 dicendum
1409 2495 1415 2507 ‚
1429 2473 1501 2512 quod
1512 2471 1578 2499 visus
1589 2469 1693 2498 fallatur
1703 2471 1757 2498 cir-

195 2518 316 2545 cuitione
325 2517 417 2545 crebra
426 2518 594 2557 pervagando
606 2539 612 2549 ,
631 2527 659 2546 ut
671 2517 737 2545 iufra
748 2516 914 2544 traditurlib.
926 2527 963 2544 iv.
975 2526 1030 2554 cap.
1042 2526 1080 2543 iv.
1105 2515 1172 2543 Illud
1184 2525 1248 2543 vero
1257 2516 1397 2543 admonitu
1407 2515 1520 2554 dignum
1529 2512 1659 2542 ducimus,
1671 2511 1758 2549 patie-

196 2567 255 2586 tum
267 2566 351 2589 antas,
361 2558 387 2586 id
396 2558 508 2596 est,pilas
518 2558 636 2596 adpaCtas
645 2559 695 2586 live
706 2556 816 2587 affictis.
827 2567 891 2595 quas
903 2565 1000 2585 vocant
1010 2557 1128 2592 pilastres.
1136 2556 1259 2584 contrahi
1268 2565 1392 2595 oportere
1403 2555 1434 2582 :id
1444 2553 1609 2592 angularium
1621 2552 1760 2579 columna-

196 2609 256 2627 rum
268 2599 468 2636 Symnietrianm
479 2599 579 2626 etiami}
591 2600 617 2626 in
631 2599 740 2626 Panthei
752 2599 857 2636 porticu
869 2608 923 2625 non
934 2598 964 2625 iit
975 2595 1086 2626 faetum.
1107 2598 1184 2635 Qu
1195 2597 1241 2625 ubi
1251 2607 1284 2625 eo
1295 2605 1405 2624 ventum
1415 2596 1450 2622 est
1461 2615 1467 2626 ,
1486 2593 1600 2620 exterius
1611 2592 1760 2630 epistylium

197 2643 222 2668 &
235 2639 336 2677 reliqua
345 2638 463 2676 superior
472 2639 598 2667 sttuCtura
608 2639 734 2667 relilnint.
756 2641 785 2666 ln
796 2638 888 2676 templi
901 2639 1067 2665 Antonini&
1082 2638 1207 2665 Faustinae
1218 2639 1334 2675 porticu,
1345 2646 1398 2664 nou
1408 2632 1602 2662 contrahuntur
1612 2642 1679 2660 antae
1691 2653 1697 2664 ,
1710 2642 1759 2660 nec

196 2680 315 2708 refiliunt
324 2680 452 2718 epistylia,
462 2678 504 2706 sed
515 2680 546 2707 ad
555 2680 772 2718 pei-pendiculum
784 2678 977 2716 lzvpotrachelii
988 2678 1120 2706 columnae
1132 2678 1265 2705 collocata
1275 2676 1502 2713 sunt.Atticurges
1514 2684 1586 2706 vero,
1598 2674 1649 2701 five
1662 2674 1762 2700 Atticae

198 2721 342 2750 columnae.
353 2719 395 2748 seu
407 2719 510 2758 paribus
520 2720 569 2747 tint
580 2720 706 2748 lateribus
717 2720 858 2759 quadratae,
870 2718 911 2747 seu
922 2729 979 2757 pars
990 2719 1139 2746 interlateat
1152 2722 1175 2746 ὃ(
1186 2728 1243 2756 pars
1254 2718 1403 2755 promineat
1412 2725 1444 2742 ex
1458 2714 1555 2753 pariete
1565 2735 1572 2744 ,
1593 2714 1666 2753 quod
1676 2723 1761 2753 genus

198 2760 294 2789 suntin
303 2760 409 2788 summo
418 2760 628 2798 Amphitheatro
637 2782 643 2792 ,
663 2765 686 2789 8<
697 2760 799 2799 templo
811 2760 935 2788 l-'ottuuae
944 2759 1027 2787 virilis
1038 2762 1135 2788 Roma:
1147 2780 1154 2792 ,
1164 2768 1228 2797 quas
1240 2759 1328 2797 planas
1340 2756 1475 2785 columnas
1484 2754 1625 2794 appellant,
1634 2753 1764 2792 rotundag

200 2811 259 2829 xum
270 2801 458 2830 columnarum
469 2801 663 2829 contrahantur
675 2801 766 2829 modo.

170 2852 201 2888 h]
220 2854 303 2881 Idem.
322 2853 442 2893 Aspecio
453 2853 536 2881 verbo
548 2853 733 2892 antiquodixit
751 2852 864 2891 speeiem
877 2862 925 2891 pro
935 2853 991 2880 acie
1010 2851 1161 2880 oculorum.
1184 2850 1281 2878 Italib.
1293 2861 1331 2878 ix.
1342 2859 1399 2890 cap.
1411 2859 1438 2883 4.
1460 2850 1536 2889 Ergo
1548 2847 1565 2876 {i
1585 2848 1762 2876 tantisi'nter-

203 2893 368 2963 ῗιὶἓίῃοίίη
376 2895 473 2935 species
480 2896 565 2934 potest
584 2895 610 2924 id
620 2893 839 2923 animadvertere.
863 2894 974 2922 M-Ter.
986 2893 1121 2925 Vatrolib.
1130 2892 1162 2921 de
1182 2892 1241 2921 Lat.
1250 2891 1331 2931 Ling.
1341 2902 1365 2923 v.
1375 2892 1517 2921 annotavit
1535 2899 1567 2918 ex
1578 2887 1696 2928 auspiciis
1707 2887 1762 2915 dici

215 2943 246 2972 pe
276 2944 372 2964 ionem.

1646 2985 1675 3018 i]
1686 2981 1769 3013 Idem.
