2023 3162
165 2455 228 2489 Cap.
241 2461 279 2483 vr.

298 73 344 103 88
654 57 1097 99 M.V1*rituvii
1146 55 1525 94 Pontionis

293 130 553 183 perfeffiones.
583 128 696 166 Dicet
706 127 834 175 aliquis
844 125 954 170 forte,
983 125 1037 171 [i]
1059 124 1177 168 multa
1188 123 1327 162 theatra
1348 125 1490 162 Romae
1503 125 1700 173 quotannis
1711 125 1801 165 fasta
1813 128 1896 175 effe,

296 198 422 237 neque
441 187 553 224 ullam
568 185 758 221 rationem
778 181 912 219 harum
923 191 1050 218 rerum
1068 181 1106 216 in
1118 179 1174 217 his
1187 178 1306 217 fuiffe:
1332 178 1392 216 sed
1405 179 1472 225 [k]
1492 181 1623 218 erravit
1639 183 1677 219 in
1699 194 1747 221 eo
1760 213 1770 228 ‚
1788 185 1895 234 quod

295 244 426 281 omnia
450 241 598 292 publica
619 240 739 288 lignea
748 234 892 274 theatra
910 236 1159 273 tabulationes
1180 234 1318 273 habent
1331 237 1548 285 complures
1560 260 1568 274 ‚
1590 249 1677 285 quas
1688 241 1829 278 necess'e
1844 240 1894 278 est

296 298 438 337 sonare.
456 297 544 334 Hoc
554 306 643 333 vero
656 295 742 330 licet
760 290 1047 329 animadvertere
1059 293 1172 329 etiam
1184 292 1225 327 in
1245 291 1491 335 Citharoedis‚
1509 292 1576 339 qui
1588 292 1770 342 superiore
1780 305 1894 342 ωηο,

297 366 389 393 cum
399 354 530 391 volunt
543 360 671 387 canere
682 376 693 392 ‚
714 346 908 385 advertunt
919 345 952 383 se
961 345 1008 384 ad
1027 348 1156 384 Scenae
1166 348 1288 384 valvas
1301 377 1310 392 ,
1321 346 1422 384 &ita
1434 347 1615 396 recipiunt
1635 347 1681 385 ab
1693 359 1817 389 earum
1831 364 1894 390 au-

296 411 389 448 xilio
400 406 685 446 consonantiam
695 404 814 440 vocis.
845 402 949 440 Cum
960 412 1086 441 autem
1097 414 1141 440 ex
1149 402 1271 440 solidis
1281 403 1389 440 rebus
1400 402 1540 439 theatra
1552 402 1820 445 constituuntur
1831 433 1839 446 ‚
1855 407 1892 445 id

300 466 363 510 est,
390 477 433 502 ex
446 462 617 501 structura
628 468 911 503 caementorum,
922 458 1041 510 lapide
1055 488 1065 503 ,
1076 453 1278 498 marmore,
1293 471 1377 508 quae
1388 457 1517 495 sonare
1528 469 1604 495 non
1616 458 1766 508 poffunt
1775 489 1786 505 ‚
1804 473 1894 502 tune

301 533 346 558 ex
360 521 412 557 his
423 519 490 556 hac
511 517 653 553 ratione
662 514 742 551 sunt
761 513 988 565 explicanda.
1023 514 1084 552 Sin
1096 524 1222 552 autem
1242 515 1415 564 quaeritur
1426 543 1436 559 ,
1458 515 1495 550 in
1505 526 1582 562 quo
1595 514 1741 552 theatro
1760 527 1804 553 ea
1814 517 1894 557 sunt

300 577 394 613 fasta
407 603 417 619 ,
437 575 577 609 Romae
589 582 667 608 non
677 568 868 620 possumus
880 569 1073 608 ostendere
1085 597 1093 612 ,
1116 569 1226 608 sedin
1247 571 1361 608 Italiae
1371 569 1586 619 regionibus
1595 599 1606 614 ,
1635 570 1720 608 &in
1731 571 1895 623 pluribus

299 632 520 667 Graecorum
533 626 954 676 civitatibus.Etiamque
965 635 1138 665 autorem
1151 624 1763 675 habemus[l]L.Mummium‚qui
1773 627 1895 666 diruto

296 686 441 723 theatro
460 682 749 720 Corinthiorum
763 711 773 727 ‚
793 684 868 729 ejus
877 692 976 720 aenea
988 683 1159 720 Romam
1170 681 1391 732 deportavit,
1422 683 1460 718 ὃ(
1473 681 1518 717 de
1530 681 1714 719 manubiis
1726 683 1770 720 ad
1779 682 1896 722 aedem

297 742 414 779 Lunae
426 739 623 777 dedicavit.
637 738 750 776 Multi
761 739 875 775 etiam
885 737 1037 776 solertes
1049 737 1336 787 Architee‘ti‚qui
1345 739 1381 774 in
1392 737 1539 787 oppidis
1551 749 1628 774 non
1640 739 1783 787 magnis
1795 738 1897 777 thea-

299 806 355 834 tra
366 795 655 834 constituerunt,
679 804 832 844 propter
842 795 1013 846 inopiam
1026 823 1037 838 ,
1063 795 1140 840 [m]
1160 793 1330 831 fictilibus
1342 793 1449 830 doliis
1472 794 1522 830 ita
1533 792 1745 833 sonantibus
1757 794 1895 841 celestis,

298 851 369 890 hac
380 851 670 890 ratiocinatione
681 848 904 902 compositis
913 876 922 893 ,
949 848 1184 902 perfecerunt
1196 847 1407 889 utilissimos
1419 845 1579 888 effeCius.

959 960 994 998 C
1022 975 1047 1000 A
1074 973 1106 1001 1‘.
1163 963 1238 1002 VI.

611 1052 694 1104 De
709 1051 1087 1123 conformatione
1109 1049 1572 1127 Theatrifaciendct.

299 1172 438 1257 IPfins
450 1184 578 1213 autem
590 1174 723 1212 theatri
735 1174 994 1213 conformatio
1005 1173 1054 1212 fic
1066 1174 1116 1213 est
1124 1174 1292 1214 facienda
1303 1205 1313 1221 ‚
1336 1175 1391 1213 uti
1401 1186 1518 1225 quam
1548 1175 1609 1220 [a]
1629 1183 1762 1222 magna
1773 1171 1898 1212 sutura

340 1230 388 1267 est
399 1232 617 1280 perimetros
628 1233 845 1276 imi,centro
855 1230 984 1267 medio
995 1231 1192 1270 collocato
1203 1233 1474 1281 circumagatur
1485 1231 1583 1267 linea
1595 1228 1894 1273 rotundationis,

299 1288 341 1323 in
353 1298 468 1335 caque
489 1296 650 1336 quatuor
662 1285 863 1325 scribantur
881 1288 1026 1337 trigona
1036 1289 1183 1338 paribus
1193 1287 1363 1326 lateribus
1383 1289 1421 1325 ὅ(
1440 1286 1639 1324 intervallis
1649 1310 1658 1324 ‚
1683 1296 1765 1334 quoe
1777 1293 1898 1321 extre-

300 1354 404 1380 mam
415 1342 550 1380 lineam
572 1343 824 1394 circinationis
835 1352 987 1393 tangant
1000 1372 1010 1387 ,
1030 1343 1165 1392 quibus
1177 1345 1289 1382 etiam
1309 1345 1347 1380 in
1359 1341 1566 1380 duodecim
1587 1340 1776 1391 signorum
1790 1340 1897 1378 caele-

300 1397 412 1434 stium
423 1397 667 1449 descriptione
677 1398 869 1448 Astrologi
882 1427 892 1442 ‚
909 1410 953 1435 ex
963 1398 1104 1438 musica
1115 1401 1380 1438 convenientia
1390 1398 1571 1436 astrorum
1582 1427 1591 1442 ,
1615 1396 1894 1434 ratiocinantur.

301 1453 357 1490 Ex
368 1452 421 1489 his
432 1455 587 1503 trigonis
601 1479 608 1493 ,
632 1456 735 1501 cujus
752 1455 846 1493 latus
868 1454 981 1492 fuerit
991 1456 1209 1505 proximum
1231 1457 1358 1494 Scenae
1370 1484 1382 1501 ‚
1404 1465 1446 1492 ea
1458 1455 1613 1503 regione
1631 1463 1713 1501 quae
1732 1450 1899 1503 praecidit

302 1519 537 1547 curvaturam
547 1512 814 1556 circinationis,
823 1511 873 1548 ibi
882 1508 1030 1548 finiatur
1038 1511 1163 1550 Scenae
1174 1512 1294 1557 frons,
1305 1514 1343 1550 ὃ(
1356 1511 1459 1549 abeo
1470 1510 1562 1547 loco
1574 1521 1638 1561 per
1649 1504 1820 1546 centrum
1831 1519 1896 1558 pa-

302 1565 449 1602 rallelos
461 1567 557 1602 linea
569 1566 725 1603 ducatur
735 1596 745 1611 ,
766 1579 850 1616 quae
862 1565 1045 1616 disjungat
1055 1564 1113 1614 [b]
1126 1567 1307 1618 proscenii
1320 1567 1505 1619 pulpitum
1516 1565 1553 1602 ὃς
1564 1563 1757 1603 orchestra:
1768 1565 1897 1614 regio-

303 1632 391 1658 nem
405 1622 472 1669 (ita
482 1622 592 1659 latius
604 1621 745 1659 factum
756 1621 865 1660 fuerit
876 1623 1078 1674 pulpitum,
1091 1635 1206 1674 quam
1219 1624 1460 1663 Graecorum,
1479 1624 1536 1670 [c]
1550 1621 1655 1672 quod
1664 1620 1898 1714 omnesgrti-

1835 1686 1897 1713 ces

300 1766 332 1799 i]
362 1767 445 1794 Idem.
471 1767 588 1796 Theatra
603 1780 633 1797 ex
644 1772 729 1798 veteri
740 1780 814 1799 more
835 1771 923 1811 lignea
939 1781 968 1799 ac
979 1771 1139 1810 temporaria
1154 1771 1270 1809 primum
1279 1771 1378 1800 fiebant
1391 1793 1398 1805 ,
1410 1773 1468 1811 post
1479 1772 1559 1800 etiam
1580 1770 1716 1799 versatilia.
1739 1766 1897 1804 Cuiusmodi

343 1808 377 1834 C,
389 1807 536 1835 Curionem
546 1808 571 1835 in
581 1806 685 1837 funebri
695 1812 774 1849 patris
785 1821 895 1839 munere
905 1809 994 1840 fecisse
1012 1811 1101 1840 scribit
1120 1812 1186 1840 Plin.
1198 1812 1245 1840 lib.
1259 1818 1302 1846 36.
1314 1823 1371 1850 cap.
1381 1822 1418 1847 15.
1438 1815 1509 1851 Qae
1520 1822 1558 1839 res
1569 1810 1672 1839 tametsi
1690 1806 1806 1838 difficilis
1822 1806 1896 1837 factu

340 1844 432 1879 fuerit,
445 1857 503 1875 eam
513 1856 604 1876 tamen
616 1850 793 1879 intelleximus
809 1855 833 1879 ὅ(
842 1850 1060 1880 deformavit-nus.
1083 1852 1174 1880 Postea
1185 1852 1309 1880 lateribus
1321 1873 1328 1885 ,
1346 1853 1430 1890 lapide
1439 1852 1505 1880 caeso
1516 1855 1541 1880 ὅ(
1552 1860 1684 1879 marmore
1693 1850 1815 1878 extrueta
1823 1847 1893 1880 sunt,

341 1897 396 1914 non
407 1889 567 1926 temporatia
579 1898 664 1920 mora,
681 1901 772 1919 verum
784 1892 938 1919 :eternitatis
948 1892 1133 1924 destinatione,
1142 1900 1170 1919 ut
1179 1892 1268 1920 dicam
1278 1902 1340 1920 curn
1352 1892 1447 1925 Plinio,
1458 1892 1533 1930 quale
1543 1891 1673 1928 Pompeii,
1682 1890 1757 1929 quale
1767 1890 1808 1918 M.
1819 1889 1897 1917 Mar-

341 1927 418 1960 celli,
435 1938 549 1966 quorum
558 1929 641 1957 invita
651 1939 806 1969 temporum
816 1931 910 1967 injuria
920 1933 1001 1959 etiam
1013 1942 1082 1960 nunc
1091 1940 1184 1959 extant
1194 1932 1329 1960 cadavera.
1355 1934 1394 1959 Ex
1405 1932 1529 1960 lateribus
1541 1930 1775 1969 Amphitheatrum
1786 1932 1894 1963 Romae,

343 1969 441 1996 Statilii
452 1990 458 2001 ‚
480 1977 553 1997 extra
562 1969 655 1998 urbem
665 1971 697 1998 ad
718 1972 810 2008 Lyrim
823 1973 974 2010 Campaniae
987 1972 1097 2000 fluvium
1110 1992 1117 2004 ,
1136 1973 1181 2009 qui
1191 1980 1314 2010 ternpore
1323 1972 1400 1999 Plinii
1412 1972 1539 2000 Glanicus
1549 1971 1687 2000 dicebatur
1697 1992 1703 2004 ,
1724 1980 1795 1999 nunc
1809 1971 1891 1998 Gari-

339 2008 427 2046 gliano
437 2009 469 2036 ad
479 2010 642 2042 Minturnas,
651 2021 708 2049 quae
719 2011 798 2040 hodie
809 2016 936 2049 TraJett03
947 2016 971 2040 &-
984 2012 1111 2040 Puteolis.
1133 2013 1171 2039 Ex
1183 2013 1317 2050 quadratis
1327 2011 1455 2051 lapidibus
1466 2034 1472 2044 ,
1486 2015 1590 2045 Romae,
1602 2013 1669 2040 Titi.
1693 2013 1712 2040 Ε
1725 2011 1811 2039 solido
1822 2011 1898 2038 Mar-

343 2058 420 2077 more
430 2070 436 2080 ‚
454 2050 604 2078 Veronense
614 2071 620 2083 ,
640 2053 797 2090 Capuanum
811 2074 817 2086 ,
835 2056 860 2081 ὃ(
869 2051 1039 2080 Atheniense.
1062 2051 1179 2080 Theatra
1192 2063 1256 2080 vero
1268 2051 1282 2080 ὲ
1294 2054 1425 2090 quadratis
1436 2053 1566 2101 lapidibus
1576 2074 1583 2083 ‚
1595 2055 1692 2081 Romae
1702 2073 1709 2084 ‚
1729 2051 1850 2090 Pompeii
1869 2054 1897 2079 &
1938 2087 1943 2089 μ

343 2089 475 2118 Marcelli.
500 2092 572 2129 Qa:
583 2093 679 2120 Romae
698 2091 776 2120 hodie
787 2103 841 2121 non
860 2102 952 2121 extent
963 2113 970 2123 ‚
983 2093 1152 2121 nominantur
1162 2091 1177 2120 a
1188 2093 1328 2121 Paterculo
1340 2091 1419 2121 Caffii
1428 2115 1435 2126 ,
1457 2105 1472 2122 ,ι
1484 2094 1613 2122 Suetonio
1630 2092 1753 2125 Claudii,
1770 2090 1785 2120 a.
1795 2091 1898 2119 Tacito

345 2132 380 2158 C.
394 2129 501 2158 Caesaris
511 2151 518 2163 ‚
540 2130 573 2158 ab
583 2131 701 2160 Ausonio
712 2133 795 2167 Balbi,
805 2134 820 2162 a‘.
832 2135 970 2172 Spartiano
981 2134 1087 2170 Trajani
1097 2155 1104 2165 ,
1126 2132 1141 2162 ὲ
1152 2135 1224 2162 Ξεκῑ.
1236 2134 1345 2162 Aurelio
1356 2135 1482 2168 Neronis,
1492 2134 1506 2162 a
1516 2133 1639 2162 Martiale
1651 2132 1816 2172 Esquilinum
1826 2153 1833 2160 .
1852 2131 1896 2160 sed

345 2179 412 2209 puto
423 2181 471 2210 pro
484 2171 695 2210 Amphitheatris
708 2174 869 2212 accipienda.

303 2211 331 2245 lc]
356 2211 439 2238 Idem.
463 2211 621 2250 Perplacent
630 2213 738 2242 codices
748 2235 755 2247 ,
776 2216 803 2242 in
813 2214 909 2254 quibus
920 2214 1046 2254 scriptum
1055 2215 1169 2256 legimus
1181 2236 1187 2247 ,
1208 2214 1305 2244 errabit
1317 2224 1361 2243 aut
1373 2215 1510 2244 erraverit.
1890 2250 1896 2255 ῃ

302 2251 325 2286 l]
354 2251 437 2279 Idem.
459 2252 624 2281 Mummium
635 2254 799 2284 Corinthum
819 2252 908 2283 viciffe
921 2259 945 2283 δε
957 2255 1013 2284 vasa
1023 2266 1090 2284 cerea
1100 2260 1124 2284 ὅ(
1134 2255 1206 2295 ligna
1218 2256 1307 2284 multis
1323 2256 1429 2284 Achaiae
1438 2256 1539 2294 oppidis
1550 2252 1691 2294 disperiisse
1699 2255 1808 2283 testatur
1825 2253 1892 2281 Plin.

345 2291 392 2319 lib.
407 2301 448 2326 34.
461 2301 517 2331 cap.
530 2301 553 2326 3.
573 2294 700 2322 Meminit
712 2295 840 2325 Asconius
849 2297 928 2324 tertia
937 2305 1114 2326 commentat.
1124 2296 1152 2324 in
1164 2299 1284 2331 Verrem,
1293 2295 1427 2326 Pausanias
1439 2298 1521 2326 etiam
1531 2298 1558 2324 in
1571 2296 1760 2327 Corinthiacis,
1770 2293 1894 2322 Achaicis

350 2336 374 2360 δε
389 2333 493 2360 Eliacis.
1693 2341 1697 2345 ⁴

306 2374 347 2407 m]
371 2373 413 2400 Cl.
422 2373 569 2402 Salmasius.
590 2377 630 2402 De
641 2374 679 2402 his
690 2375 767 2404 doliis
778 2377 966 2416 intelligendus
979 2380 1091 2406 Seneca:
1113 2378 1266 2416 quomodoin
1276 2378 1339 2406 dolio
1350 2380 1480 2406 cantantis
1499 2388 1550 2406 vox
1557 2385 1601 2415 per
1611 2384 1693 2405 totum
1713 2385 1771 2404 cum
1779 2375 1893 2415 quadam

349 2411 490 2449 dissuffitme
494 2417 617 2452 percurrit
627 2424 658 2442 ac
665 2416 763 2451 resimas
770 2438 777 2449 ,
797 2414 831 2448 (ὅ
841 2426 898 2445 tam
909 2418 1002 2446 leviter
1012 2426 1083 2446 mota
1091 2426 1179 2446 tamen
1189 2421 1279 2447 circuit
1290 2429 1338 2446 non
1343 2417 1398 2457 sine
1406 2421 1479 2446 tadu
1488 2418 1541 2454 ejus
1550 2416 1677 2445 tumultus
1687 2425 1735 2454 quo
1742 2416 1838 2452 inclusa
1846 2418 1894 2443 esi.

306 2455 336 2488 a]
358 2453 507 2482 Philander.
531 2456 587 2483 Hic
599 2455 724 2484 estsensus
736 2478 742 2489 ,
763 2467 823 2485 cum
832 2458 930 2486 lineam
940 2458 1044 2487 duxeris
1055 2480 1062 2491 ‚
1074 2468 1199 2498 quantam
1208 2459 1270 2487 velis
1278 2456 1396 2487 frontem
1412 2458 1560 2487 exstruendi
1570 2457 1665 2486 theatri
1676 2465 1764 2496 patere
1776 2477 1782 2489 ,
1799 2458 1826 2484 in
1837 2457 1894 2492 ejus

348 2495 438 2522 medio
447 2495 584 2524 collocato
593 2496 686 2524 circini
697 2497 762 2534 pede
773 2498 877 2525 statario
883 2498 925 2526 seu
936 2499 971 2527 im
977 2500 1069 2527 mobili
1081 2520 1087 2532 ,
1105 2499 1177 2538 quod
1189 2500 1232 2528 hic
1240 2508 1361 2528 centrum
1372 2508 1450 2528 vocat
1461 2520 1468 2533 ,
1491 2500 1529 2527 uti
1539 2508 1596 2538 cap.
1605 2508 1626 2527 1.
1637 2497 1683 2526 lib.
1696 2506 1720 2532 3.
1730 2497 1894 2535 diductoque

347 2536 449 2563 circino
459 2536 491 2563 ad
502 2537 633 2564 utrumvis
645 2546 729 2565 cornu
740 2538 826 2566 ducta:
839 2539 914 2566 lineae
924 2559 930 2570 ,
948 2540 1146 2579 circumagatur
1156 2540 1317 2569 rotundatio.

304 2575 334 2610 h]
358 2576 441 2604 Idem.
461 2576 632 2605 Proscenium
641 2586 734 2605 autore
746 2579 881 2607 Diomede
892 2579 926 2606 est
938 2579 1011 2608 locus
1020 2589 1082 2608 ante
1091 2582 1210 2609 Scenam.
1234 2580 1334 2608 lbierat
1345 2579 1477 2619 pulpitum
1491 2600 1497 2613 ,
1516 2580 1541 2607 in
1551 2579 1622 2619 quod
1633 2580 1735 2608 actores
1746 2576 1893 2607 fabularum

345 2616 490 2654 prodirent.
515 2620 597 2646 Scena
608 2618 696 2655 itaque
703 2618 782 2646 altior
793 2627 847 2647 erat
859 2620 969 2658 pulpito,
982 2620 1113 2659 pulpitum
1123 2621 1201 2649 altius
1213 2621 1343 2649 orchestra
1352 2641 1359 2652 ‚
1378 2620 1405 2647 in
1418 2630 1469 2659 qua
1489 2630 1562 2648 erant
1581 2623 1770 2648 Senatorum&
1780 2618 1893 2647 honori-

345 2653 578 2686 ficentiffimorum
587 2659 654 2697 apud
666 2661 805 2687 Romanos
814 2660 883 2692 loca,
893 2664 916 2687 ὃ(
926 2662 992 2699 apud
1005 2664 1114 2688 Graecos
1124 2660 1219 2689 scenici
1229 2661 1282 2690 suas
1293 2659 1465 2699 perficiebant
1475 2662 1603 2689 astiones.

304 2697 331 2731 c]
362 2697 443 2724 ldt-m.
465 2700 543 2727 Sectis
553 2699 622 2737 apud
643 2701 754 2727 Graecos
766 2720 772 2730 ,
784 2700 851 2739 apud
861 2710 928 2738 quos
940 2722 946 2731 ,
968 2711 1030 2729 cum
1040 2702 1133 2739 reliqui
1143 2701 1256 2730 artifices
1267 2712 1311 2740 per
1321 2700 1481 2729 orchestram
1492 2700 1533 2729 sua
1545 2710 1671 2741 peragant
1683 2722 1689 2733 ,
1699 2701 1746 2729 soli
1757 2699 1855 2728 comici
1866 2704 1893 2729 δ(

346 2737 457 2775 Tragici
466 2737 519 2765 suas
531 2740 557 2766 in
570 2742 650 2767 Stena
661 2740 781 2778 praestant
792 2741 919 2769 astiones.
938 2742 980 2769 Est
993 2752 1082 2770 autem
1093 2744 1174 2770 Scena
1184 2764 1191 2775 ,
1207 2751 1235 2771 ut
1246 2737 1395 2770 Caffidioro
1406 2741 1490 2780 placet
1502 2743 1601 2770 Variat.
1611 2743 1658 2769 lib.
1669 2739 1773 2776 3.frons
1785 2740 1892 2773 theatri,

348 2777 373 2803 id
385 2780 462 2807 cinea
471 2777 564 2806 theatri
577 2790 704 2819 pars,quae
715 2780 748 2808 ab
758 2791 813 2809 uno
823 2782 877 2816 ejus
890 2792 971 2810 cornu
983 2783 1013 2810 ad
1025 2783 1136 2811 alterum
1146 2793 1208 2811 cum
1219 2791 1376 2820 coopertura
1385 2781 1540 2814 ducebatur,
1549 2783 1621 2821 quod
1631 2781 1707 2810 fieret
1719 2781 1852 2810 theatrum
1864 2782 1892 2810 in

346 2816 551 2855 hemicyclifcre
559 2818 683 2848 formam.
706 2822 743 2849 Ea
753 2831 796 2850 aut
809 2821 932 2850 versatilis
941 2820 1001 2855 fuit,
1012 2833 1074 2851 cum
1086 2823 1174 2851 subito
1185 2832 1242 2851 tota
1253 2822 1379 2850 machinis
1391 2821 1546 2861 quibusdam
1557 2831 1712 2854 verteretur.
1726 2826 1749 2850 «St
1760 2822 1838 2849 aliam
1849 2822 1893 2861 pi-

347 2858 430 2886 ciurae
441 2855 536 2885 faciem
546 2860 692 2888 ostenderet
704 2871 762 2893 ‚aut
771 2862 886 2895 ductilis.
901 2873 983 2901 quum
995 2865 1085 2892 [παίὶῐς
1097 2864 1219 2892 tabulatis
1231 2863 1277 2891 hac
1287 2872 1367 2901 atque
1376 2863 1434 2890 illac
1444 2862 1541 2900 species
1551 2863 1659 2901 pistura:
1670 2862 1892 2890 nudareturinte-

347 2899 409 2924 rior.
421 2901 507 2925 Autor
517 2900 619 2926 Servius
630 2900 673 2929 lib.
681 2911 703 2933 3.
714 2904 842 2943 Georgic.
857 2904 907 2931 Sed
915 2904 979 2931 libet
991 2902 1131 2932 Caffidiori
1141 2904 1221 2932 verba
1230 2903 1262 2932 de
1269 2902 1365 2932 theatri
1373 2903 1477 2943 origine
1486 2901 1627 2935 referre,ex
1637 2904 1715 2941 Epist.
1729 2904 1761 2931 ad
1772 2905 1894 2942 Symma-

348 2937 439 2968 chum.
462 2942 529 2966 Cum
539 2939 710 2977 agricultorem
721 2943 815 2983 inquit,
823 2945 927 2981 feriam
938 2944 1108 2982 diebmfizcm
1119 2943 1225 2982 diverfix
1232 2943 1380 2973 mtminihm
1387 2951 1433 2981 per
1441 2944 1510 2972 vicos
1520 2943 1630 2982 lucosque
1640 2943 1891 3021 celebrarent.Athse-

1797 2993 1855 3012 men
1866 2992 1890 3012 es
