2023 3162
493 60 560 86 nn
606 47 1115 100 Aacmi-Ec-rvm
1171 48 1362 91 L113.1‚
1692 68 1735 104 15

146 128 253 159 cetto
264 128 435 170 tempore
452 119 644 157 Ornithiae.
675 118 761 155 Euri
771 130 861 156 vero
874 119 1012 157 medias
1022 130 1144 170 partes
1156 129 1302 158 tenent:
1321 123 1358 159 in
1379 123 1551 161 extremis
1565 153 1573 169 ,
1599 124 1739 165 Caecias

144 179 183 214 &
195 177 415 214 Volturnus.
429 176 522 213 Sunt
531 185 656 212 autem
670 176 707 211 δε
721 176 790 212 alia
798 176 902 225 plura
913 178 1069 213 nomina
1078 175 1255 226 flatusque
1267 177 1483 217 Ventorum
1499 209 1508 224 ,
1521 180 1540 217 a
1551 182 1659 226 locis,
1672 194 1739 220 aut

143 232 362 269 fluminibus
382 242 444 268 aut
462 232 654 269 montium
674 232 848 280 procellis
869 231 991 268 tracia.
1021 232 1196 270 Praetetea
1215 244 1313 271 aurae
1326 237 1516 273 matutinae
1528 265 1538 281 ‚
1558 249 1649 286 quas
1669 239 1737 275 Sol

143 299 238 325 cum
260 289 416 337 emergit
437 287 481 324 de
492 286 723 324 subterranea
739 297 842 336 parte
861 287 1178 339 versand0,pulsat
1196 291 1290 326 aeris
1311 289 1526 336 humorem,
1539 294 1737 343 &impetu

143 341 357 381 scandendo
368 342 520 380 trudens
537 343 710 392 exprimit
729 354 900 379 auratum
912 343 1135 381 antelucano
1144 343 1268 394 spiritu
1277 345 1384 383 flatus
1395 376 1405 392 ‚
1423 348 1588 396 quicum
1598 359 1736 386 exorto

144 398 234 436 Sole
250 397 525 450 permanserint,
537 399 622 435 Euri
631 398 730 434 venti
739 407 867 435 tenent
877 409 1008 448 partes,
1038 399 1085 435 Et
1097 412 1138 436 ea
1147 412 1185 437 te
1196 401 1302 450 quod
1314 414 1357 439 ex
1368 404 1461 440 auris
1470 414 1696 453 procreatur,
1713 404 1736 440 a

144 455 278 502 Grecis
290 454 398 504 erip&-
407 454 550 491 videtur
559 453 772 504 appellatus.
782 453 972 491 Crastinus
983 466 1135 503 quoque
1145 455 1233 496 dies,
1246 468 1399 508 propter
1410 470 1513 496 auras
1525 462 1735 499 matutinas,

143 510 263 558 adom(
278 510 392 548 fertur
402 508 468 546 effe
480 511 681 547 vocitatus.
713 510 807 546 Sunt
817 520 942 546 autem
951 511 1124 548 nonnulli
1135 539 1145 555 ‚
1164 512 1227 559 qui
1237 524 1374 562 negant
1384 514 1663 553 Eratosthenem
1673 528 1733 553 ve-

143 579 224 604 ram
238 565 440 604 mensuram
451 564 552 602 orbis
563 575 664 601 terrae
673 564 829 615 potuiffe
841 566 1038 613 colligere.
1063 577 1144 614 quae
1163 566 1236 604 sive
1247 567 1296 603 est
1316 580 1414 607 certa
1426 598 1437 615 ‚
1457 570 1527 608 sive
1537 584 1618 609 non
1630 584 1731 617 veta,

144 635 225 660 non
237 621 357 673 potest
369 620 491 657 nostra
500 620 675 670 scriptura
687 632 762 657 non
777 632 875 657 vetas
888 620 1020 657 habete
1029 622 1309 660 terminationes
1320 627 1635 673 regionum‚unde
1645 639 1731 665 ven«

144 688 273 715 torum
283 676 418 727 spiritus
428 677 614 713 oriuntur,
644 676 745 724 Ergo
757 675 781 711 fi
791 678 838 712 ita
849 675 910 720 est,
927 685 1075 713 tantum
1085 679 1163 716 erit,
1181 679 1235 715 uti
1245 690 1322 715 non
1334 690 1473 717 certam
1492 684 1665 720 mensura:
1676 696 1732 721 ra-

143 736 290 771 tionem
303 762 314 778 ,
334 731 393 769 sed
412 741 476 768 aut
496 733 659 774 maiores
672 732 837 781 vimpetus
850 760 861 776 ‚
882 740 944 769 aut
965 733 1129 769 minores
1148 732 1309 771 habeant
1329 734 1458 784 singuli
1483 740 1591 775 venti.
1624 742 1734 793 Qo-

147 791 246 826 niam
260 789 335 826 haec
347 789 366 825 a
380 788 488 824 nobis
502 786 659 823 breviter
667 785 746 823 sunt
756 786 979 836 expolita,ut
989 786 1131 824 facilius
1141 790 1524 839 intelligantut‚vi1um
1536 793 1584 830 est
1595 794 1685 831 mihi
1695 796 1736 831 in

145 856 314 883 extremo
323 844 520 881 volumine
531 842 686 886 formas,
696 841 767 879 five
776 845 830 879 uti
840 842 960 880 Graeci
972 840 1120 894 χήμαῖᾷ
1132 844 1278 890 dicunt,
1296 846 1374 882 duo
1391 848 1592 897 explicare:
1614 862 1733 888 unum

143 903 193 938 ita
214 900 459 937 deformatum
471 927 481 943 ‚
503 909 542 935 ut
561 902 731 949 appareat
752 898 851 935 unde
869 900 959 936 certi
977 911 1175 937 ventorum
1197 899 1338 952 spiritus
1357 904 1524 940 oriantur
1538 918 1545 939 ε
1576 906 1734 943 alterum

145 954 468 1006 quemadmodum
491 954 536 990 ab
556 955 698 1004 inipetu
717 965 850 991 corum
862 983 871 998 ‚
901 954 1058 993 adversis
1077 956 1340 994 directionibus
1363 960 1533 995 vicorum
1554 961 1590 997 δε
1602 961 1735 1010 platea-

142 1023 243 1049 rum,
265 1012 446 1048 evitentur
462 1019 644 1047 nocentes
664 1009 781 1047 flatus.
813 1010 890 1047 Erit
901 1013 1078 1047 autemin
1090 1023 1276 1061 exaequata
1293 1015 1444 1063 planitie
1455 1024 1645 1054 centrum,
1669 1016 1733 1053 ubi

143 1067 192 1104 est
201 1067 301 1105 litera
312 1066 359 1107 A,
374 1066 577 1116 gnomonis
587 1075 714 1101 autem
723 1066 1012 1103 antemeridiana
1024 1068 1156 1104 umbra
1166 1068 1230 1104 ubi
1241 1068 1290 1106 est
1302 1070 1341 1110 Β,
1355 1072 1392 1107 ὃ(
1403 1069 1449 1107 ab
1462 1080 1595 1107 centro
1608 1072 1671 1109 ubi
1681 1072 1734 1109 est

142 1124 194 1162 A,
207 1122 359 1160 diducto
370 1123 512 1160 circino
531 1121 575 1158 ad
592 1121 628 1157 id
641 1120 784 1170 {ignum
795 1121 934 1159 umbtae
953 1123 1015 1159 ubi
1034 1123 1082 1159 est
1094 1124 1121 1160 Β
1135 1153 1146 1169 ,
1167 1126 1435 1174 circumagatur
1447 1127 1541 1162 linea
1551 1128 1732 1166 rotunda·

142 1179 275 1215 tionis:
298 1177 460 1229 reposito
473 1188 596 1214 autem
609 1188 804 1227 gnomone
826 1177 889 1214 ubi
898 1187 1003 1216 antea
1014 1178 1151 1224 fuerat,
1174 1182 1400 1230 expectanda
1422 1180 1472 1218 est
1483 1180 1575 1218 dum
1587 1183 1728 1220 decres-

144 1243 204 1270 cat
215 1263 224 1277 ‚
241 1233 424 1283 faciatque
437 1235 571 1271 iterum
582 1232 784 1270 crescendo
794 1245 921 1284 parem
932 1235 1224 1273 antemeridianae
1236 1236 1374 1274 umbrae
1385 1236 1731 1286 postmeridiananu

141 1298 346 1339 tangatque
357 1291 491 1327 lineam
504 1285 567 1335 [h]
577 1289 848 1326 rotundationis
863 1315 871 1329 ‚
894 1290 956 1326 ubi
966 1293 1033 1327 erit
1045 1291 1147 1328 litera
1158 1292 1203 1328 C.
1222 1292 1333 1329 Tunc
1345 1291 1364 1328 a
1375 1292 1479 1342 ligno
1493 1292 1555 1329 ubi
1565 1293 1613 1330 est
1623 1294 1650 1330 Β
1662 1320 1670 1333 ,
1692 1297 1732 1333 &

141 1344 187 1381 ab
200 1344 301 1394 signo
314 1344 434 1382 ubiest
447 1346 500 1384 C,
522 1345 663 1382 circino
675 1344 890 1382 decussatim
903 1345 1127 1384 describatur
1136 1347 1199 1384 ubi
1210 1347 1259 1384 est
1269 1349 1307 1384 D
1317 1378 1328 1393 ‚
1348 1348 1482 1386 deinde
1493 1360 1557 1399 per
1569 1349 1730 1388 decussa-

140 1401 286 1438 tionem
298 1402 361 1439 ubi
372 1400 421 1438 est
433 1402 484 1446 D,
499 1403 536 1439 ὅ(
549 1410 722 1438 centrum
735 1430 744 1445 ‚
766 1400 985 1451 perducatur
1002 1404 1097 1440 linea
1117 1403 1163 1440 ad
1175 1413 1402 1445 extremum,
1427 1406 1464 1441 in
1476 1415 1548 1454 qua
1569 1416 1674 1442 erunt
1686 1406 1731 1442 Ιί-5

140 1456 263 1493 teraeE
275 1459 311 1494 δε
323 1457 361 1492 F.
384 1456 476 1494 Haec
489 1457 582 1493 linea
599 1458 665 1493 erit
674 1457 785 1494 index
805 1458 1014 1495 meridianae
1034 1459 1069 1495 &
1081 1459 1388 1509 Septentrionalis
1408 1461 1579 1509 regionis.
1615 1462 1728 1498 Tunc

141 1512 285 1550 circino
294 1513 409 1550 totius
419 1512 694 1550 rotundationis
704 1511 882 1551 sumenda
897 1514 947 1551 est
957 1526 1036 1565 pars
1055 1514 1297 1554 sextadecima
1310 1545 1320 1560 ‚
1340 1517 1545 1565 circinique
1557 1526 1729 1553 centrum

138 1568 406 1617 ponendumin
418 1568 620 1605 meridiana
632 1569 748 1614 linea,
768 1569 1056 1611 ubiestlitetaF,
1081 1573 1117 1608 δε
1130 1570 1345 1621 signandum
1366 1572 1495 1608 dextra
1513 1582 1556 1607 ac
1578 1570 1729 1616 sinistra,

140 1622 205 1659 ubi
217 1624 295 1661 sunt
307 1625 416 1661 literae
427 1625 440 1660 I
451 1626 487 1661 δε
499 1624 548 1661 K.
561 1626 598 1662 ὃ(
611 1623 656 1660 ab
667 1625 702 1661 G
714 1625 760 1662 ad
771 1625 805 1663 1<
822 1629 859 1663 ὃς
869 1626 916 1662 ab
931 1626 967 1662 H
980 1625 1049 1663 adl
1065 1638 1129 1676 per
1150 1637 1323 1664 centrum
1342 1628 1445 1662 lineae
1466 1625 1723 1676 perducendae.

140 1677 194 1714 Ita
205 1679 309 1727 quod
320 1681 387 1716 erit
397 1679 549 1729 spatium
567 1680 612 1716 ab
631 1680 667 1716 G
686 1681 731 1717 ad
744 1681 794 1719 H,
812 1683 879 1718 erit
898 1680 1053 1731 spatium
1070 1683 1170 1717 venti
1187 1680 1357 1719 Austri&
1367 1683 1476 1731 partis
1495 1681 1727 1718 Meridianae.

138 1733 235 1770 Item
247 1734 353 1783 quod
364 1735 431 1771 erit
440 1735 596 1784 spatium
608 1734 652 1770 ab
664 1736 731 1772 lad
744 1735 793 1773 K,
807 1738 876 1773 erit
885 1737 1166 1786 Septentrionis.
1198 1738 1367 1785 Reliquae
1388 1746 1507 1787 partes
1518 1735 1644 1774 dextra
1655 1746 1729 1774 tres

138 1790 177 1826 ὃ(
188 1788 321 1826 sinistra
330 1799 401 1826 tres
411 1789 612 1827 dividenda:
621 1790 700 1827 sunt
714 1792 901 1839 aequalitet
912 1821 922 1836 ‚
944 1804 1023 1840 quae
1038 1792 1165 1829 suntin
1185 1793 1380 1829 Orientem
1395 1821 1404 1835 ‚
1424 1793 1461 1827 in
1474 1791 1606 1840 quibus
1616 1793 1728 1830 literae

138 1843 173 1880 L
185 1847 222 1882 &
234 1845 292 1888 M,
305 1847 341 1882 ὅ(
352 1845 396 1882 ab
407 1846 616 1882 Occidente
629 1873 639 1889 ‚
659 1847 695 1882 in
705 1847 838 1894 quibus
849 1845 929 1883 sunt
939 1848 1048 1884 literae
1060 1847 1097 1883 N
1114 1846 1150 1882 δε
1163 1849 1211 1884 Ο.
1233 1846 1277 1884 ab
1291 1847 1332 1883 M
1343 1847 1388 1884 ad
1400 1848 1448 1885 O,
1463 1849 1500 1884 ὃ(
1511 1846 1598 1883 abL
1612 1847 1657 1885 ad
1671 1848 1726 1892 N,

137 1900 380 1951 perducendae
392 1900 472 1938 sunt
482 1902 584 1938 lineae
596 1900 867 1945 decussatim&
877 1904 926 1938 ita
937 1912 1045 1939 erunt
1054 1903 1239 1951 aequaliter
1250 1912 1452 1941 ventorum
1464 1902 1553 1939 osto
1565 1901 1675 1952 spatia
1685 1905 1725 1940 in

138 1956 410 1994 circuitionem.
431 1960 529 2010 Qae
540 1968 628 1993 cum
637 1956 685 1994 ita
696 1957 870 2007 descripta
883 1968 990 1994 erunt
1001 1959 1038 1994 in
1049 1956 1199 2006 singulis
1209 1959 1352 2007 angulis
1371 1958 1581 2007 octogoni,
1598 1970 1688 1996 cum
1701 1957 1724 1993 ξι

136 2011 296 2048 Meridie
307 2013 529 2062 incipiemus
540 2037 548 2050 ‚
564 2015 657 2048 inter
666 2014 810 2050 Eurum
821 2015 858 2050 ὃς
869 2013 1044 2050 Austrum
1059 2014 1095 2049 in
1107 2015 1258 2063 angulo,
1277 2015 1343 2050 erit
1355 2014 1458 2052 litera
1470 2013 1505 2050 G
1516 2039 1524 2052 ‚
1537 2014 1631 2050 inter
1643 2013 1727 2049 Au-

138 2065 250 2103 strum
261 2069 298 2105 &
310 2067 523 2118 Aphricum
537 2068 586 2106 H,
598 2069 695 2105 inter
703 2067 910 2118 Aphricum
922 2068 958 2105 &
972 2070 1184 2107 Favonium
1197 2070 1349 2113 N‚intei·
1358 2070 1564 2109 Favonium
1576 2067 1612 2104 δε
1624 2068 1725 2105 Cau„

137 2133 221 2159 rum
234 2122 272 2158 O
284 2152 292 2165 ‚
303 2124 400 2160 inter
411 2123 581 2160 Caurum
592 2122 629 2160 &
644 2124 946 2173 Septentrionem
959 2124 1009 2173 K,
1022 2127 1116 2161 inter
1126 2125 1425 2175 Septentrionem
1437 2125 1475 2160 ὅ(
1487 2123 1726 2171 Aquilonem

135 2178 168 2221 Ι,
177 2178 271 2214 inter
280 2177 511 2226 Aquilonem
524 2181 561 2216 ὃς
572 2179 754 2216 Solanum
765 2178 798 2215 L
812 2204 819 2218 ‚
834 2181 928 2217 inter
939 2180 1121 2217 Solanum
1133 2182 1171 2217 ὃ(
1185 2180 1328 2216 Eurum
1340 2180 1392 2216 M.
1404 2180 1454 2216 Ita
1465 2177 1519 2214 his
1530 2177 1720 2218 confectis,

136 2234 232 2270 inter
243 2233 402 2282 angulos
412 2231 607 2282 Ostogoni
617 2246 790 2283 gnomon
799 2245 959 2284 ponatur
968 2259 978 2276 ‚
1001 2236 1100 2272 &ita
1111 2234 1310 2284 dirigantur
1319 2236 1446 2284 plateae
1458 2235 1496 2272 ὅ(
1506 2235 1720 2284 angiporto-

135 2300 222 2327 rum
230 2287 426 2327 divisiones
437 2289 501 2335 [ἱ]
518 2300 531 2324 1
543 2301 558 2324 1
567 2300 600 2324 x.

751 2356 787 2394 C
816 2370 841 2396 A
872 2369 903 2395 P.
961 2357 1000 2397 V
1022 2358 1035 2395 I
1053 2357 1069 2394 Ι
1083 2385 1092 2394 .

228 2439 312 2491 De
329 2439 381 2491 E
383 2438 576 2493 lechcme
591 2438 801 2492 locorum
813 2436 1030 2512 adustam
1046 2456 1348 2491 communem
1361 2437 1618 2490 Civitatis.

134 2561 320 2645 Dlvifis
330 2566 528 2614 angiportis
539 2566 576 2602 ὅ(
587 2563 715 2615 plateis
726 2561 932 2600 constitutis
945 2589 952 2602 ‚
969 2575 1134 2601 arearum
1146 2562 1281 2600 eleetio
1293 2561 1337 2598 ad
1349 2561 1667 2611 opportunitatem
1678 2559 1718 2598 δε

227 2619 328 2657 usum
339 2630 585 2658 communem
596 2620 753 2657 civitatis
765 2648 774 2663 ‚
795 2618 845 2655 est
854 2619 1082 2668 explicanda,
1099 2619 1234 2656 aedibus
1245 2617 1350 2654 sacris
1367 2646 1375 2661 ‚
1386 2617 1489 2659 foro,
1500 2615 1716 2664 reliquisque

135 2675 230 2713 locis
241 2676 519 2714 communibus.
548 2675 628 2714 Etsi
638 2684 742 2713 erunt
753 2675 894 2712 moenia
903 2672 1107 2712 secundum
1117 2685 1215 2711 mate
1229 2702 1239 2718 ,
1258 2685 1339 2710 area
1354 2702 1363 2717 ‚
1374 2671 1436 2709 ubi
1446 2670 1571 2708 fotum
1582 2670 1716 2707 consti*

1574 2736 1713 2771 tuatur,

137 2824 169 2860 b]
187 2827 280 2855 Codex
293 2827 419 2856 Arundel.
427 2826 675 2868 retrogradationis,
686 2824 732 2853 ubi
744 2825 792 2852 etit
801 2824 891 2851 littera
897 2823 1095 2851 rotundationIs
1106 2824 1139 2850 C·
1295 2860 1300 2864 .
1400 2860 1404 2864 ἱ
1700 2856 1705 2862 .

137 2867 169 2900 ι’]
187 2867 310 2895 Barbarus
323 2878 329 2895 :
352 2868 459 2896 Modus²
469 2870 591 2906 antiquus
603 2866 732 2895 scribendi
744 2876 754 2892 1
768 2875 775 2892 1
787 2876 802 2892 x
815 2875 862 2902 pro
874 2865 953 2892 osto.
972 2873 1032 2891 nam
1043 2864 1098 2890 duo
1110 2872 1140 2890 ex
1153 2861 1245 2889 decem
1255 2859 1404 2895 hujusmodi
1416 2868 1480 2888 nota
1489 2856 1630 2887 auferenda
1637 2857 1719 2896 figni-

179 2905 250 2938 ficat,
261 2908 485 2944 quemadmodum
501 2918 564 2936 nota
585 2917 594 2935 1
606 2918 622 2935 x
642 2915 739 2934 novem
751 2905 889 2945 fignificat.
903 2904 1010 2942 Qibus
1022 2907 1046 2932 ἃ
1059 2902 1207 2941 astipulatur
1220 2901 1392 2946 Pinianderiu
1409 2902 1491 2937 notis,
1504 2909 1565 2929 cum
1576 2898 1719 2927 duodecim

175 2943 294 2976 edidisset
305 2958 311 2976 :
331 2953 355 2978 δι
365 2950 471 2980 adducit
482 2950 585 2989 aliquot
595 2947 724 2986 ejusmodi
732 2955 856 2976 notatum
863 2945 984 2985 exempla
994 2942 1009 2974 ὲ
1021 2943 1154 2975 veteribus
1166 2940 1390 2982 inscriptionibus.
1608 2980 1639 3014 a]
1651 2975 1698 3005 Phi
