<?xml version="1.0" encoding="UTF-8"?>
<!DOCTYPE html PUBLIC "-//W3C//DTD XHTML 1.0 Transitional//EN"
    "http://www.w3.org/TR/xhtml1/DTD/xhtml1-transitional.dtd">
<html xmlns="http://www.w3.org/1999/xhtml" xml:lang="en" lang="en">
 <head>
  <title>
</title>
<meta http-equiv="Content-Type" content="text/html;charset=utf-8" />
  <meta name='ocr-system' content='tesseract 3.04.00' />
  <meta name='ocr-capabilities' content='ocr_page ocr_carea ocr_par ocr_line ocrx_word'/>
</head>
<body>
  <div class='ocr_page' id='page_1' title='image "./vitruviipollioni00vitr_0043.png"; bbox 0 0 2023 3162; ppageno 0'>
   <div class='ocr_carea' id='block_1_1' title="bbox 646 100 1731 155">
    <p class='ocr_par' dir='ltr' id='par_1_1' title="bbox 646 100 1731 155">
     <span class='ocr_line' id='line_1_1' title="bbox 646 100 1731 155; baseline 0.001 -16"><span class='ocrx_word' id='word_1_1' title='bbox 646 100 828 141; x_wconf 65' lang='lat' dir='ltr'>Pars</span> <span class='ocrx_word' id='word_1_2' title='bbox 895 102 1263 140; x_wconf 79' lang='lat' dir='ltr'>SECVNDA.</span> <span class='ocrx_word' id='word_1_3' title='bbox 1681 121 1731 155; x_wconf 84' lang='lat'>29</span> 
     </span>
    </p>
   </div>
   <div class='ocr_carea' id='block_1_2' title="bbox 121 166 1740 2943">
    <p class='ocr_par' dir='ltr' id='par_1_2' title="bbox 141 166 1740 1443">
     <span class='ocr_line' id='line_1_2' title="bbox 149 166 1740 221; baseline 0.004 -15"><span class='ocrx_word' id='word_1_4' title='bbox 149 169 184 208; x_wconf 81' lang='lat' dir='ltr'>se</span> <span class='ocrx_word' id='word_1_5' title='bbox 195 167 312 220; x_wconf 85' lang='lat' dir='ltr'>ipsum</span> <span class='ocrx_word' id='word_1_6' title='bbox 324 193 332 207; x_wconf 89' lang='lat'>‚</span> <span class='ocrx_word' id='word_1_7' title='bbox 354 177 478 206; x_wconf 87' lang='lat' dir='ltr'>utrum</span> <span class='ocrx_word' id='word_1_8' title='bbox 489 167 587 206; x_wconf 87' lang='lat' dir='ltr'>forte</span> <span class='ocrx_word' id='word_1_9' title='bbox 606 166 767 219; x_wconf 71' lang='lat' dir='ltr'>aspec&#39;ius</span> <span class='ocrx_word' id='word_1_10' title='bbox 779 168 981 206; x_wconf 89' lang='lat' dir='ltr'>multarum</span> <span class='ocrx_word' id='word_1_11' title='bbox 1002 170 1224 207; x_wconf 83' lang='lat' dir='ltr'>eximiarum</span> <span class='ocrx_word' id='word_1_12' title='bbox 1240 180 1364 206; x_wconf 88' lang='lat' dir='ltr'>rerum</span> <span class='ocrx_word' id='word_1_13' title='bbox 1374 179 1456 208; x_wconf 89' lang='lat' dir='ltr'>ante</span> <span class='ocrx_word' id='word_1_14' title='bbox 1476 170 1653 221; x_wconf 88' lang='lat' dir='ltr'>(quarum</span> <span class='ocrx_word' id='word_1_15' title='bbox 1665 174 1740 213; x_wconf 87' lang='lat' dir='ltr'>for-</span> 
     </span>
     <span class='ocr_line' id='line_1_3' title="bbox 150 223 1738 279; baseline 0.002 -15"><span class='ocrx_word' id='word_1_16' title='bbox 150 238 220 264; x_wconf 81' lang='lat' dir='ltr'>ma:</span> <span class='ocrx_word' id='word_1_17' title='bbox 233 224 348 262; x_wconf 84' lang='lat' dir='ltr'>veluti</span> <span class='ocrx_word' id='word_1_18' title='bbox 360 223 538 274; x_wconf 82' lang='lat' dir='ltr'>impreffae</span> <span class='ocrx_word' id='word_1_19' title='bbox 550 224 832 273; x_wconf 78' lang='lat' dir='ltr'>manent)illum</span> <span class='ocrx_word' id='word_1_20' title='bbox 845 234 975 273; x_wconf 84' lang='lat' dir='ltr'>aptum</span> <span class='ocrx_word' id='word_1_21' title='bbox 988 225 1214 263; x_wconf 83' lang='lat' dir='ltr'>reddiderint</span> <span class='ocrx_word' id='word_1_22' title='bbox 1222 224 1313 263; x_wconf 83' lang='lat' dir='ltr'>nihil</span> <span class='ocrx_word' id='word_1_23' title='bbox 1323 225 1471 263; x_wconf 91' lang='lat' dir='ltr'>bonum</span> <span class='ocrx_word' id='word_1_24' title='bbox 1482 228 1738 279; x_wconf 85' lang='lat' dir='ltr'>credere,prae-</span> 
     </span>
     <span class='ocr_line' id='line_1_4' title="bbox 150 279 1740 332; baseline 0.003 -14"><span class='ocrx_word' id='word_1_25' title='bbox 150 291 323 330; x_wconf 90' lang='lat' dir='ltr'>terquam</span> <span class='ocrx_word' id='word_1_26' title='bbox 343 282 536 329; x_wconf 84' lang='lat' dir='ltr'>optimum</span> <span class='ocrx_word' id='word_1_27' title='bbox 547 297 555 322; x_wconf 80' lang='lat'>3</span> <span class='ocrx_word' id='word_1_28' title='bbox 568 291 656 316; x_wconf 89' lang='lat' dir='ltr'>nam</span> <span class='ocrx_word' id='word_1_29' title='bbox 669 279 731 317; x_wconf 90' lang='lat' dir='ltr'>hic</span> <span class='ocrx_word' id='word_1_30' title='bbox 743 280 880 317; x_wconf 89' lang='lat' dir='ltr'>humor</span> <span class='ocrx_word' id='word_1_31' title='bbox 891 279 989 318; x_wconf 88' lang='lat' dir='ltr'>foret</span> <span class='ocrx_word' id='word_1_32' title='bbox 999 282 1110 318; x_wconf 84' lang='lat' dir='ltr'>nimis</span> <span class='ocrx_word' id='word_1_33' title='bbox 1121 292 1216 318; x_wconf 90' lang='lat' dir='ltr'>acer.</span> <span class='ocrx_word' id='word_1_34' title='bbox 1246 281 1359 326; x_wconf 83' lang='lat' dir='ltr'>Dein,</span> <span class='ocrx_word' id='word_1_35' title='bbox 1370 293 1570 332; x_wconf 81' lang='lat' dir='ltr'>antequam</span> <span class='ocrx_word' id='word_1_36' title='bbox 1583 287 1740 323; x_wconf 83' lang='lat' dir='ltr'>accedat</span> 
     </span>
     <span class='ocr_line' id='line_1_5' title="bbox 151 334 1740 390; baseline 0.002 -16"><span class='ocrx_word' id='word_1_37' title='bbox 151 336 197 374; x_wconf 89' lang='lat' dir='ltr'>ad</span> <span class='ocrx_word' id='word_1_38' title='bbox 208 335 509 373; x_wconf 88' lang='lat' dir='ltr'>constituendum</span> <span class='ocrx_word' id='word_1_39' title='bbox 531 337 695 384; x_wconf 85' lang='lat' dir='ltr'>aliquam</span> <span class='ocrx_word' id='word_1_40' title='bbox 713 334 989 384; x_wconf 80' lang='lat' dir='ltr'>imaginabilem</span> <span class='ocrx_word' id='word_1_41' title='bbox 1007 338 1230 388; x_wconf 84' lang='lat' dir='ltr'>opinionem</span> <span class='ocrx_word' id='word_1_42' title='bbox 1244 366 1254 381; x_wconf 95' lang='lat'>‚</span> <span class='ocrx_word' id='word_1_43' title='bbox 1274 339 1451 375; x_wconf 84' lang='lat' dir='ltr'>omnibus</span> <span class='ocrx_word' id='word_1_44' title='bbox 1462 339 1587 376; x_wconf 89' lang='lat' dir='ltr'>modis</span> <span class='ocrx_word' id='word_1_45' title='bbox 1603 338 1740 390; x_wconf 82' lang='lat' dir='ltr'>satagat</span> 
     </span>
     <span class='ocr_line' id='line_1_6' title="bbox 147 390 1739 446; baseline 0.003 -17"><span class='ocrx_word' id='word_1_46' title='bbox 147 391 180 429; x_wconf 90' lang='lat' dir='ltr'>sc</span> <span class='ocrx_word' id='word_1_47' title='bbox 193 392 394 429; x_wconf 87' lang='lat' dir='ltr'>informare</span> <span class='ocrx_word' id='word_1_48' title='bbox 405 390 532 427; x_wconf 74' lang='lat' dir='ltr'>exaCte</span> <span class='ocrx_word' id='word_1_49' title='bbox 543 390 589 428; x_wconf 91' lang='lat' dir='ltr'>de</span> <span class='ocrx_word' id='word_1_50' title='bbox 608 401 714 429; x_wconf 80' lang='lat' dir='ltr'>aetate</span> <span class='ocrx_word' id='word_1_51' title='bbox 725 393 846 440; x_wconf 90' lang='lat' dir='ltr'>operis</span> <span class='ocrx_word' id='word_1_52' title='bbox 861 420 870 435; x_wconf 90' lang='lat'>‚</span> <span class='ocrx_word' id='word_1_53' title='bbox 886 391 930 427; x_wconf 90' lang='lat' dir='ltr'>de</span> <span class='ocrx_word' id='word_1_54' title='bbox 942 404 1023 440; x_wconf 86' lang='lat' dir='ltr'>quo</span> <span class='ocrx_word' id='word_1_55' title='bbox 1036 392 1266 438; x_wconf 83' lang='lat' dir='ltr'>judicaturus</span> <span class='ocrx_word' id='word_1_56' title='bbox 1278 392 1338 430; x_wconf 87' lang='lat' dir='ltr'>est.</span> <span class='ocrx_word' id='word_1_57' title='bbox 1356 394 1401 431; x_wconf 89' lang='lat' dir='ltr'>Et</span> <span class='ocrx_word' id='word_1_58' title='bbox 1413 392 1438 430; x_wconf 78' lang='lat' dir='ltr'>si</span> <span class='ocrx_word' id='word_1_59' title='bbox 1449 396 1617 445; x_wconf 87' lang='lat' dir='ltr'>reperiat,</span> <span class='ocrx_word' id='word_1_60' title='bbox 1629 408 1739 446; x_wconf 83' lang='lat' dir='ltr'>appa-</span> 
     </span>
     <span class='ocr_line' id='line_1_7' title="bbox 150 446 1738 498; baseline 0.003 -14"><span class='ocrx_word' id='word_1_61' title='bbox 150 459 269 486; x_wconf 79' lang='lat' dir='ltr'>rentes</span> <span class='ocrx_word' id='word_1_62' title='bbox 289 448 411 484; x_wconf 88' lang='lat' dir='ltr'>ruinas</span> <span class='ocrx_word' id='word_1_63' title='bbox 430 446 608 484; x_wconf 82' lang='lat' dir='ltr'>excedere</span> <span class='ocrx_word' id='word_1_64' title='bbox 622 448 911 498; x_wconf 83' lang='lat' dir='ltr'>proportionem</span> <span class='ocrx_word' id='word_1_65' title='bbox 931 457 1150 497; x_wconf 88' lang='lat' dir='ltr'>temporum</span> <span class='ocrx_word' id='word_1_66' title='bbox 1163 477 1173 492; x_wconf 88' lang='lat'>,</span> <span class='ocrx_word' id='word_1_67' title='bbox 1192 448 1397 486; x_wconf 85' lang='lat' dir='ltr'>concludat</span> <span class='ocrx_word' id='word_1_68' title='bbox 1406 449 1480 487; x_wconf 84' lang='lat' dir='ltr'>fine</span> <span class='ocrx_word' id='word_1_69' title='bbox 1500 452 1665 488; x_wconf 84' lang='lat' dir='ltr'>ulteriori</span> <span class='ocrx_word' id='word_1_70' title='bbox 1683 454 1738 488; x_wconf 92' lang='lat' dir='ltr'>in-</span> 
     </span>
     <span class='ocr_line' id='line_1_8' title="bbox 148 501 1738 552; baseline 0.003 -11"><span class='ocrx_word' id='word_1_71' title='bbox 148 503 346 552; x_wconf 78' lang='lat' dir='ltr'>quisitione</span> <span class='ocrx_word' id='word_1_72' title='bbox 359 531 369 547; x_wconf 90' lang='lat'><em>‚</em></span> <span class='ocrx_word' id='word_1_73' title='bbox 390 501 665 539; x_wconf 85' lang='lat' dir='ltr'>utiabsolutum</span> <span class='ocrx_word' id='word_1_74' title='bbox 687 504 881 539; x_wconf 87' lang='lat' dir='ltr'>decretum</span> <span class='ocrx_word' id='word_1_75' title='bbox 892 528 900 541; x_wconf 85' lang='lat'><strong>,</strong></span> <span class='ocrx_word' id='word_1_76' title='bbox 925 513 987 539; x_wconf 87' lang='lat' dir='ltr'>aut</span> <span class='ocrx_word' id='word_1_77' title='bbox 998 504 1168 540; x_wconf 88' lang='lat' dir='ltr'>materias</span> <span class='ocrx_word' id='word_1_78' title='bbox 1177 503 1280 541; x_wconf 75' lang='lat' dir='ltr'>fuiss&#39;e</span> <span class='ocrx_word' id='word_1_79' title='bbox 1301 507 1410 543; x_wconf 90' lang='lat' dir='ltr'>nimis</span> <span class='ocrx_word' id='word_1_80' title='bbox 1419 506 1528 544; x_wconf 85' lang='lat' dir='ltr'>viles,</span> <span class='ocrx_word' id='word_1_81' title='bbox 1552 518 1614 544; x_wconf 88' lang='lat' dir='ltr'>aut</span> <span class='ocrx_word' id='word_1_82' title='bbox 1625 506 1738 545; x_wconf 79' lang='lat' dir='ltr'>fitum</span> 
     </span>
     <span class='ocr_line' id='line_1_9' title="bbox 146 556 1734 610; baseline 0.003 -14"><span class='ocrx_word' id='word_1_83' title='bbox 146 558 372 610; x_wconf 85' lang='lat' dir='ltr'>improbum.</span> <span class='ocrx_word' id='word_1_84' title='bbox 406 557 527 595; x_wconf 92' lang='lat' dir='ltr'>Porro</span> <span class='ocrx_word' id='word_1_85' title='bbox 540 587 550 602; x_wconf 89' lang='lat'>,</span> <span class='ocrx_word' id='word_1_86' title='bbox 567 557 592 594; x_wconf 83' lang='lat' dir='ltr'>si</span> <span class='ocrx_word' id='word_1_87' title='bbox 604 557 686 609; x_wconf 88' lang='lat' dir='ltr'>post</span> <span class='ocrx_word' id='word_1_88' title='bbox 695 556 771 595; x_wconf 82' lang='lat' dir='ltr'>haec</span> <span class='ocrx_word' id='word_1_89' title='bbox 788 558 960 608; x_wconf 88' lang='lat' dir='ltr'>praemissa</span> <span class='ocrx_word' id='word_1_90' title='bbox 973 586 983 602; x_wconf 91' lang='lat'>,</span> <span class='ocrx_word' id='word_1_91' title='bbox 1003 558 1141 595; x_wconf 88' lang='lat' dir='ltr'>domus</span> <span class='ocrx_word' id='word_1_92' title='bbox 1160 558 1457 609; x_wconf 85' lang='lat' dir='ltr'>deprehendatur</span> <span class='ocrx_word' id='word_1_93' title='bbox 1476 563 1571 600; x_wconf 91' lang='lat' dir='ltr'>bene</span> <span class='ocrx_word' id='word_1_94' title='bbox 1590 573 1734 600; x_wconf 84' lang='lat' dir='ltr'>aetatem</span> 
     </span>
     <span class='ocr_line' id='line_1_10' title="bbox 145 612 1735 663; baseline 0.004 -13"><span class='ocrx_word' id='word_1_95' title='bbox 145 613 247 653; x_wconf 88' lang='lat' dir='ltr'>suam</span> <span class='ocrx_word' id='word_1_96' title='bbox 258 614 365 657; x_wconf 87' lang='lat' dir='ltr'>ferre,</span> <span class='ocrx_word' id='word_1_97' title='bbox 379 612 474 662; x_wconf 86' lang='lat' dir='ltr'>(quae</span> <span class='ocrx_word' id='word_1_98' title='bbox 485 612 625 663; x_wconf 87' lang='lat' dir='ltr'>semper</span> <span class='ocrx_word' id='word_1_99' title='bbox 645 613 695 650; x_wconf 89' lang='lat' dir='ltr'>est</span> <span class='ocrx_word' id='word_1_100' title='bbox 708 623 801 650; x_wconf 90' lang='lat' dir='ltr'>nota</span> <span class='ocrx_word' id='word_1_101' title='bbox 814 613 926 651; x_wconf 88' lang='lat' dir='ltr'>firmae</span> <span class='ocrx_word' id='word_1_102' title='bbox 940 613 1234 662; x_wconf 84' lang='lat' dir='ltr'>constitutionis)</span> <span class='ocrx_word' id='word_1_103' title='bbox 1257 626 1347 653; x_wconf 90' lang='lat' dir='ltr'>tunc</span> <span class='ocrx_word' id='word_1_104' title='bbox 1359 616 1483 654; x_wconf 87' lang='lat' dir='ltr'>subito</span> <span class='ocrx_word' id='word_1_105' title='bbox 1503 629 1603 655; x_wconf 85' lang='lat' dir='ltr'>retro</span> <span class='ocrx_word' id='word_1_106' title='bbox 1615 629 1735 656; x_wconf 88' lang='lat' dir='ltr'>currat</span> 
     </span>
     <span class='ocr_line' id='line_1_11' title="bbox 148 669 1734 720; baseline 0.002 -12"><span class='ocrx_word' id='word_1_107' title='bbox 148 672 254 718; x_wconf 77' lang='lat' dir='ltr'>(nam</span> <span class='ocrx_word' id='word_1_108' title='bbox 265 669 464 707; x_wconf 82' lang='lat' dir='ltr'>methodus</span> <span class='ocrx_word' id='word_1_109' title='bbox 487 669 656 706; x_wconf 85' lang='lat' dir='ltr'>censendi</span> <span class='ocrx_word' id='word_1_110' title='bbox 668 670 851 706; x_wconf 91' lang='lat' dir='ltr'>contraria</span> <span class='ocrx_word' id='word_1_111' title='bbox 870 669 920 706; x_wconf 90' lang='lat' dir='ltr'>est</span> <span class='ocrx_word' id='word_1_112' title='bbox 931 670 1121 706; x_wconf 90' lang='lat' dir='ltr'>methodo</span> <span class='ocrx_word' id='word_1_113' title='bbox 1141 673 1420 720; x_wconf 77' lang='lat' dir='ltr'>componendi)</span> <span class='ocrx_word' id='word_1_114' title='bbox 1445 673 1489 709; x_wconf 91' lang='lat' dir='ltr'>ab</span> <span class='ocrx_word' id='word_1_115' title='bbox 1501 676 1734 711; x_wconf 80' lang='lat' dir='ltr'>ornamentis</span> 
     </span>
     <span class='ocr_line' id='line_1_12' title="bbox 146 723 1734 777; baseline 0.001 -13"><span class='ocrx_word' id='word_1_116' title='bbox 146 739 229 776; x_wconf 80' lang='lat' dir='ltr'>quae</span> <span class='ocrx_word' id='word_1_117' title='bbox 240 725 397 763; x_wconf 88' lang='lat' dir='ltr'>oculum</span> <span class='ocrx_word' id='word_1_118' title='bbox 409 725 585 764; x_wconf 85' lang='lat' dir='ltr'>alliciunt,</span> <span class='ocrx_word' id='word_1_119' title='bbox 597 726 643 762; x_wconf 88' lang='lat' dir='ltr'>ad</span> <span class='ocrx_word' id='word_1_120' title='bbox 655 726 770 774; x_wconf 88' lang='lat' dir='ltr'>magis</span> <span class='ocrx_word' id='word_1_121' title='bbox 783 723 980 762; x_wconf 72' lang='lat' dir='ltr'>essentialia</span> <span class='ocrx_word' id='word_1_122' title='bbox 992 725 1174 770; x_wconf 87' lang='lat' dir='ltr'>membra,</span> <span class='ocrx_word' id='word_1_123' title='bbox 1185 726 1311 763; x_wconf 87' lang='lat' dir='ltr'>donec</span> <span class='ocrx_word' id='word_1_124' title='bbox 1321 737 1426 777; x_wconf 79' lang='lat' dir='ltr'>aptus</span> <span class='ocrx_word' id='word_1_125' title='bbox 1438 727 1479 764; x_wconf 83' lang='lat' dir='ltr'>sit</span> <span class='ocrx_word' id='word_1_126' title='bbox 1492 730 1734 774; x_wconf 86' lang='lat' dir='ltr'>concludere,</span> 
     </span>
     <span class='ocr_line' id='line_1_13' title="bbox 145 779 1731 832; baseline 0.002 -14"><span class='ocrx_word' id='word_1_127' title='bbox 145 793 244 832; x_wconf 88' lang='lat' dir='ltr'>opus</span> <span class='ocrx_word' id='word_1_128' title='bbox 265 780 333 818; x_wconf 83' lang='lat' dir='ltr'>effe</span> <span class='ocrx_word' id='word_1_129' title='bbox 353 780 626 818; x_wconf 78' lang='lat' dir='ltr'>commodum,</span> <span class='ocrx_word' id='word_1_130' title='bbox 652 779 807 818; x_wconf 86' lang='lat' dir='ltr'>firmum</span> <span class='ocrx_word' id='word_1_131' title='bbox 827 780 864 817; x_wconf 91' lang='lat'>&amp;</span> <span class='ocrx_word' id='word_1_132' title='bbox 883 780 1118 823; x_wconf 65' lang='lat' dir='ltr'>delestabile3</span> <span class='ocrx_word' id='word_1_133' title='bbox 1145 794 1225 830; x_wconf 84' lang='lat' dir='ltr'>quae</span> <span class='ocrx_word' id='word_1_134' title='bbox 1246 783 1303 829; x_wconf 81' lang='lat' dir='ltr'>(ut</span> <span class='ocrx_word' id='word_1_135' title='bbox 1322 783 1397 819; x_wconf 86' lang='lat' dir='ltr'>dixi</span> <span class='ocrx_word' id='word_1_136' title='bbox 1415 784 1541 830; x_wconf 74' lang='lat' dir='ltr'>initio)</span> <span class='ocrx_word' id='word_1_137' title='bbox 1562 786 1641 821; x_wconf 85' lang='lat' dir='ltr'>sunt</span> <span class='ocrx_word' id='word_1_138' title='bbox 1659 796 1731 822; x_wconf 90' lang='lat' dir='ltr'>tres</span> 
     </span>
     <span class='ocr_line' id='line_1_14' title="bbox 145 834 1731 887; baseline 0.003 -13"><span class='ocrx_word' id='word_1_139' title='bbox 145 837 383 874; x_wconf 88' lang='lat' dir='ltr'>conditiones</span> <span class='ocrx_word' id='word_1_140' title='bbox 396 836 616 885; x_wconf 85' lang='lat' dir='ltr'>principales</span> <span class='ocrx_word' id='word_1_141' title='bbox 629 834 806 884; x_wconf 84' lang='lat' dir='ltr'>requisitae</span> <span class='ocrx_word' id='word_1_142' title='bbox 818 836 855 872; x_wconf 90' lang='lat' dir='ltr'>in</span> <span class='ocrx_word' id='word_1_143' title='bbox 868 837 993 886; x_wconf 84' lang='lat' dir='ltr'>probis</span> <span class='ocrx_word' id='word_1_144' title='bbox 1007 835 1170 874; x_wconf 85' lang='lat' dir='ltr'>aedificiis</span> <span class='ocrx_word' id='word_1_145' title='bbox 1183 866 1194 882; x_wconf 91' lang='lat'>,</span> <span class='ocrx_word' id='word_1_146' title='bbox 1218 838 1317 887; x_wconf 86' lang='lat' dir='ltr'>apud</span> <span class='ocrx_word' id='word_1_147' title='bbox 1327 850 1463 874; x_wconf 84' lang='lat' dir='ltr'>omnes</span> <span class='ocrx_word' id='word_1_148' title='bbox 1475 840 1642 876; x_wconf 66' lang='lat' dir='ltr'>auetores</span> <span class='ocrx_word' id='word_1_149' title='bbox 1654 852 1731 878; x_wconf 89' lang='lat' dir='ltr'>tam</span> 
     </span>
     <span class='ocr_line' id='line_1_15' title="bbox 143 891 1730 942; baseline 0.002 -12"><span class='ocrx_word' id='word_1_150' title='bbox 143 903 282 930; x_wconf 78' lang='lat' dir='ltr'>veteres</span> <span class='ocrx_word' id='word_1_151' title='bbox 301 903 414 939; x_wconf 89' lang='lat' dir='ltr'>quam</span> <span class='ocrx_word' id='word_1_152' title='bbox 427 892 663 929; x_wconf 84' lang='lat' dir='ltr'>recentiores.</span> <span class='ocrx_word' id='word_1_153' title='bbox 693 893 738 929; x_wconf 84' lang='lat' dir='ltr'>Et</span> <span class='ocrx_word' id='word_1_154' title='bbox 758 891 836 929; x_wconf 84' lang='lat' dir='ltr'>haec</span> <span class='ocrx_word' id='word_1_155' title='bbox 850 891 918 931; x_wconf 91' lang='lat' dir='ltr'>est,</span> <span class='ocrx_word' id='word_1_156' title='bbox 943 903 985 930; x_wconf 92' lang='lat' dir='ltr'>ut</span> <span class='ocrx_word' id='word_1_157' title='bbox 1004 893 1054 929; x_wconf 87' lang='lat' dir='ltr'>ita</span> <span class='ocrx_word' id='word_1_158' title='bbox 1074 892 1196 930; x_wconf 89' lang='lat' dir='ltr'>dicam</span> <span class='ocrx_word' id='word_1_159' title='bbox 1211 894 1350 942; x_wconf 79' lang='lat' dir='ltr'>,magis</span> <span class='ocrx_word' id='word_1_160' title='bbox 1366 894 1564 931; x_wconf 85' lang='lat' dir='ltr'>scientifica</span> <span class='ocrx_word' id='word_1_161' title='bbox 1575 896 1631 931; x_wconf 77' lang='lat' dir='ltr'>via</span> <span class='ocrx_word' id='word_1_162' title='bbox 1644 908 1730 933; x_wconf 88' lang='lat' dir='ltr'>cen-</span> 
     </span>
     <span class='ocr_line' id='line_1_16' title="bbox 144 945 1730 1000; baseline 0.003 -16"><span class='ocrx_word' id='word_1_163' title='bbox 144 948 251 986; x_wconf 88' lang='lat' dir='ltr'>sendi.</span> <span class='ocrx_word' id='word_1_164' title='bbox 284 948 376 983; x_wconf 83' lang='lat' dir='ltr'>Sunt</span> <span class='ocrx_word' id='word_1_165' title='bbox 385 947 462 984; x_wconf 77' lang='lat' dir='ltr'>aliae</span> <span class='ocrx_word' id='word_1_166' title='bbox 472 947 571 985; x_wconf 89' lang='lat' dir='ltr'>haud</span> <span class='ocrx_word' id='word_1_167' title='bbox 588 947 829 996; x_wconf 63' lang='lat' dir='ltr'>negligendae.</span> <span class='ocrx_word' id='word_1_168' title='bbox 843 947 978 986; x_wconf 84' lang='lat' dir='ltr'>Prima,</span> <span class='ocrx_word' id='word_1_169' title='bbox 992 947 1090 1000; x_wconf 90' lang='lat' dir='ltr'>apud</span> <span class='ocrx_word' id='word_1_170' title='bbox 1102 953 1285 1000; x_wconf 73' lang='lat' dir='ltr'>Georgzum</span> <span class='ocrx_word' id='word_1_171' title='bbox 1306 945 1509 999; x_wconf 64' lang='lat' dir='ltr'>Vaffart&#39;nm,</span> <span class='ocrx_word' id='word_1_172' title='bbox 1528 960 1613 987; x_wconf 86' lang='lat' dir='ltr'>ante</span> <span class='ocrx_word' id='word_1_173' title='bbox 1626 952 1730 988; x_wconf 86' lang='lat' dir='ltr'>labo-</span> 
     </span>
     <span class='ocr_line' id='line_1_17' title="bbox 143 1003 1729 1052; baseline 0.002 -11"><span class='ocrx_word' id='word_1_174' title='bbox 143 1003 275 1041; x_wconf 89' lang='lat' dir='ltr'>riosum</span> <span class='ocrx_word' id='word_1_175' title='bbox 286 1003 383 1039; x_wconf 90' lang='lat' dir='ltr'>illius</span> <span class='ocrx_word' id='word_1_176' title='bbox 395 1013 494 1052; x_wconf 85' lang='lat' dir='ltr'>opus</span> <span class='ocrx_word' id='word_1_177' title='bbox 504 1003 549 1039; x_wconf 94' lang='lat' dir='ltr'>de</span> <span class='ocrx_word' id='word_1_178' title='bbox 562 1005 644 1040; x_wconf 88' lang='lat' dir='ltr'>vitis</span> <span class='ocrx_word' id='word_1_179' title='bbox 665 1004 973 1041; x_wconf 62' lang='lat' dir='ltr'>Architeetorum</span> <span class='ocrx_word' id='word_1_180' title='bbox 987 1032 996 1048; x_wconf 87' lang='lat'>,</span> <span class='ocrx_word' id='word_1_181' title='bbox 1015 1005 1140 1041; x_wconf 84' lang='lat' dir='ltr'>obiter</span> <span class='ocrx_word' id='word_1_182' title='bbox 1158 1005 1368 1042; x_wconf 84' lang='lat' dir='ltr'>examinare</span> <span class='ocrx_word' id='word_1_183' title='bbox 1388 1014 1516 1042; x_wconf 88' lang='lat' dir='ltr'>totum</span> <span class='ocrx_word' id='word_1_184' title='bbox 1530 1005 1729 1044; x_wconf 72' lang='lat' dir='ltr'>:edificium</span> 
     </span>
     <span class='ocr_line' id='line_1_18' title="bbox 142 1058 1730 1111; baseline 0.003 -16"><span class='ocrx_word' id='word_1_185' title='bbox 142 1059 345 1097; x_wconf 90' lang='lat' dir='ltr'>secundum</span> <span class='ocrx_word' id='word_1_186' title='bbox 358 1060 549 1107; x_wconf 88' lang='lat' dir='ltr'>qualitates</span> <span class='ocrx_word' id='word_1_187' title='bbox 570 1058 737 1096; x_wconf 90' lang='lat' dir='ltr'>hominis</span> <span class='ocrx_word' id='word_1_188' title='bbox 751 1059 846 1096; x_wconf 91' lang='lat' dir='ltr'>bene</span> <span class='ocrx_word' id='word_1_189' title='bbox 855 1059 949 1096; x_wconf 73' lang='lat' dir='ltr'>faeti.</span> <span class='ocrx_word' id='word_1_190' title='bbox 962 1061 1140 1097; x_wconf 87' lang='lat' dir='ltr'>nimirum</span> <span class='ocrx_word' id='word_1_191' title='bbox 1152 1072 1198 1097; x_wconf 89' lang='lat' dir='ltr'>an</span> <span class='ocrx_word' id='word_1_192' title='bbox 1211 1061 1365 1110; x_wconf 82' lang='lat' dir='ltr'>parietes</span> <span class='ocrx_word' id='word_1_193' title='bbox 1377 1060 1471 1098; x_wconf 90' lang='lat' dir='ltr'>stent</span> <span class='ocrx_word' id='word_1_194' title='bbox 1486 1062 1730 1111; x_wconf 85' lang='lat' dir='ltr'>perpendicu-</span> 
     </span>
     <span class='ocr_line' id='line_1_19' title="bbox 141 1113 1728 1166; baseline 0.001 -14"><span class='ocrx_word' id='word_1_195' title='bbox 141 1117 261 1152; x_wconf 86' lang='lat' dir='ltr'>lariter</span> <span class='ocrx_word' id='word_1_196' title='bbox 280 1115 382 1164; x_wconf 87' lang='lat' dir='ltr'>supra</span> <span class='ocrx_word' id='word_1_197' title='bbox 408 1126 536 1164; x_wconf 87' lang='lat' dir='ltr'>puram</span> <span class='ocrx_word' id='word_1_198' title='bbox 559 1113 839 1162; x_wconf 72' lang='lat' dir='ltr'>fundationem3</span> <span class='ocrx_word' id='word_1_199' title='bbox 859 1126 987 1152; x_wconf 90' lang='lat' dir='ltr'>utrum</span> <span class='ocrx_word' id='word_1_200' title='bbox 1006 1114 1146 1153; x_wconf 83' lang='lat' dir='ltr'>fabrica</span> <span class='ocrx_word' id='word_1_201' title='bbox 1166 1115 1208 1152; x_wconf 84' lang='lat' dir='ltr'>sit</span> <span class='ocrx_word' id='word_1_202' title='bbox 1228 1116 1388 1166; x_wconf 88' lang='lat' dir='ltr'>pulchrae</span> <span class='ocrx_word' id='word_1_203' title='bbox 1406 1115 1567 1160; x_wconf 84' lang='lat' dir='ltr'>staturae;</span> <span class='ocrx_word' id='word_1_204' title='bbox 1603 1127 1728 1155; x_wconf 90' lang='lat' dir='ltr'>utrum</span> 
     </span>
     <span class='ocr_line' id='line_1_20' title="bbox 141 1169 1730 1221; baseline 0.001 -13"><span class='ocrx_word' id='word_1_205' title='bbox 141 1171 266 1220; x_wconf 85' lang='lat' dir='ltr'>quoad</span> <span class='ocrx_word' id='word_1_206' title='bbox 276 1169 509 1207; x_wconf 90' lang='lat' dir='ltr'>latitudinem</span> <span class='ocrx_word' id='word_1_207' title='bbox 519 1181 692 1220; x_wconf 79' lang='lat' dir='ltr'>appareat</span> <span class='ocrx_word' id='word_1_208' title='bbox 702 1169 782 1207; x_wconf 90' lang='lat' dir='ltr'>satis</span> <span class='ocrx_word' id='word_1_209' title='bbox 794 1170 967 1213; x_wconf 78' lang='lat' dir='ltr'>obesa5an</span> <span class='ocrx_word' id='word_1_210' title='bbox 979 1171 1187 1221; x_wconf 88' lang='lat' dir='ltr'>principalis</span> <span class='ocrx_word' id='word_1_211' title='bbox 1199 1173 1374 1209; x_wconf 87' lang='lat' dir='ltr'>introitus</span> <span class='ocrx_word' id='word_1_212' title='bbox 1384 1170 1475 1209; x_wconf 84' lang='lat' dir='ltr'>sitin</span> <span class='ocrx_word' id='word_1_213' title='bbox 1488 1172 1616 1208; x_wconf 88' lang='lat' dir='ltr'>medio</span> <span class='ocrx_word' id='word_1_214' title='bbox 1626 1172 1730 1209; x_wconf 89' lang='lat' dir='ltr'>fron-</span> 
     </span>
     <span class='ocr_line' id='line_1_21' title="bbox 142 1225 1730 1277; baseline 0 -13"><span class='ocrx_word' id='word_1_215' title='bbox 142 1229 187 1264; x_wconf 86' lang='lat' dir='ltr'>tis</span> <span class='ocrx_word' id='word_1_216' title='bbox 202 1236 262 1272; x_wconf 84' lang='lat' dir='ltr'>aut</span> <span class='ocrx_word' id='word_1_217' title='bbox 282 1226 388 1262; x_wconf 84' lang='lat' dir='ltr'>faciei</span> <span class='ocrx_word' id='word_1_218' title='bbox 400 1254 409 1269; x_wconf 87' lang='lat'>‚</span> <span class='ocrx_word' id='word_1_219' title='bbox 429 1236 467 1263; x_wconf 91' lang='lat' dir='ltr'>ut</span> <span class='ocrx_word' id='word_1_220' title='bbox 477 1238 520 1262; x_wconf 88' lang='lat' dir='ltr'>os</span> <span class='ocrx_word' id='word_1_221' title='bbox 531 1226 719 1274; x_wconf 73' lang='lat' dir='ltr'>nostrum3</span> <span class='ocrx_word' id='word_1_222' title='bbox 740 1238 784 1262; x_wconf 88' lang='lat' dir='ltr'>an</span> <span class='ocrx_word' id='word_1_223' title='bbox 803 1225 963 1264; x_wconf 77' lang='lat' dir='ltr'>fenestra:</span> <span class='ocrx_word' id='word_1_224' title='bbox 977 1255 986 1271; x_wconf 91' lang='lat'>,</span> <span class='ocrx_word' id='word_1_225' title='bbox 1008 1238 1048 1264; x_wconf 92' lang='lat' dir='ltr'>ut</span> <span class='ocrx_word' id='word_1_226' title='bbox 1067 1229 1171 1263; x_wconf 89' lang='lat' dir='ltr'>oculi</span> <span class='ocrx_word' id='word_1_227' title='bbox 1189 1227 1320 1267; x_wconf 90' lang='lat' dir='ltr'>nostri,</span> <span class='ocrx_word' id='word_1_228' title='bbox 1344 1228 1472 1277; x_wconf 84' lang='lat' dir='ltr'>aequali</span> <span class='ocrx_word' id='word_1_229' title='bbox 1488 1239 1647 1264; x_wconf 90' lang='lat' dir='ltr'>numero</span> <span class='ocrx_word' id='word_1_230' title='bbox 1661 1227 1730 1265; x_wconf 82' lang='lat' dir='ltr'>sint</span> 
     </span>
     <span class='ocr_line' id='line_1_22' title="bbox 141 1281 1730 1332; baseline 0.001 -14"><span class='ocrx_word' id='word_1_231' title='bbox 141 1281 268 1332; x_wconf 83' lang='lat' dir='ltr'>positae</span> <span class='ocrx_word' id='word_1_232' title='bbox 279 1283 315 1318; x_wconf 90' lang='lat' dir='ltr'>in</span> <span class='ocrx_word' id='word_1_233' title='bbox 335 1290 495 1330; x_wconf 86' lang='lat' dir='ltr'>utroque</span> <span class='ocrx_word' id='word_1_234' title='bbox 506 1283 615 1319; x_wconf 85' lang='lat' dir='ltr'>latere</span> <span class='ocrx_word' id='word_1_235' title='bbox 627 1296 636 1325; x_wconf 87' lang='lat'>·,</span> <span class='ocrx_word' id='word_1_236' title='bbox 650 1293 775 1319; x_wconf 86' lang='lat' dir='ltr'>utrum</span> <span class='ocrx_word' id='word_1_237' title='bbox 794 1282 1008 1321; x_wconf 87' lang='lat' dir='ltr'>ministeria,</span> <span class='ocrx_word' id='word_1_238' title='bbox 1025 1292 1065 1319; x_wconf 92' lang='lat' dir='ltr'>ut</span> <span class='ocrx_word' id='word_1_239' title='bbox 1075 1293 1176 1319; x_wconf 86' lang='lat' dir='ltr'>venae</span> <span class='ocrx_word' id='word_1_240' title='bbox 1193 1285 1233 1319; x_wconf 91' lang='lat' dir='ltr'>in</span> <span class='ocrx_word' id='word_1_241' title='bbox 1245 1283 1374 1320; x_wconf 90' lang='lat' dir='ltr'>nostro</span> <span class='ocrx_word' id='word_1_242' title='bbox 1394 1295 1557 1332; x_wconf 88' lang='lat' dir='ltr'>corpore</span> <span class='ocrx_word' id='word_1_243' title='bbox 1572 1312 1582 1328; x_wconf 96' lang='lat'>,</span> <span class='ocrx_word' id='word_1_244' title='bbox 1594 1284 1730 1320; x_wconf 89' lang='lat' dir='ltr'>utiliter</span> 
     </span>
     <span class='ocr_line' id='line_1_23' title="bbox 142 1337 1731 1390; baseline 0.001 -16"><span class='ocrx_word' id='word_1_245' title='bbox 142 1337 347 1380; x_wconf 63' lang='lat' dir='ltr'>distributa,</span> <span class='ocrx_word' id='word_1_246' title='bbox 371 1337 465 1374; x_wconf 87' lang='lat' dir='ltr'>&amp;ita</span> <span class='ocrx_word' id='word_1_247' title='bbox 476 1350 603 1387; x_wconf 91' lang='lat' dir='ltr'>porro.</span> <span class='ocrx_word' id='word_1_248' title='bbox 634 1337 824 1376; x_wconf 85' lang='lat' dir='ltr'>Namhaec</span> <span class='ocrx_word' id='word_1_249' title='bbox 844 1340 1047 1388; x_wconf 88' lang='lat' dir='ltr'>allegorica</span> <span class='ocrx_word' id='word_1_250' title='bbox 1058 1338 1260 1389; x_wconf 82' lang='lat' dir='ltr'>disquisitio</span> <span class='ocrx_word' id='word_1_251' title='bbox 1273 1339 1421 1377; x_wconf 88' lang='lat' dir='ltr'>extendi</span> <span class='ocrx_word' id='word_1_252' title='bbox 1432 1337 1575 1390; x_wconf 88' lang='lat' dir='ltr'>potest,</span> <span class='ocrx_word' id='word_1_253' title='bbox 1595 1338 1731 1388; x_wconf 91' lang='lat' dir='ltr'>quous-</span> 
     </span>
     <span class='ocr_line' id='line_1_24' title="bbox 142 1393 624 1443; baseline -0.004 -12"><span class='ocrx_word' id='word_1_254' title='bbox 142 1405 215 1443; x_wconf 88' lang='lat' dir='ltr'>que</span> <span class='ocrx_word' id='word_1_255' title='bbox 226 1393 315 1431; x_wconf 89' lang='lat' dir='ltr'>libet</span> <span class='ocrx_word' id='word_1_256' title='bbox 323 1394 475 1442; x_wconf 87' lang='lat' dir='ltr'>ingenio</span> <span class='ocrx_word' id='word_1_257' title='bbox 487 1394 624 1431; x_wconf 88' lang='lat' dir='ltr'>otioso.</span> 
     </span>
    </p>

    <p class='ocr_par' dir='ltr' id='par_1_3' title="bbox 140 1448 1732 1722">
     <span class='ocr_line' id='line_1_25' title="bbox 195 1448 1729 1502; baseline 0.001 -16"><span class='ocrx_word' id='word_1_258' title='bbox 195 1449 366 1486; x_wconf 85' lang='lat' dir='ltr'>Secunda</span> <span class='ocrx_word' id='word_1_259' title='bbox 377 1451 435 1485; x_wconf 84' lang='lat' dir='ltr'>via</span> <span class='ocrx_word' id='word_1_260' title='bbox 451 1449 549 1486; x_wconf 87' lang='lat' dir='ltr'>estin</span> <span class='ocrx_word' id='word_1_261' title='bbox 571 1450 732 1486; x_wconf 58' lang='lat' dir='ltr'>Vitruvio</span> <span class='ocrx_word' id='word_1_262' title='bbox 742 1448 820 1501; x_wconf 90' lang='lat' dir='ltr'>ipso</span> <span class='ocrx_word' id='word_1_263' title='bbox 839 1449 902 1487; x_wconf 90' lang='lat' dir='ltr'>lib.</span> <span class='ocrx_word' id='word_1_264' title='bbox 922 1462 953 1487; x_wconf 93' lang='lat'>1.</span> <span class='ocrx_word' id='word_1_265' title='bbox 975 1462 1056 1502; x_wconf 87' lang='lat' dir='ltr'>cap.</span> <span class='ocrx_word' id='word_1_266' title='bbox 1071 1466 1106 1490; x_wconf 86' lang='lat'>2.</span> <span class='ocrx_word' id='word_1_267' title='bbox 1127 1449 1192 1488; x_wconf 88' lang='lat' dir='ltr'>ubi</span> <span class='ocrx_word' id='word_1_268' title='bbox 1205 1450 1421 1489; x_wconf 88' lang='lat' dir='ltr'>summatim</span> <span class='ocrx_word' id='word_1_269' title='bbox 1440 1449 1661 1489; x_wconf 86' lang='lat' dir='ltr'>determinat</span> <span class='ocrx_word' id='word_1_270' title='bbox 1670 1448 1729 1487; x_wconf 79' lang='lat' dir='ltr'>sex</span> 
     </span>
     <span class='ocr_line' id='line_1_26' title="bbox 141 1503 1729 1562; baseline 0 -21"><span class='ocrx_word' id='word_1_271' title='bbox 141 1504 453 1542; x_wconf 74' lang='lat' dir='ltr'>considerationes</span> <span class='ocrx_word' id='word_1_272' title='bbox 465 1534 475 1550; x_wconf 92' lang='lat'>,</span> <span class='ocrx_word' id='word_1_273' title='bbox 492 1517 575 1555; x_wconf 87' lang='lat' dir='ltr'>quae</span> <span class='ocrx_word' id='word_1_274' title='bbox 595 1507 691 1543; x_wconf 87' lang='lat' dir='ltr'>hane</span> <span class='ocrx_word' id='word_1_275' title='bbox 712 1508 847 1544; x_wconf 84' lang='lat' dir='ltr'>Artem</span> <span class='ocrx_word' id='word_1_276' title='bbox 865 1505 1076 1544; x_wconf 87' lang='lat' dir='ltr'>absolvunt:</span> <span class='ocrx_word' id='word_1_277' title='bbox 1096 1504 1290 1550; x_wconf 69' lang='lat' dir='ltr'>Ordinatio,</span> <span class='ocrx_word' id='word_1_278' title='bbox 1311 1506 1480 1562; x_wconf 78' lang='lat' dir='ltr'>Dzsposttio</span> <span class='ocrx_word' id='word_1_279' title='bbox 1492 1503 1729 1557; x_wconf 75' lang='lat' dir='ltr'>‚Eurythmia‚</span> 
     </span>
     <span class='ocr_line' id='line_1_27' title="bbox 142 1559 1732 1614; baseline 0 -17"><span class='ocrx_word' id='word_1_280' title='bbox 142 1562 364 1612; x_wconf 77' lang='lat' dir='ltr'>symmetria,</span> <span class='ocrx_word' id='word_1_281' title='bbox 376 1567 485 1597; x_wconf 84' lang='lat' dir='ltr'>Decor</span> <span class='ocrx_word' id='word_1_282' title='bbox 496 1559 539 1605; x_wconf 60' lang='grc' dir='ltr'><em>ὠ</em></span> <span class='ocrx_word' id='word_1_283' title='bbox 550 1559 761 1610; x_wconf 71' lang='lat' dir='ltr'>Dssrtbutio.</span> <span class='ocrx_word' id='word_1_284' title='bbox 795 1563 966 1614; x_wconf 87' lang='lat' dir='ltr'>Qarum</span> <span class='ocrx_word' id='word_1_285' title='bbox 979 1590 987 1602; x_wconf 90' lang='lat'><strong><em>‚</em></strong></span> <span class='ocrx_word' id='word_1_286' title='bbox 1006 1575 1091 1600; x_wconf 86' lang='lat' dir='ltr'>mea</span> <span class='ocrx_word' id='word_1_287' title='bbox 1102 1563 1279 1600; x_wconf 87' lang='lat' dir='ltr'>sententia</span> <span class='ocrx_word' id='word_1_288' title='bbox 1290 1588 1298 1602; x_wconf 80' lang='grc'><em>,</em></span> <span class='ocrx_word' id='word_1_289' title='bbox 1319 1563 1398 1601; x_wconf 81' lang='lat' dir='ltr'>duae</span> <span class='ocrx_word' id='word_1_290' title='bbox 1409 1564 1549 1612; x_wconf 87' lang='lat' dir='ltr'>priores</span> <span class='ocrx_word' id='word_1_291' title='bbox 1559 1561 1732 1612; x_wconf 85' lang='lat' dir='ltr'>praeteriri</span> 
     </span>
     <span class='ocr_line' id='line_1_28' title="bbox 140 1615 1729 1669; baseline 0 -16"><span class='ocrx_word' id='word_1_292' title='bbox 140 1615 297 1666; x_wconf 83' lang='lat' dir='ltr'>poffunt.</span> <span class='ocrx_word' id='word_1_293' title='bbox 315 1617 418 1654; x_wconf 89' lang='lat' dir='ltr'>Nam</span> <span class='ocrx_word' id='word_1_294' title='bbox 429 1626 614 1666; x_wconf 88' lang='lat' dir='ltr'>quantum</span> <span class='ocrx_word' id='word_1_295' title='bbox 625 1619 792 1667; x_wconf 79' lang='lat' dir='ltr'>intelligo</span> <span class='ocrx_word' id='word_1_296' title='bbox 805 1645 812 1657; x_wconf 90' lang='lat'>,</span> <span class='ocrx_word' id='word_1_297' title='bbox 824 1630 888 1656; x_wconf 87' lang='lat' dir='ltr'>aut</span> <span class='ocrx_word' id='word_1_298' title='bbox 900 1631 943 1656; x_wconf 85' lang='lat' dir='ltr'>ex</span> <span class='ocrx_word' id='word_1_299' title='bbox 953 1619 1049 1656; x_wconf 89' lang='lat' dir='ltr'>illius</span> <span class='ocrx_word' id='word_1_300' title='bbox 1068 1620 1339 1669; x_wconf 82' lang='lat' dir='ltr'>interpretibus,</span> <span class='ocrx_word' id='word_1_301' title='bbox 1353 1629 1415 1655; x_wconf 84' lang='lat' dir='ltr'>aut</span> <span class='ocrx_word' id='word_1_302' title='bbox 1425 1615 1503 1665; x_wconf 89' lang='lat' dir='ltr'>ipso</span> <span class='ocrx_word' id='word_1_303' title='bbox 1515 1626 1633 1661; x_wconf 82' lang='lat' dir='ltr'>textu,</span> <span class='ocrx_word' id='word_1_304' title='bbox 1647 1616 1729 1665; x_wconf 85' lang='lat' dir='ltr'>(qui</span> 
     </span>
     <span class='ocr_line' id='line_1_29' title="bbox 140 1670 1726 1722; baseline -0.001 -14"><span class='ocrx_word' id='word_1_305' title='bbox 140 1673 180 1708; x_wconf 91' lang='lat' dir='ltr'>in</span> <span class='ocrx_word' id='word_1_306' title='bbox 191 1673 258 1710; x_wconf 88' lang='lat' dir='ltr'>illo</span> <span class='ocrx_word' id='word_1_307' title='bbox 267 1673 359 1709; x_wconf 93' lang='lat' dir='ltr'>loco</span> <span class='ocrx_word' id='word_1_308' title='bbox 372 1702 381 1716; x_wconf 95' lang='lat'>‚</span> <span class='ocrx_word' id='word_1_309' title='bbox 399 1674 437 1709; x_wconf 89' lang='lat' dir='ltr'>in</span> <span class='ocrx_word' id='word_1_310' title='bbox 448 1685 524 1722; x_wconf 92' lang='lat' dir='ltr'>quo</span> <span class='ocrx_word' id='word_1_311' title='bbox 533 1673 631 1711; x_wconf 86' lang='lat' dir='ltr'>forte</span> <span class='ocrx_word' id='word_1_312' title='bbox 643 1673 772 1711; x_wconf 81' lang='lat' dir='ltr'>elariffi</span> <span class='ocrx_word' id='word_1_313' title='bbox 781 1687 861 1711; x_wconf 90' lang='lat' dir='ltr'>mus</span> <span class='ocrx_word' id='word_1_314' title='bbox 873 1674 941 1711; x_wconf 80' lang='lat' dir='ltr'>effe</span> <span class='ocrx_word' id='word_1_315' title='bbox 959 1675 1118 1712; x_wconf 75' lang='lat' dir='ltr'>debebat</span> <span class='ocrx_word' id='word_1_316' title='bbox 1129 1701 1137 1714; x_wconf 94' lang='lat'>,</span> <span class='ocrx_word' id='word_1_317' title='bbox 1161 1673 1211 1710; x_wconf 89' lang='lat' dir='ltr'>est</span> <span class='ocrx_word' id='word_1_318' title='bbox 1220 1675 1383 1710; x_wconf 80' lang='lat' dir='ltr'>maxime</span> <span class='ocrx_word' id='word_1_319' title='bbox 1395 1670 1588 1717; x_wconf 85' lang='lat' dir='ltr'>obscurus)</span> <span class='ocrx_word' id='word_1_320' title='bbox 1602 1682 1666 1720; x_wconf 88' lang='lat' dir='ltr'>per</span> <span class='ocrx_word' id='word_1_321' title='bbox 1675 1684 1726 1707; x_wconf 88' lang='lat' dir='ltr'>or-</span> 
     </span>
    </p>

    <p class='ocr_par' dir='ltr' id='par_1_4' title="bbox 121 1725 1727 2277">
     <span class='ocr_line' id='line_1_30' title="bbox 121 1725 1726 1778; baseline 0.001 -16"><span class='ocrx_word' id='word_1_322' title='bbox 121 1753 124 1756; x_wconf 48' lang='lat'><strong>&gt;</strong></span> <span class='ocrx_word' id='word_1_323' title='bbox 140 1725 346 1763; x_wconf 77' lang='lat' dir='ltr'>dinationem</span> <span class='ocrx_word' id='word_1_324' title='bbox 357 1728 447 1765; x_wconf 88' lang='lat' dir='ltr'>nihil</span> <span class='ocrx_word' id='word_1_325' title='bbox 464 1728 563 1765; x_wconf 87' lang='lat' dir='ltr'>aliud</span> <span class='ocrx_word' id='word_1_326' title='bbox 580 1730 716 1766; x_wconf 88' lang='lat' dir='ltr'>indicat</span> <span class='ocrx_word' id='word_1_327' title='bbox 734 1742 851 1778; x_wconf 87' lang='lat' dir='ltr'>quam</span> <span class='ocrx_word' id='word_1_328' title='bbox 864 1729 1170 1766; x_wconf 88' lang='lat' dir='ltr'>constitutionem</span> <span class='ocrx_word' id='word_1_329' title='bbox 1191 1729 1341 1765; x_wconf 89' lang='lat' dir='ltr'>moduli</span> <span class='ocrx_word' id='word_1_330' title='bbox 1356 1728 1475 1764; x_wconf 90' lang='lat' dir='ltr'>totius</span> <span class='ocrx_word' id='word_1_331' title='bbox 1486 1727 1608 1775; x_wconf 90' lang='lat' dir='ltr'>operis</span> <span class='ocrx_word' id='word_1_332' title='bbox 1622 1739 1632 1768; x_wconf 90' lang='lat'>·,</span> <span class='ocrx_word' id='word_1_333' title='bbox 1655 1737 1726 1763; x_wconf 91' lang='lat' dir='ltr'>nec</span> 
     </span>
     <span class='ocr_line' id='line_1_31' title="bbox 139 1780 1727 1834; baseline -0.001 -15"><span class='ocrx_word' id='word_1_334' title='bbox 139 1794 205 1833; x_wconf 90' lang='lat' dir='ltr'>per</span> <span class='ocrx_word' id='word_1_335' title='bbox 214 1781 450 1834; x_wconf 62' lang='lat' dir='ltr'>dg&#39;sposttionem</span> <span class='ocrx_word' id='word_1_336' title='bbox 461 1783 616 1834; x_wconf 89' lang='lat' dir='ltr'>amplius</span> <span class='ocrx_word' id='word_1_337' title='bbox 628 1796 739 1831; x_wconf 84' lang='lat' dir='ltr'>quam</span> <span class='ocrx_word' id='word_1_338' title='bbox 751 1785 902 1834; x_wconf 84' lang='lat' dir='ltr'>planam</span> <span class='ocrx_word' id='word_1_339' title='bbox 924 1787 961 1822; x_wconf 67' lang='grc' dir='ltr'>ὅ(</span> <span class='ocrx_word' id='word_1_340' title='bbox 981 1786 1130 1834; x_wconf 85' lang='lat' dir='ltr'>plenam</span> <span class='ocrx_word' id='word_1_341' title='bbox 1143 1782 1412 1832; x_wconf 82' lang='lat' dir='ltr'>expressionem</span> <span class='ocrx_word' id='word_1_342' title='bbox 1422 1782 1547 1830; x_wconf 84' lang='lat' dir='ltr'>primae</span> <span class='ocrx_word' id='word_1_343' title='bbox 1558 1780 1652 1818; x_wconf 83' lang='lat' dir='ltr'>Ideae</span> <span class='ocrx_word' id='word_1_344' title='bbox 1664 1792 1727 1819; x_wconf 91' lang='lat' dir='ltr'>aut</span> 
     </span>
     <span class='ocr_line' id='line_1_32' title="bbox 140 1835 1726 1889; baseline -0.001 -15"><span class='ocrx_word' id='word_1_345' title='bbox 140 1838 399 1887; x_wconf 81' lang='lat' dir='ltr'>designationis</span> <span class='ocrx_word' id='word_1_346' title='bbox 409 1839 519 1880; x_wconf 66' lang='lat' dir='ltr'>illius,</span> <span class='ocrx_word' id='word_1_347' title='bbox 533 1851 612 1887; x_wconf 80' lang='lat' dir='ltr'>quae</span> <span class='ocrx_word' id='word_1_348' title='bbox 625 1838 721 1876; x_wconf 87' lang='lat' dir='ltr'>forte</span> <span class='ocrx_word' id='word_1_349' title='bbox 733 1841 851 1888; x_wconf 85' lang='lat' dir='ltr'>magis</span> <span class='ocrx_word' id='word_1_350' title='bbox 863 1841 1048 1889; x_wconf 88' lang='lat' dir='ltr'>pertinent</span> <span class='ocrx_word' id='word_1_351' title='bbox 1059 1839 1103 1876; x_wconf 93' lang='lat' dir='ltr'>ad</span> <span class='ocrx_word' id='word_1_352' title='bbox 1115 1836 1297 1876; x_wconf 80' lang='lat' dir='ltr'>artificem</span> <span class='ocrx_word' id='word_1_353' title='bbox 1308 1848 1423 1886; x_wconf 90' lang='lat' dir='ltr'>quam</span> <span class='ocrx_word' id='word_1_354' title='bbox 1432 1835 1634 1874; x_wconf 86' lang='lat' dir='ltr'>censorem.</span> <span class='ocrx_word' id='word_1_355' title='bbox 1649 1838 1726 1873; x_wconf 54' lang='lat' dir='ltr'>Re⁴</span> 
     </span>
     <span class='ocr_line' id='line_1_33' title="bbox 139 1890 1724 1943; baseline -0.001 -13"><span class='ocrx_word' id='word_1_356' title='bbox 139 1895 248 1943; x_wconf 84' lang='lat' dir='ltr'>liquae</span> <span class='ocrx_word' id='word_1_357' title='bbox 268 1904 427 1943; x_wconf 87' lang='lat' dir='ltr'>quatuor</span> <span class='ocrx_word' id='word_1_358' title='bbox 444 1892 629 1930; x_wconf 85' lang='lat' dir='ltr'>sufficiunt</span> <span class='ocrx_word' id='word_1_359' title='bbox 647 1894 692 1930; x_wconf 88' lang='lat' dir='ltr'>ad</span> <span class='ocrx_word' id='word_1_360' title='bbox 711 1894 964 1935; x_wconf 87' lang='lat' dir='ltr'>damnandum</span> <span class='ocrx_word' id='word_1_361' title='bbox 981 1904 1043 1931; x_wconf 86' lang='lat' dir='ltr'>aut</span> <span class='ocrx_word' id='word_1_362' title='bbox 1060 1893 1326 1932; x_wconf 88' lang='lat' dir='ltr'>absolvendum</span> <span class='ocrx_word' id='word_1_363' title='bbox 1337 1903 1600 1942; x_wconf 82' lang='lat' dir='ltr'>quamcunque</span> <span class='ocrx_word' id='word_1_364' title='bbox 1612 1890 1724 1930; x_wconf 87' lang='lat' dir='ltr'>fabri-</span> 
     </span>
     <span class='ocr_line' id='line_1_34' title="bbox 141 1946 1723 2002; baseline -0.001 -17"><span class='ocrx_word' id='word_1_365' title='bbox 141 1951 269 1987; x_wconf 84' lang='lat' dir='ltr'>ricam.</span> <span class='ocrx_word' id='word_1_366' title='bbox 301 1950 475 1999; x_wconf 90' lang='lat' dir='ltr'>Qarum</span> <span class='ocrx_word' id='word_1_367' title='bbox 487 1946 690 2002; x_wconf 79' lang='lat' dir='ltr'>Eurythmia</span> <span class='ocrx_word' id='word_1_368' title='bbox 699 1949 749 1986; x_wconf 88' lang='lat' dir='ltr'>est</span> <span class='ocrx_word' id='word_1_369' title='bbox 760 1959 860 1998; x_wconf 90' lang='lat' dir='ltr'>grata</span> <span class='ocrx_word' id='word_1_370' title='bbox 870 1950 930 1987; x_wconf 89' lang='lat' dir='ltr'>illa</span> <span class='ocrx_word' id='word_1_371' title='bbox 941 1950 1129 1987; x_wconf 75' lang='lat' dir='ltr'>Harmonia</span> <span class='ocrx_word' id='word_1_372' title='bbox 1140 1951 1236 1986; x_wconf 85' lang='lat' dir='ltr'>inter</span> <span class='ocrx_word' id='word_1_373' title='bbox 1253 1948 1505 1987; x_wconf 86' lang='lat' dir='ltr'>latitudinem,</span> <span class='ocrx_word' id='word_1_374' title='bbox 1519 1949 1723 1997; x_wconf 87' lang='lat' dir='ltr'>longitudi-</span> 
     </span>
     <span class='ocr_line' id='line_1_35' title="bbox 142 2003 1722 2054; baseline -0.001 -13"><span class='ocrx_word' id='word_1_375' title='bbox 142 2016 227 2041; x_wconf 90' lang='lat' dir='ltr'>nem</span> <span class='ocrx_word' id='word_1_376' title='bbox 240 2033 249 2048; x_wconf 93' lang='lat'>,</span> <span class='ocrx_word' id='word_1_377' title='bbox 262 2007 298 2041; x_wconf 75' lang='grc' dir='ltr'>δ(</span> <span class='ocrx_word' id='word_1_378' title='bbox 310 2006 542 2042; x_wconf 87' lang='lat' dir='ltr'>altitudinem</span> <span class='ocrx_word' id='word_1_379' title='bbox 553 2007 725 2042; x_wconf 89' lang='lat' dir='ltr'>omnium</span> <span class='ocrx_word' id='word_1_380' title='bbox 737 2006 974 2043; x_wconf 87' lang='lat' dir='ltr'>conclavium</span> <span class='ocrx_word' id='word_1_381' title='bbox 985 2004 1169 2042; x_wconf 71' lang='lat' dir='ltr'>stru&amp;urae</span> <span class='ocrx_word' id='word_1_382' title='bbox 1184 2034 1194 2050; x_wconf 92' lang='lat'>‚</span> <span class='ocrx_word' id='word_1_383' title='bbox 1213 2016 1293 2054; x_wconf 85' lang='lat' dir='ltr'>quae</span> <span class='ocrx_word' id='word_1_384' title='bbox 1306 2005 1371 2042; x_wconf 89' lang='lat' dir='ltr'>ubi</span> <span class='ocrx_word' id='word_1_385' title='bbox 1381 2003 1479 2041; x_wconf 86' lang='lat' dir='ltr'>adest</span> <span class='ocrx_word' id='word_1_386' title='bbox 1490 2004 1583 2053; x_wconf 85' lang='lat' dir='ltr'>rapit</span> <span class='ocrx_word' id='word_1_387' title='bbox 1593 2015 1722 2052; x_wconf 89' lang='lat' dir='ltr'>quem-</span> 
     </span>
     <span class='ocr_line' id='line_1_36' title="bbox 142 2058 1725 2112; baseline -0.001 -16"><span class='ocrx_word' id='word_1_388' title='bbox 142 2071 218 2108; x_wconf 83' lang='lat' dir='ltr'>que</span> <span class='ocrx_word' id='word_1_389' title='bbox 227 2060 246 2096; x_wconf 91' lang='lat' dir='ltr'>s</span> <span class='ocrx_word' id='word_1_390' title='bbox 240 2060 466 2110; x_wconf 63' lang='lat' dir='ltr'>peetatorem</span> <span class='ocrx_word' id='word_1_391' title='bbox 476 2072 539 2110; x_wconf 88' lang='lat' dir='ltr'>per</span> <span class='ocrx_word' id='word_1_392' title='bbox 549 2060 724 2098; x_wconf 89' lang='lat' dir='ltr'>secretam</span> <span class='ocrx_word' id='word_1_393' title='bbox 748 2063 956 2112; x_wconf 85' lang='lat' dir='ltr'>potentiam</span> <span class='ocrx_word' id='word_1_394' title='bbox 970 2062 1243 2111; x_wconf 84' lang='lat' dir='ltr'>proportionis:</span> <span class='ocrx_word' id='word_1_395' title='bbox 1267 2062 1303 2097; x_wconf 84' lang='lat' dir='ltr'>in</span> <span class='ocrx_word' id='word_1_396' title='bbox 1316 2072 1388 2108; x_wconf 88' lang='lat' dir='ltr'>qua</span> <span class='ocrx_word' id='word_1_397' title='bbox 1400 2059 1475 2096; x_wconf 88' lang='lat' dir='ltr'>hoc</span> <span class='ocrx_word' id='word_1_398' title='bbox 1486 2058 1606 2096; x_wconf 89' lang='lat' dir='ltr'>solum</span> <span class='ocrx_word' id='word_1_399' title='bbox 1616 2060 1725 2096; x_wconf 79' lang='lat' dir='ltr'>liceat</span> 
     </span>
     <span class='ocr_line' id='line_1_37' title="bbox 143 2113 1726 2166; baseline 0 -14"><span class='ocrx_word' id='word_1_400' title='bbox 143 2126 292 2163; x_wconf 82' lang='lat' dir='ltr'>notate;</span> <span class='ocrx_word' id='word_1_401' title='bbox 316 2116 439 2165; x_wconf 87' lang='lat' dir='ltr'>quod,</span> <span class='ocrx_word' id='word_1_402' title='bbox 463 2118 552 2153; x_wconf 88' lang='lat' dir='ltr'>licet</span> <span class='ocrx_word' id='word_1_403' title='bbox 562 2118 743 2153; x_wconf 89' lang='lat' dir='ltr'>minimus</span> <span class='ocrx_word' id='word_1_404' title='bbox 755 2129 858 2154; x_wconf 88' lang='lat' dir='ltr'>error</span> <span class='ocrx_word' id='word_1_405' title='bbox 868 2118 928 2156; x_wconf 80' lang='lat' dir='ltr'>vel</span> <span class='ocrx_word' id='word_1_406' title='bbox 946 2115 1084 2154; x_wconf 84' lang='lat' dir='ltr'>offensa</span> <span class='ocrx_word' id='word_1_407' title='bbox 1094 2129 1175 2166; x_wconf 82' lang='lat' dir='ltr'>quae</span> <span class='ocrx_word' id='word_1_408' title='bbox 1186 2116 1378 2153; x_wconf 89' lang='lat' dir='ltr'>committi</span> <span class='ocrx_word' id='word_1_409' title='bbox 1395 2113 1515 2164; x_wconf 87' lang='lat' dir='ltr'>potest</span> <span class='ocrx_word' id='word_1_410' title='bbox 1534 2123 1666 2152; x_wconf 86' lang='lat' dir='ltr'>contra</span> <span class='ocrx_word' id='word_1_411' title='bbox 1673 2115 1726 2151; x_wconf 82' lang='lat' dir='ltr'>vi-</span> 
     </span>
     <span class='ocr_line' id='line_1_38' title="bbox 143 2169 1726 2220; baseline 0 -13"><span class='ocrx_word' id='word_1_412' title='bbox 143 2170 219 2207; x_wconf 89' lang='lat' dir='ltr'>sum</span> <span class='ocrx_word' id='word_1_413' title='bbox 233 2200 242 2215; x_wconf 91' lang='lat'>‚</span> <span class='ocrx_word' id='word_1_414' title='bbox 262 2171 310 2207; x_wconf 90' lang='lat' dir='ltr'>est</span> <span class='ocrx_word' id='word_1_415' title='bbox 321 2169 484 2208; x_wconf 76' lang='lat' dir='ltr'>excessus</span> <span class='ocrx_word' id='word_1_416' title='bbox 501 2173 537 2207; x_wconf 90' lang='lat' dir='ltr'>in</span> <span class='ocrx_word' id='word_1_417' title='bbox 549 2171 759 2216; x_wconf 62' lang='lat' dir='ltr'>altitudine,</span> <span class='ocrx_word' id='word_1_418' title='bbox 781 2183 907 2210; x_wconf 85' lang='lat' dir='ltr'>tamen</span> <span class='ocrx_word' id='word_1_419' title='bbox 919 2171 997 2210; x_wconf 92' lang='lat' dir='ltr'>hoc</span> <span class='ocrx_word' id='word_1_420' title='bbox 1009 2173 1143 2211; x_wconf 89' lang='lat' dir='ltr'>vitium</span> <span class='ocrx_word' id='word_1_421' title='bbox 1154 2170 1338 2220; x_wconf 84' lang='lat' dir='ltr'>nusquam</span> <span class='ocrx_word' id='word_1_422' title='bbox 1358 2180 1436 2205; x_wconf 89' lang='lat' dir='ltr'>non</span> <span class='ocrx_word' id='word_1_423' title='bbox 1446 2170 1570 2218; x_wconf 87' lang='lat' dir='ltr'>magni</span> <span class='ocrx_word' id='word_1_424' title='bbox 1582 2169 1630 2206; x_wconf 87' lang='lat' dir='ltr'>est</span> <span class='ocrx_word' id='word_1_425' title='bbox 1642 2181 1726 2207; x_wconf 91' lang='lat' dir='ltr'>mo-</span> 
     </span>
     <span class='ocr_line' id='line_1_39' title="bbox 142 2225 947 2277; baseline 0.001 -14"><span class='ocrx_word' id='word_1_426' title='bbox 142 2228 268 2265; x_wconf 83' lang='lat' dir='ltr'>menti,</span> <span class='ocrx_word' id='word_1_427' title='bbox 280 2227 365 2274; x_wconf 88' lang='lat' dir='ltr'>quia</span> <span class='ocrx_word' id='word_1_428' title='bbox 375 2227 533 2262; x_wconf 85' lang='lat' dir='ltr'>maxime</span> <span class='ocrx_word' id='word_1_429' title='bbox 545 2225 701 2264; x_wconf 87' lang='lat' dir='ltr'>offendit</span> <span class='ocrx_word' id='word_1_430' title='bbox 714 2228 947 2277; x_wconf 87' lang='lat' dir='ltr'>marsupium.</span> 
     </span>
    </p>

    <p class='ocr_par' dir='ltr' id='par_1_5' title="bbox 146 2279 1725 2376">
     <span class='ocr_line' id='line_1_40' title="bbox 201 2279 1725 2333; baseline -0.003 -14"><span class='ocrx_word' id='word_1_431' title='bbox 201 2282 410 2333; x_wconf 70' lang='lat' dir='ltr'>symmetria</span> <span class='ocrx_word' id='word_1_432' title='bbox 436 2281 487 2317; x_wconf 91' lang='lat' dir='ltr'>est</span> <span class='ocrx_word' id='word_1_433' title='bbox 507 2283 770 2320; x_wconf 90' lang='lat' dir='ltr'>convenientia</span> <span class='ocrx_word' id='word_1_434' title='bbox 787 2295 868 2331; x_wconf 89' lang='lat' dir='ltr'>quae</span> <span class='ocrx_word' id='word_1_435' title='bbox 885 2281 1053 2320; x_wconf 90' lang='lat' dir='ltr'>discurrit</span> <span class='ocrx_word' id='word_1_436' title='bbox 1071 2283 1168 2319; x_wconf 90' lang='lat' dir='ltr'>inter</span> <span class='ocrx_word' id='word_1_437' title='bbox 1183 2290 1303 2333; x_wconf 88' lang='lat' dir='ltr'>partes</span> <span class='ocrx_word' id='word_1_438' title='bbox 1331 2279 1368 2318; x_wconf 89' lang='lat'>&amp;</span> <span class='ocrx_word' id='word_1_439' title='bbox 1397 2290 1524 2319; x_wconf 93' lang='lat' dir='ltr'>totum</span> <span class='ocrx_word' id='word_1_440' title='bbox 1546 2310 1557 2326; x_wconf 91' lang='lat'><em>‚</em></span> <span class='ocrx_word' id='word_1_441' title='bbox 1590 2279 1634 2318; x_wconf 92' lang='lat' dir='ltr'>dc</span> <span class='ocrx_word' id='word_1_442' title='bbox 1653 2291 1725 2328; x_wconf 84' lang='lat' dir='ltr'>qua</span> 
     </span>
     <span class='ocr_line' id='line_1_41' title="bbox 146 2337 325 2376; baseline -0.022 0"><span class='ocrx_word' id='word_1_443' title='bbox 146 2349 230 2376; x_wconf 88' lang='lat' dir='ltr'>ante</span> <span class='ocrx_word' id='word_1_444' title='bbox 242 2337 325 2374; x_wconf 87' lang='lat' dir='ltr'>dixi.</span> 
     </span>
    </p>

    <p class='ocr_par' dir='ltr' id='par_1_6' title="bbox 143 2390 1724 2778">
     <span class='ocr_line' id='line_1_42' title="bbox 198 2390 1721 2441; baseline -0.005 -10"><span class='ocrx_word' id='word_1_445' title='bbox 198 2400 306 2431; x_wconf 86' lang='lat' dir='ltr'>Decor</span> <span class='ocrx_word' id='word_1_446' title='bbox 316 2391 366 2429; x_wconf 89' lang='lat' dir='ltr'>cst</span> <span class='ocrx_word' id='word_1_447' title='bbox 377 2390 631 2437; x_wconf 85' lang='lat' dir='ltr'>custodiajusti</span> <span class='ocrx_word' id='word_1_448' title='bbox 641 2391 822 2441; x_wconf 66' lang='lat' dir='ltr'>respectus</span> <span class='ocrx_word' id='word_1_449' title='bbox 833 2418 841 2432; x_wconf 92' lang='lat'>‚</span> <span class='ocrx_word' id='word_1_450' title='bbox 860 2393 956 2429; x_wconf 89' lang='lat' dir='ltr'>inter</span> <span class='ocrx_word' id='word_1_451' title='bbox 965 2391 1214 2430; x_wconf 87' lang='lat' dir='ltr'>habitatorem</span> <span class='ocrx_word' id='word_1_452' title='bbox 1234 2390 1271 2429; x_wconf 74' lang='grc' dir='ltr'>δε</span> <span class='ocrx_word' id='word_1_453' title='bbox 1293 2390 1575 2431; x_wconf 87' lang='lat' dir='ltr'>habitationem.</span> <span class='ocrx_word' id='word_1_454' title='bbox 1606 2391 1634 2426; x_wconf 89' lang='lat' dir='ltr'>E</span> <span class='ocrx_word' id='word_1_455' title='bbox 1647 2400 1721 2438; x_wconf 87' lang='lat' dir='ltr'>qua</span> 
     </span>
     <span class='ocr_line' id='line_1_43' title="bbox 144 2445 1721 2498; baseline -0.004 -11"><span class='ocrx_word' id='word_1_456' title='bbox 144 2446 309 2487; x_wconf 73' lang='lat' dir='ltr'>Palladius</span> <span class='ocrx_word' id='word_1_457' title='bbox 328 2446 598 2487; x_wconf 88' lang='lat' dir='ltr'>concludebat,</span> <span class='ocrx_word' id='word_1_458' title='bbox 622 2448 866 2498; x_wconf 90' lang='lat' dir='ltr'>principalem</span> <span class='ocrx_word' id='word_1_459' title='bbox 885 2449 1082 2486; x_wconf 89' lang='lat' dir='ltr'>introitum</span> <span class='ocrx_word' id='word_1_460' title='bbox 1100 2459 1311 2497; x_wconf 88' lang='lat' dir='ltr'>numquam</span> <span class='ocrx_word' id='word_1_461' title='bbox 1330 2447 1573 2497; x_wconf 86' lang='lat' dir='ltr'>regulandum</span> <span class='ocrx_word' id='word_1_462' title='bbox 1593 2445 1721 2481; x_wconf 87' lang='lat' dir='ltr'>secun-</span> 
     </span>
     <span class='ocr_line' id='line_1_44' title="bbox 143 2502 1723 2553; baseline -0.004 -11"><span class='ocrx_word' id='word_1_463' title='bbox 143 2506 235 2542; x_wconf 89' lang='lat' dir='ltr'>dum</span> <span class='ocrx_word' id='word_1_464' title='bbox 249 2513 365 2541; x_wconf 82' lang='lat' dir='ltr'>certas</span> <span class='ocrx_word' id='word_1_465' title='bbox 375 2502 635 2547; x_wconf 76' lang='lat' dir='ltr'>dimensiones,</span> <span class='ocrx_word' id='word_1_466' title='bbox 647 2502 706 2540; x_wconf 87' lang='lat' dir='ltr'>sed</span> <span class='ocrx_word' id='word_1_467' title='bbox 716 2503 917 2541; x_wconf 91' lang='lat' dir='ltr'>secundum</span> <span class='ocrx_word' id='word_1_468' title='bbox 929 2503 1151 2553; x_wconf 82' lang='lat' dir='ltr'>dignitatem</span> <span class='ocrx_word' id='word_1_469' title='bbox 1165 2504 1308 2541; x_wconf 88' lang='lat' dir='ltr'>domini</span> <span class='ocrx_word' id='word_1_470' title='bbox 1319 2524 1328 2551; x_wconf 79' lang='lat'>3</span> <span class='ocrx_word' id='word_1_471' title='bbox 1342 2514 1478 2546; x_wconf 87' lang='lat' dir='ltr'>tamen,</span> <span class='ocrx_word' id='word_1_472' title='bbox 1493 2511 1644 2552; x_wconf 89' lang='lat' dir='ltr'>peccare</span> <span class='ocrx_word' id='word_1_473' title='bbox 1654 2511 1723 2549; x_wconf 78' lang='lat' dir='ltr'>po·</span> 
     </span>
     <span class='ocr_line' id='line_1_45' title="bbox 143 2554 1724 2610; baseline -0.005 -12"><span class='ocrx_word' id='word_1_474' title='bbox 143 2563 213 2599; x_wconf 88' lang='lat' dir='ltr'>tius</span> <span class='ocrx_word' id='word_1_475' title='bbox 225 2562 262 2597; x_wconf 92' lang='lat' dir='ltr'>in</span> <span class='ocrx_word' id='word_1_476' title='bbox 273 2560 414 2596; x_wconf 79' lang='lat' dir='ltr'>excess&#39;u</span> <span class='ocrx_word' id='word_1_477' title='bbox 426 2588 435 2602; x_wconf 89' lang='lat'>‚</span> <span class='ocrx_word' id='word_1_478' title='bbox 453 2570 566 2607; x_wconf 85' lang='lat' dir='ltr'>quam</span> <span class='ocrx_word' id='word_1_479' title='bbox 583 2558 727 2596; x_wconf 64' lang='lat' dir='ltr'>defectu</span> <span class='ocrx_word' id='word_1_480' title='bbox 740 2588 750 2603; x_wconf 94' lang='lat'>,</span> <span class='ocrx_word' id='word_1_481' title='bbox 766 2569 1027 2609; x_wconf 83' lang='lat' dir='ltr'>argumentum</span> <span class='ocrx_word' id='word_1_482' title='bbox 1043 2560 1093 2597; x_wconf 92' lang='lat' dir='ltr'>est</span> <span class='ocrx_word' id='word_1_483' title='bbox 1111 2558 1363 2610; x_wconf 82' lang='lat' dir='ltr'>generositatis</span> <span class='ocrx_word' id='word_1_484' title='bbox 1375 2588 1384 2603; x_wconf 91' lang='lat'>‚</span> <span class='ocrx_word' id='word_1_485' title='bbox 1401 2560 1436 2595; x_wconf 71' lang='grc' dir='ltr'>δ(</span> <span class='ocrx_word' id='word_1_486' title='bbox 1450 2556 1567 2608; x_wconf 88' lang='lat' dir='ltr'>potest</span> <span class='ocrx_word' id='word_1_487' title='bbox 1585 2554 1724 2605; x_wconf 88' lang='lat' dir='ltr'>semper</span> 
     </span>
     <span class='ocr_line' id='line_1_46' title="bbox 145 2608 1723 2666; baseline -0.006 -12"><span class='ocrx_word' id='word_1_488' title='bbox 145 2615 306 2654; x_wconf 86' lang='lat' dir='ltr'>excusari</span> <span class='ocrx_word' id='word_1_489' title='bbox 324 2615 443 2652; x_wconf 91' lang='lat' dir='ltr'>nobili</span> <span class='ocrx_word' id='word_1_490' title='bbox 460 2615 589 2663; x_wconf 85' lang='lat' dir='ltr'>aliquo</span> <span class='ocrx_word' id='word_1_491' title='bbox 607 2614 840 2652; x_wconf 86' lang='lat' dir='ltr'>Emblemate</span> <span class='ocrx_word' id='word_1_492' title='bbox 851 2626 914 2652; x_wconf 89' lang='lat' dir='ltr'>aut</span> <span class='ocrx_word' id='word_1_493' title='bbox 933 2614 1195 2666; x_wconf 84' lang='lat' dir='ltr'>inscriptione,</span> <span class='ocrx_word' id='word_1_494' title='bbox 1217 2624 1257 2651; x_wconf 91' lang='lat' dir='ltr'>ut</span> <span class='ocrx_word' id='word_1_495' title='bbox 1275 2614 1334 2651; x_wconf 87' lang='lat' dir='ltr'>illa</span> <span class='ocrx_word' id='word_1_496' title='bbox 1358 2614 1495 2650; x_wconf 55' lang='lat' dir='ltr'>comita</span> <span class='ocrx_word' id='word_1_497' title='bbox 1514 2609 1553 2646; x_wconf 86' lang='lat' dir='ltr'>de</span> <span class='ocrx_word' id='word_1_498' title='bbox 1570 2608 1723 2646; x_wconf 75' lang='lat' dir='ltr'>Bevt&#39;lac-</span> 
     </span>
     <span class='ocr_line' id='line_1_47' title="bbox 144 2663 1724 2724; baseline -0.004 -16"><span class='ocrx_word' id='word_1_499' title='bbox 144 2684 222 2724; x_wconf 73' lang='lat' dir='ltr'>qua,</span> <span class='ocrx_word' id='word_1_500' title='bbox 242 2669 344 2721; x_wconf 90' lang='lat' dir='ltr'>super</span> <span class='ocrx_word' id='word_1_501' title='bbox 363 2672 441 2717; x_wconf 77' lang='lat' dir='ltr'>ejus</span> <span class='ocrx_word' id='word_1_502' title='bbox 459 2671 599 2719; x_wconf 82' lang='lat' dir='ltr'>largam</span> <span class='ocrx_word' id='word_1_503' title='bbox 615 2680 765 2720; x_wconf 87' lang='lat' dir='ltr'>portam</span> <span class='ocrx_word' id='word_1_504' title='bbox 775 2671 937 2710; x_wconf 87' lang='lat' dir='ltr'>Veronae</span> <span class='ocrx_word' id='word_1_505' title='bbox 948 2697 956 2711; x_wconf 87' lang='lat'>‚</span> <span class='ocrx_word' id='word_1_506' title='bbox 969 2670 1033 2708; x_wconf 88' lang='lat' dir='ltr'>ubi</span> <span class='ocrx_word' id='word_1_507' title='bbox 1049 2670 1148 2709; x_wconf 90' lang='lat' dir='ltr'>forte</span> <span class='ocrx_word' id='word_1_508' title='bbox 1158 2668 1354 2708; x_wconf 76' lang='lat' dir='ltr'>commiffa</span> <span class='ocrx_word' id='word_1_509' title='bbox 1373 2678 1448 2706; x_wconf 88' lang='lat' dir='ltr'>erat</span> <span class='ocrx_word' id='word_1_510' title='bbox 1467 2666 1644 2705; x_wconf 85' lang='lat' dir='ltr'>nonnulla</span> <span class='ocrx_word' id='word_1_511' title='bbox 1658 2663 1724 2702; x_wconf 85' lang='lat' dir='ltr'>dis-</span> 
     </span>
     <span class='ocr_line' id='line_1_48' title="bbox 146 2728 358 2778; baseline -0.014 -13"><span class='ocrx_word' id='word_1_512' title='bbox 146 2728 358 2778; x_wconf 87' lang='lat' dir='ltr'>proportio.</span> 
     </span>
    </p>

    <p class='ocr_par' dir='ltr' id='par_1_7' title="bbox 149 2783 1725 2943">
     <span class='ocr_line' id='line_1_49' title="bbox 593 2783 1049 2832; baseline 0 -17"><span class='ocrx_word' id='word_1_513' title='bbox 593 2786 692 2816; x_wconf 73' lang='lat' dir='ltr'>Patet</span> <span class='ocrx_word' id='word_1_514' title='bbox 699 2787 810 2817; x_wconf 75' lang='lat' dir='ltr'>Ianua</span> <span class='ocrx_word' id='word_1_515' title='bbox 820 2794 832 2817; x_wconf 87' lang='lat'>.·</span> <span class='ocrx_word' id='word_1_516' title='bbox 855 2787 919 2818; x_wconf 84' lang='lat' dir='ltr'>Cor</span> <span class='ocrx_word' id='word_1_517' title='bbox 929 2783 1049 2832; x_wconf 67' lang='lat' dir='ltr'>magis.</span> 
     </span>
     <span class='ocr_line' id='line_1_50' title="bbox 151 2827 1724 2887; baseline -0.003 -15"><span class='ocrx_word' id='word_1_518' title='bbox 151 2836 277 2887; x_wconf 90' lang='lat' dir='ltr'>Atque</span> <span class='ocrx_word' id='word_1_519' title='bbox 295 2835 388 2874; x_wconf 88' lang='lat' dir='ltr'>mihi</span> <span class='ocrx_word' id='word_1_520' title='bbox 407 2835 469 2883; x_wconf 75' lang='lat' dir='ltr'>hjc</span> <span class='ocrx_word' id='word_1_521' title='bbox 490 2837 853 2874; x_wconf 88' lang='lat' dir='ltr'>commemorandus</span> <span class='ocrx_word' id='word_1_522' title='bbox 872 2836 922 2873; x_wconf 88' lang='lat' dir='ltr'>est</span> <span class='ocrx_word' id='word_1_523' title='bbox 941 2835 1067 2873; x_wconf 88' lang='lat' dir='ltr'>noster</span> <span class='ocrx_word' id='word_1_524' title='bbox 1077 2835 1218 2886; x_wconf 88' lang='lat' dir='ltr'>semper</span> <span class='ocrx_word' id='word_1_525' title='bbox 1228 2834 1483 2872; x_wconf 86' lang='lat' dir='ltr'>memorabilis</span> <span class='ocrx_word' id='word_1_526' title='bbox 1500 2835 1621 2882; x_wconf 87' lang='lat' dir='ltr'>Eques</span> <span class='ocrx_word' id='word_1_527' title='bbox 1642 2827 1724 2868; x_wconf 76' lang='lat' dir='ltr'>Pln‘-</span> 
     </span>
     <span class='ocr_line' id='line_1_51' title="bbox 149 2887 1725 2943; baseline -0.002 -17"><span class='ocrx_word' id='word_1_528' title='bbox 149 2889 255 2943; x_wconf 84' lang='lat' dir='ltr'>lippus</span> <span class='ocrx_word' id='word_1_529' title='bbox 267 2889 441 2935; x_wconf 62' lang='lat' dir='ltr'>stdnem13</span> <span class='ocrx_word' id='word_1_530' title='bbox 458 2892 577 2939; x_wconf 82' lang='lat' dir='ltr'>(cuius</span> <span class='ocrx_word' id='word_1_531' title='bbox 587 2893 777 2941; x_wconf 84' lang='lat' dir='ltr'>ingenium</span> <span class='ocrx_word' id='word_1_532' title='bbox 795 2904 919 2930; x_wconf 88' lang='lat' dir='ltr'>revera</span> <span class='ocrx_word' id='word_1_533' title='bbox 930 2902 1005 2929; x_wconf 89' lang='lat' dir='ltr'>crat</span> <span class='ocrx_word' id='word_1_534' title='bbox 1023 2892 1148 2941; x_wconf 90' lang='lat' dir='ltr'>regula</span> <span class='ocrx_word' id='word_1_535' title='bbox 1159 2892 1417 2941; x_wconf 82' lang='lat' dir='ltr'>congruitatis)</span> <span class='ocrx_word' id='word_1_536' title='bbox 1431 2891 1493 2939; x_wconf 91' lang='lat' dir='ltr'>qui</span> <span class='ocrx_word' id='word_1_537' title='bbox 1504 2893 1517 2926; x_wconf 77' lang='lat' dir='ltr'>l</span> <span class='ocrx_word' id='word_1_538' title='bbox 1519 2891 1618 2926; x_wconf 86' lang='lat' dir='ltr'>ciens</span> <span class='ocrx_word' id='word_1_539' title='bbox 1631 2887 1725 2924; x_wconf 80' lang='lat' dir='ltr'>ssafi-</span> 
     </span>
    </p>
   </div>
   <div class='ocr_carea' id='block_1_3' title="bbox 149 2944 1727 3047">
    <p class='ocr_par' dir='ltr' id='par_1_8' title="bbox 149 2944 1727 3047">
     <span class='ocr_line' id='line_1_52' title="bbox 149 2944 1727 3036; baseline -0.004 -53"><span class='ocrx_word' id='word_1_540' title='bbox 149 2947 242 2985; x_wconf 87' lang='lat' dir='ltr'>lium</span> <span class='ocrx_word' id='word_1_541' title='bbox 260 2948 328 2994; x_wconf 78' lang='lat' dir='ltr'>(uti</span> <span class='ocrx_word' id='word_1_542' title='bbox 337 2947 502 3000; x_wconf 86' lang='lat' dir='ltr'>depinxit</span> <span class='ocrx_word' id='word_1_543' title='bbox 522 2947 740 2998; x_wconf 82' lang='lat' dir='ltr'>dignitatem</span> <span class='ocrx_word' id='word_1_544' title='bbox 757 2948 855 2987; x_wconf 85' lang='lat' dir='ltr'>illius</span> <span class='ocrx_word' id='word_1_545' title='bbox 865 2948 1015 2996; x_wconf 88' lang='lat' dir='ltr'>mentis)</span> <span class='ocrx_word' id='word_1_546' title='bbox 1035 2948 1160 2998; x_wconf 90' lang='lat' dir='ltr'>potius</span> <span class='ocrx_word' id='word_1_547' title='bbox 1178 2945 1325 2985; x_wconf 72' lang='lat' dir='ltr'>caruisse</span> <span class='ocrx_word' id='word_1_548' title='bbox 1344 2944 1727 3036; x_wconf 51' lang='grc' dir='ltr'>εκῑωοτάὶηειζίἰῗέυί-</span> 
     </span>
     <span class='ocr_line' id='line_1_53' title="bbox 1048 3002 1724 3047; baseline -0.007 -8"><span class='ocrx_word' id='word_1_549' title='bbox 1048 3006 1071 3039; x_wconf 84' lang='lat'>†</span> <span class='ocrx_word' id='word_1_550' title='bbox 1083 3002 1106 3039; x_wconf 90' lang='lat' dir='ltr'>d</span> <span class='ocrx_word' id='word_1_551' title='bbox 1138 3016 1153 3047; x_wconf 85' lang='lat'>3</span> <span class='ocrx_word' id='word_1_552' title='bbox 1600 3012 1621 3037; x_wconf 93' lang='lat' dir='ltr'>u</span> <span class='ocrx_word' id='word_1_553' title='bbox 1663 3008 1724 3034; x_wconf 84' lang='lat' dir='ltr'>am</span> 
     </span>
    </p>
   </div>
  </div>
 </body>
</html>
