2023 3162
468 79 1100 125 nnArterrrrncrvRa
1156 82 1284 126 Lrn.
1323 84 1374 124 X.
1647 101 1728 140 217

792 199 941 240 Cir.
1001 199 1050 237 X.

324 302 407 356 De
419 305 535 356 rota}
547 300 612 360 Εἴ
626 306 865 376 tympana}
875 302 947 357 ad
957 303 1232 358 molendum
1243 306 1516 380 farinam.

128 433 277 519 Flunt
295 432 406 469 etiam
424 432 462 468 in
479 428 694 469 fluminibus
715 441 807 469 rotae
818 429 953 470 eisdem
963 433 1169 471 rationibus
1181 462 1192 479 ,
1212 433 1349 484 quibus
1361 434 1645 487 suprascriptum
1658 436 1720 475 est.

135 506 139 509 ’
193 491 307 527 Circa
318 499 442 526 earum
453 485 594 524 frontes
606 485 806 536 affiguntur
815 489 934 538 pinnae
945 513 955 527 ‚
976 500 1059 538 quae
1071 500 1162 527 curn
1174 492 1434 540 percutiuntur·
1443 491 1490 528 ab
1500 493 1643 543 impetu
1655 493 1719 530 flu-

130 547 239 584 minis
250 553 392 594 coguut
400 541 678 593 progredientes
690 541 820 581 versari
830 553 953 581 rotam
966 557 974 580 :
995 546 1093 582 &ita
1104 545 1282 584 modiolis
1295 559 1429 597 aquam
1441 547 1664 593 haurientes,
1679 550 1719 586 ὅτ.

128 603 166 639 in
176 601 362 638 summum
373 597 584 642 referentes,
595 597 669 636 fine
680 610 880 650 operarum
893 600 1201 651 calcatura,ipfius
1213 602 1379 640 fluminis
1390 604 1548 655 impulsu
1557 604 1716 648 versatae,

129 656 299 709 praestant
311 653 417 705 quod
428 665 524 704 opus
535 653 585 690 est
595 654 640 691 ad
651 655 697 691 us
692 667 770 693 um.
802 654 940 692 Eadem
949 656 1091 694 ratione
1103 658 1215 695 etiam
1226 657 1412 697 versantur
1437 656 1497 711 [a]
1520 660 1714 709 hydr-aulae,
1726 669 1744 698 l.
1754 670 1854 707 Hydra«

129 716 168 751 in
178 712 310 762 quibus
322 710 450 748 eadem
461 709 542 747 sunt
554 711 684 747 onmia
695 736 703 750 ‚
725 720 974 763 praeterquam
992 711 1097 761 quod
1114 713 1152 749 in
1162 725 1241 751 uno
1254 716 1372 765 capite
1383 717 1458 752 axis
1474 715 1611 753 habent
1622 727 1719 765 tym—
1729 712 1806 750 '’³7“-

131 780 274 821 panum
293 766 480 804 dentatum
499 767 537 803 ὅ(
555 766 753 803 inclusum.
783 765 823 804 Id
834 776 962 804 autem
974 767 1020 803 ad
1030 768 1341 817 perpendiculum
1354 772 1585 809 collocatum
1605 771 1667 818 [b]
1681 774 1719 810 in

132 826 307 868 cultrum,
317 821 471 860 versatur
482 833 568 858 curn
580 831 662 859 rota
675 823 818 872 pariter.
849 821 1066 861 Secundum
1076 823 1113 860 id
1124 833 1356 875 tympanum,
1368 828 1484 873 majus
1495 828 1584 864 irem
1598 828 1726 866 denta-

132 891 215 918 tum
235 880 390 930 planum
408 877 457 915 est
476 877 707 915 collocatum
720 905 730 923 ‚
750 889 829 927 quo
850 879 1068 917 continetur
1088 881 1166 917 axis
1177 904 1186 919 ,
1218 880 1358 919 habens
1377 882 1415 918 in
1433 881 1583 920 summo
1601 886 1723 933 capite

134 939 195 982 [c]
212 933 420 973 subscudem
431 932 598 972 feri-earn,
612 946 684 983 qua
696 934 798 971 mola
810 935 1035 973 continetur.
1069 936 1121 973 Ita
1131 935 1257 974 dentes
1268 939 1342 985 ejus
1353 938 1521 988 tympani
1534 967 1543 982 ,
1554 940 1660 988 quod
1672 939 1721 977 cst

134 994 172 1030 in
183 1003 250 1029 axe
260 989 457 1034 inclusum,
469 989 700 1040 impellendo
711 989 838 1027 dentes
849 992 1018 1041 tympani
1027 990 1127 1041 plani
1137 1020 1147 1036 ‚
1169 1002 1315 1041 cogunt
1325 992 1403 1030 fieri
1415 995 1603 1031 molarum
1614 996 1723 1031 circi-

132 1049 336 1086 nationem,
350 1047 388 1083 in
399 1056 470 1095 qua
482 1045 652 1083 machina
666 1044 729 1091 [d]
741 1046 962 1096 impendens
973 1046 1264 1095 infundibulum,
1274 1048 1296 1086 s
1290 1048 1641 1090 ubministratmolis
1652 1049 1727 1088 fru-

135 1113 314 1143 mentum,
330 1102 366 1140 &
377 1100 510 1139 eadem
519 1101 722 1141 versatione
732 1101 911 1152 subigitur
920 1101 1046 1141 farina.
1201 1100 1207 1103 ’

1735 1088 1853 1136 {Instab-

1724 1137 1833 1166 Jtcttur.

780 1223 936 1262 CAP.
998 1224 1073 1264 XI.

214 1311 302 1363 De
313 1308 496 1365 cochlea
506 1351 517 1373 ,
538 1332 635 1388 qua
648 1330 879 1387 magnam
893 1315 1075 1388 copiam
1097 1313 1284 1369 extollit
1298 1332 1448 1390 aqna,
1456 1314 1649 1392 fidnon

830 1405 915 1438 tam
929 1392 1019 1440 alte.

133 1500 372 1584 EStautem
383 1502 497 1538 etiam
517 1503 580 1548 [a]
600 1501 766 1541 cochleae
778 1505 872 1542 ratio
885 1533 895 1549 ‚
917 1516 998 1554 quae
1010 1516 1187 1555 magnam
1197 1506 1276 1545 vim
1287 1506 1406 1545 haurit
1424 1518 1545 1556 aquae3
1570 1503 1629 1542 sed
1647 1515 1727 1542 non

202 1567 276 1594 tarn
287 1558 358 1595 alre
370 1559 481 1603 tollit,
493 1570 607 1609 quam
617 1569 708 1597 rota.
736 1562 824 1609 Ejus
836 1571 962 1600 autem
974 1563 1071 1600 ratio
1083 1561 1131 1599 sic
1143 1563 1346 1613 expeditur.
1364 1563 1537 1611 Tignum
1550 1560 1720 1601 sumitur,

1051 1617 1080 1654 E
1092 1630 1113 1655 e
1616 1617 1722 1662 cujus

132 1713 163 1746 a]
196 1710 346 1740 Philander.
370 1713 522 1751 Hydraulas
541 1722 618 1741 vocat
638 1713 774 1741 machinas
785 1734 792 1746 ,
811 1723 869 1752 quae
888 1715 913 1741 vi
932 1723 1006 1753 aquae
1023 1734 1030 1746 ,
1059 1723 1114 1741 non
1133 1712 1274 1740 hominum
1291 1711 1424 1739 calcatura
1443 1711 1584 1739 versantur.
1607 1714 1663 1738 Hac
1678 1710 1727 1737 ille.

176 1752 270 1780 Claud.
283 1753 418 1780 Salinafius
429 1754 455 1780 in
472 1754 554 1781 Solin.
565 1763 625 1793 pag.
637 1757 696 1788 589.
718 1754 816 1782 Eadem
827 1756 926 1782 ratione
943 1757 1024 1782 etiam
1035 1754 1171 1792 versantur
1187 1752 1342 1790 hydromylae.
1367 1754 1408 1779 lta
1418 1753 1489 1780 reete
1501 1750 1642 1780 emendant
1653 1750 1732 1778 docti

173 1802 222 1830 pro
232 1793 367 1829 hydraulia.
379 1792 512 1831 ὁὲςᾴληῧις
522 1797 608 1822 Graeci
619 1803 729 1822 vocant.

131 1832 160 1868 b]
192 1832 343 1861 Philander.
362 1834 434 1861 Alias
453 1836 479 1861 in
490 1835 578 1862 cultro
590 1856 597 1867 ,
618 1833 723 1863 utinfra
743 1843 799 1874 cap⁴
810 1845 858 1864 xiv
869 1857 877 1869 ‚
894 1835 941 1864 ubi
951 1836 1014 1874 quid
1027 1835 1157 1877 significet
1170 1856 1178 1869 ,
1197 1833 1332 1863 indicabo.
1351 1833 1444 1861 clami.
1460 1831 1635 1870 Salmafiusin
1647 1831 1731 1861 Solin.

174 1884 232 1912 cap.
244 1880 306 1906 691.
328 1875 406 1912 Apud
420 1875 572 1902 Vitruvium
584 1886 611 1902 m
620 1876 732 1902 cultrum
748 1875 828 1914 pofita
839 1888 868 1904 ea
878 1877 1013 1909 dicuntur,
1025 1886 1082 1916 quae
1093 1874 1346 1916 perpendiculariter
1356 1873 1415 1902 sunt
1427 1874 1568 1903 collocata.

133 1916 159 1949 c]
194 1915 278 1943 Idem.
301 1914 434 1953 Intelligit
447 1935 454 1945 ‚
475 1915 546 1954 quod
559 1915 642 1955 vulgo
652 1913 753 1944 ferrum
765 1916 1093 1956 molendiniappellamus.

133 1955 163 1989 d]
196 1955 279 1983 Idem.
302 1952 505 1984 lnFundibulum
522 1965 700 1994 praeterquam
719 1957 791 1994 quod
801 1958 869 1996 apud
888 1959 930 1985 M.
941 1961 1075 1986 Catonem
1087 1967 1144 1996 cap.
1154 1967 1181 1984 x.
1201 1960 1225 1985 le
1238 1966 1276 1985 xi.
1293 1956 1424 1996 accipitur
1435 1965 1526 1995 proco
1536 1977 1542 1987 ,
1564 1966 1618 1995 quo
1633 1955 1660 1984 in
1672 1957 1731 1985 vasa.

172 1995 288 2034 liquores
300 1994 472 2029 infundimus,
483 2000 506 2024 ὃ(
518 1997 586 2035 apud
598 1997 713 2025 Plinium
731 1997 776 2025 lib.
786 2008 863 2025 xxiv.
875 2008 932 2037 cap.
944 2009 987 2027 xv.
1006 2008 1051 2037 per
1062 1998 1134 2037 quod
1147 1998 1239 2025 radicis
1252 1999 1382 2037 impolitae
1395 1996 1554 2025 carbonibus
1563 1998 1640 2025 nidor
1651 1998 1732 2025 imbi-

177 2036 250 2064 bitur
262 2057 269 2069 ‚
288 2038 324 2065 est
334 2040 358 2065 8<
368 2038 393 2064 in
403 2038 545 2066 inoletrina
554 2038 605 2065 live
617 2038 995 2072 molendinoinstrumenrum,
1007 2049 1061 2078 quo
1072 2037 1200 2067 machinae
1210 2038 1323 2077 appenso
1333 2060 1340 2072 ‚
1353 2037 1460 2066 mobilis
1470 2041 1493 2065 8<
1505 2038 1624 2066 tremula:
1633 2038 1731 2077 ligneae

176 2076 274 2116 linguae
285 2074 462 2115 percuffione,
480 2079 643 2106 ministratur
659 2079 737 2107 molis
756 2077 922 2108 frumentum
933 2101 939 2112 ‚
959 2080 1028 2109 unde
1045 2078 1127 2108 farina
1137 2078 1192 2107 fiat.
1213 2080 1298 2107 Mola:
1316 2077 1425 2107 inferior
1433 2088 1491 2117 pars
1508 2087 1596 2110 meta,
1615 2077 1734 2116 superior

178 2117 282 2145 catillus
294 2118 391 2146 dicitur
401 2120 509 2148 auctore
525 2120 607 2147 Paulo
627 2119 814 2148 Iurisconsulto
831 2120 1125 2150 Paridest.1ib.xxxr11.
1143 2120 1175 2148 de
1185 2117 1260 2148 fund.
1271 2121 1409 2148 instruffilo.
1434 2118 1500 2146 lllud
1510 2128 1574 2147 vero
1585 2128 1639 2145 non
1649 2118 1695 2145 abs
1705 2128 1733 2146 re

177 2158 298 2186 additum
309 2154 388 2185 Fuerit
401 2179 408 2190 ,
425 2159 508 2187 molas
521 2160 633 2198 antiquis
651 2157 726 2188 fuisse
736 2160 906 2196 jumentarias
919 2180 926 2191 ,
947 2172 1010 2199 quas
1030 2161 1132 2189 Gellius
1150 2159 1279 2188 trusatiles
1297 2160 1366 2188 libro
1387 2159 1470 2186 tertio
1492 2166 1580 2186 vocat.
1604 2158 1734 2197 Vtrasque

180 2197 325 2226 Cascellius
336 2202 360 2226 &
371 2199 512 2227 Trebatius
522 2220 529 2230 ,
541 2200 610 2238 apud
620 2199 775 2228 [abolenum
787 2201 910 2229 pandect.
919 2201 994 2230 disto
1003 2203 1089 2240 capite
1101 2222 1107 2234 ,
1118 2198 1169 2228 effe
1180 2200 1346 2228 instrumenti
1356 2204 1449 2238 putant
1459 2219 1465 2230 ,
1480 2195 1578 2227 Offilio
1585 2196 1636 2226 effe
1646 2199 1735 2238 supel-

178 2239 273 2268 lestilis
285 2249 338 2266 non
350 2240 420 2267 τεᾶς
431 2240 605 2268 existimante.
626 2241 742 2268 Fuerunt
758 2241 845 2278 postea
865 2242 946 2268 etiam
964 2243 1077 2279 aquariae
1097 2240 1175 2268 molae
1186 2261 1193 2272 ,
1208 2240 1375 2278 quarumliic
1389 2239 1510 2266 meminit
1529 2240 1667 2267 Vitruvius
1678 2261 1685 2272 ‚
1706 2243 1732 2268 ὃ(

180 2279 307 2308 Palladius
320 2279 366 2307 lib.
379 2289 399 2307 r.
411 2289 467 2317 cap.
479 2289 551 2307 xrir.
571 2280 615 2318 qui
633 2280 730 2310 scribit,
744 2281 857 2318 pistrina,
870 2281 893 2308 id
906 2282 940 2308 cst
951 2302 958 2313 ,
971 2281 1136 2311 moletrinas,
1148 2280 1164 2307 fi
1176 2290 1250 2318 aquae
1261 2281 1336 2318 copia
1350 2280 1394 2311 est,
1406 2280 1442 2307 ita
1450 2279 1546 2307 debere
1554 2281 1688 2313 constitui,
1702 2289 1732 2308 ut

180 2320 216 2348 ibi
226 2318 347 2348 formatis
357 2321 469 2359 aquariis
483 2320 560 2348 molis
570 2339 578 2350 ‚
593 2320 645 2347 fine
656 2320 809 2348 animalium
820 2321 861 2348 vel
873 2321 1013 2349 hominum
1031 2320 1122 2349 labore
1132 2318 1266 2348 frumenta
1283 2319 1449 2360 frangantur.
1471 2321 1597 2349 Reticerc
1615 2320 1666 2348 hoc
1677 2328 1734 2348 non

179 2357 302 2400 poffum,
322 2363 394 2399 quod
405 2360 438 2388 ab
455 2361 575 2388 instituto
587 2360 703 2388 alienum
720 2358 771 2389 effe
783 2371 836 2388 nou
851 2361 981 2390 videatur.
1008 2361 1125 2402 Augusta
1144 2361 1327 2389 Taurinorum
1344 2360 1478 2399 subalpina
1488 2361 1549 2389 urbs
1559 2362 1603 2389 est.
1624 2362 1663 2389 Ad
1674 2371 1733 2389 eam

178 2403 233 2430 vidi
243 2402 336 2430 decem
346 2406 370 2430 &
383 2402 447 2429 oc'lo
457 2401 672 2429 molendinorum
683 2401 774 2438 (liceat
782 2401 847 2429 mihi
858 2410 919 2430 curn
935 2402 991 2430 aliis
1003 2402 1039 2430 ita
1049 2401 1192 2441 appellare)
1212 2401 1303 2431 versari
1315 2403 1434 2441 pinnatas
1446 2410 1517 2430 rotas
1529 2402 1612 2430 Duria
1622 2403 1733 2430 flumine

179 2438 292 2482 passibus
301 2443 357 2481 plus
371 2443 457 2470 minus
469 2442 599 2482 triginta:
616 2444 693 2480 Opus
702 2451 759 2470 mea
769 2443 897 2471 sententia
907 2451 936 2471 ut
945 2442 1002 2471 urbi
1013 2443 1100 2471 multo
1111 2438 1279 2471 utilissimum
1290 2464 1296 2476 ‚
1317 2444 1354 2470 ita
1366 2443 1480 2470 maxima
1496 2442 1602 2470 solertia
1613 2443 1735 2470 constru—

177 2485 262 2515 dum,
271 2492 381 2524 erogata
389 2483 488 2511 scilicet
500 2492 542 2511 rot
551 2483 617 2510 rotis
627 2483 740 2522 angusto
751 2483 777 2510 in
788 2483 864 2510 alveo
873 2493 948 2522 aqua.
973 2483 1084 2512 Illorum
1092 2481 1264 2511 frumentaria
1274 2483 1426 2516 duodecim,
1435 2484 1534 2522 reliqua
1545 2492 1644 2521 oryzae,
1653 2482 1733 2510 risum

181 2533 281 2552 vocant
291 2545 298 2556 ,
318 2524 504 2564 exglumandae
513 2545 520 2556 ,
540 2524 710 2551 conterendis
721 2523 848 2551 aromatis
857 2546 863 2555 ,
882 2534 940 2563 quae
947 2525 1027 2552 nostri
1036 2545 1043 2557 ,
1060 2525 1087 2552 in
1098 2523 1184 2563 eisque
1194 2523 1348 2552 Macrobius
1358 2524 1428 2552 libro
1437 2525 1534 2552 ultimo
1548 2523 1734 2555 Saturnalium,

181 2565 324 2604 aliquando
333 2564 431 2603 species
444 2586 451 2597 ‚
468 2566 507 2592 uti
517 2564 679 2592 recentiores
691 2565 778 2592 Graeci
790 2565 885 2593 medici
897 2563 943 2595 εἴδη
954 2586 961 2596 ,
973 2566 1314 2598 uominaut‚tormentariae
1326 2565 1426 2604 pulveri
1435 2564 1590 2596 tundendae,
1608 2563 1734 2592 acuendis

179 2606 273 2646 gladiis
285 2627 291 2637 ,
303 2605 432 2644 armisque
442 2605 606 2646 laevigandis‚
619 2604 741 2633 cudendo
750 2602 831 2638 ferro,
842 2605 976 2634 abluendis
985 2606 1169 2645 densandisque
1179 2606 1285 2634 rudibus
1297 2606 1387 2645 pannis
1399 2613 1553 2643 comparata
1560 2613 1644 2636 erant.

142 2659 172 2692 a]
203 2657 350 2686 Philander.
371 2659 544 2687 Haustorium
556 2668 679 2697 organon
689 2657 814 2687 hocloco
825 2659 934 2687 cochlea
945 2659 989 2687 cst.
1013 2658 1147 2695 Ejusmodi
1157 2670 1278 2701 organon
1288 2660 1400 2689 vidimus
1412 2659 1443 2687 ad
1452 2658 1556 2697 specum
1566 2659 1636 2687 lacus
1647 2659 1732 2688 Thra·
1748 2665 1810 2700 Cap.
1824 2672 1866 2694 χι,

183 2698 284 2738 symeni
295 2719 302 2730 ,
324 2700 448 2738 quintine
460 2699 595 2727 Perufinus
605 2699 704 2727 dicitur
713 2719 719 2730 ‚
737 2708 851 2738 acceptae
863 2710 908 2739 per
917 2699 1075 2728 Flaminium
1084 2700 1231 2729 Consulem
1241 2700 1274 2729 ab
1290 2700 1441 2729 Hannibale
1452 2699 1531 2727 cladis
1543 2701 1673 2729 memoria
1685 2711 1736 2729 no-

185 2736 306 2768 riffimus.
332 2741 383 2768 lllo
393 2750 457 2767 vero
468 2736 632 2768 concess'erat
643 2740 776 2769 Maecenas
787 2750 861 2768 meus
870 2741 977 2769 alletstus
989 2741 1174 2769 recordatione
1183 2750 1264 2769 tantae
1277 2742 1322 2769 rci.
1344 2742 1403 2769 Fuit
1411 2748 1500 2768 autem
1511 2750 1540 2768 ea
1550 2740 1634 2769 clades
1644 2742 1670 2770 in
1681 2742 1738 2780 pla-

186 2781 251 2808 nitie
261 2782 330 2808 inter
342 2782 464 2809 Mevium
476 2784 500 2809 St
510 2782 620 2809 Gictum
632 2781 734 2815 jacente
745 2802 752 2814 ‚
769 2791 849 2820 quam
858 2784 928 2821 Sang
949 2782 954 2786 ”
993 2789 1027 2809 tae
1037 2782 1107 2809 rivus
1124 2792 1156 2810 ex
1168 2783 1262 2809 Mevio
1271 2790 1364 2810 monte
1375 2791 1482 2809 manans
1496 2781 1635 2810 intersecat
1646 2804 1653 2816 ,
1675 2786 1699 2811 ἃ·
1710 2783 1737 2811 in

186 2820 401 2859 Thrasymenum
412 2822 545 2850 conditur.
562 2821 608 2849 Ille
619 2821 698 2849 habet
709 2821 742 2849 ab
753 2831 815 2850 ortu
826 2822 914 2850 villam
925 2843 932 2854 ‚
941 2820 960 2840 Γ
1003 2832 1030 2850 ar
1040 2823 1140 2861 oppidi,
1150 2824 1275 2850 Tuorurn
1284 2822 1384 2850 dictam
1395 2843 1401 2854 ,
1420 2821 1452 2849 ab
1463 2821 1557 2850 occasu
1567 2820 1665 2855 fauces,
1676 2824 1737 2861 qui-

186 2859 234 2889 bus
245 2861 341 2890 clausus
351 2860 435 2890 fuerat
445 2863 586 2890 Flaminius
599 2883 606 2894 ‚
623 2861 637 2890 a
648 2862 756 2892 meridie
766 2859 995 2901 Thrasymenufn(
1009 2865 1072 2892 Non
1082 2864 1117 2890 ita
1128 2863 1222 2901 procul
1231 2863 1304 2891 locus
1315 2863 1349 2891 est
1363 2884 1369 2895 ,
1391 2862 1435 2890 ubi
1447 2863 1642 2892 castrametatus
1653 2862 1738 2892 fuerat

187 2901 330 2933 Hannibal,
343 2913 400 2940 quae
412 2903 483 2931 vallis
494 2906 617 2932 Romana
629 2896 735 2943 diffisi:
759 2904 799 2931 fist
810 2907 834 2931 δι’
848 2899 952 2932 Offaria
962 2903 1036 2931 vicus
1048 2925 1055 2935 ,
1075 2903 1108 2931 ab
1126 2901 1232 2933 Offium
1241 2904 1312 2932 dicta
1323 2903 1496 2931 multitudine
1509 2924 1515 2935 ‚
1537 2904 1622 2932 versus
1636 2907 1738 2932 Corto-

185 2951 247 2969 nam
256 2942 270 2970 ὲ
283 2943 466 2981 Thrasymeno
475 2945 559 2971 tribus
571 2939 814 2981 palludin'niillibus
824 2945 929 2972 distans.
945 2943 1036 2972 Libuit
1047 2944 1111 2972 istud
1123 2946 1216 2975 nostris
1225 2940 1454 2975 lucubrationibus
1464 2945 1615 2985 appendicis
1628 2944 1740 2975 vieead-

187 2982 263 3018 dere,
282 2991 310 3010 ut
321 2984 361 3012 vel
371 2984 413 3013 hic
423 2985 515 3014 lumen
527 2985 648 3024 aliquod,
661 2988 686 3013 δι
697 2983 818 3025 splendor
827 3006 833 3017 ‚
845 2985 959 3014 historiae
970 2983 1127 3017 adferretur,
1617 3023 1632 3054 b
1668 3024 1683 3053 d

1633 3027 1664 3064 ]1
1687 3034 1741 3054 em.
