2023 3162
253 102 300 133 30
636 80 1512 125 M-VtrnnvnPorriorms

249 155 410 194 locharis
422 152 570 192 saetam.
603 152 712 190 Hanc
723 161 849 188 autern
859 150 1012 186 statuam
1022 150 1080 185 alii
1093 147 1314 185 Telocharis
1324 177 1334 192 ‚
1347 149 1406 185 alii
1418 148 1616 186 Timothei
1627 158 1755 200 putant
1766 150 1822 188 esi'
1815 163 1846 188 e.

248 215 292 251 ln
304 223 423 249 cornu
432 220 556 248 autem
566 208 713 246 summo
726 204 1038 248 dextro‚Veneris
1050 203 1268 240 &Mercurii
1279 202 1407 240 fanum
1418 204 1463 240 ad
1474 202 1592 253 ipsum
1605 205 1664 251 [k]
1674 206 1848 244 Salmaci-

249 269 305 305 dis
316 267 474 304 fontem.
505 267 536 302 ls
549 275 672 301 autem
682 261 765 299 falsa
777 262 957 310 opinione
970 269 1120 311 putatur
1141 270 1304 295 venereo
1315 259 1454 296 morbo
1474 260 1665 308 implicare
1675 273 1740 299 eos
1753 291 1763 306 ‚
1783 264 1848 311 qui

251 335 297 360 cx
309 335 356 359 eo
369 322 540 359 biberint.
569 319 641 356 Sed
654 318 735 355 haec
745 317 881 368 opinio
892 341 901 355 ‚
928 326 1039 363 quate
1049 326 1113 366 per
1122 314 1254 351 orbem
1267 325 1444 351 terrarum
1454 312 1542 351 falso
1551 326 1703 353 rumore
1713 316 1755 353 sit
1765 329 1849 366 per-

251 389 398 428 vagata.
426 388 503 413 non
517 375 656 425 pigebit
669 383 867 421 exponere.
901 371 995 407 Non
1008 372 1107 407 enim
1118 369 1222 418 quod
1235 369 1367 406 dicitur
1386 370 1521 407 molles
1532 372 1792 421 &impudicos
1803 384 1850 410 ex

252 445 296 471 ea
308 447 401 483 aqua
412 432 504 476 fieti,
515 431 551 467 id
564 428 683 479 potest
694 426 762 464 effe
777 442 784 464 ε
805 426 865 464 sed
876 425 925 463 est
936 428 1012 471 ejus
1023 425 1138 462 fontis
1161 424 1319 475 potestas
1330 425 1518 476 perlucida
1530 455 1540 470 ‚
1560 424 1738 477 saporque
1749 439 1852 477 egre-

253 492 348 540 gius.
381 489 481 525 Cum
493 496 619 524 autern
630 484 747 520 Melas
758 484 796 520 δί
809 482 1018 519 Arevanias
1031 482 1076 518 ab
1087 480 1196 530 Argis
1208 483 1244 517 δε
1267 483 1460 518 Troezene
1471 483 1666 519 coloniam
1677 494 1853 520 commu-

253 557 343 583 nem
354 556 401 582 eo
413 544 490 589 loci
501 539 924 584 deduxerunt‚barbaros
936 538 1051 575 Caras
1063 539 1099 574 ὃ(
1112 536 1270 586 Lelegas
1282 538 1477 583 ejecerunt.
1492 537 1542 574 Hi
1555 548 1680 576 aurem
1690 538 1735 575 ad
1745 549 1853 574 mon-

252 612 308 639 tes
319 600 434 649 fugati
448 596 503 642 [l]
510 595 541 632 se
551 598 798 645 cogregantes
808 592 1117 637 discurrebant‚&
1128 592 1179 628 ibi
1189 594 1384 630 latrocinia
1392 592 1569 630 facientes
1581 594 1776 630 crudeliter
1786 604 1853 630 eos

253 656 450 694 vastabant.
458 651 589 690 Postea
600 652 643 687 de
658 651 806 687 colonis
818 661 911 687 unus
922 649 968 686 ad
978 661 1064 686 eum
1076 648 1238 692 fontem,
1248 658 1401 699 propter
1410 650 1618 686 bonitatem
1628 661 1746 698 aquae,
1758 660 1856 698 quae-

252 712 324 750 stus
336 709 424 747 caus
420 721 439 746 a
452 738 462 753 ‚
473 709 666 746 tabernam
677 706 854 744 omnibus
869 706 986 756 copiis
997 704 1164 741 instruxit
1177 730 1185 744 ,
1208 716 1367 753 eamque
1378 704 1589 742 exercendo
1600 716 1665 741 eos
1677 704 1854 742 barbaros

254 765 468 804 alienabat:
493 765 541 801 ita
552 763 759 813 singulatim
771 762 1005 798 decurrentes
1026 762 1062 798 ὃς
1084 760 1129 796 ad
1140 771 1251 797 caetus
1263 762 1525 798 convenientes
1546 758 1566 796 ὲ
1588 760 1685 797 duro
1695 759 1855 809 feroque

254 833 364 860 more
375 851 385 866 ‚
399 821 626 858 commutati
636 821 672 855 in
684 818 905 855 Graecorum
918 816 1224 854 consuetudinem
1236 818 1272 854 &
1283 816 1511 855 suavitatem,
1525 815 1584 853 sua
1593 818 1794 855 voluntate
1804 828 1857 852 rc-

256 878 499 915 ducebantur.
512 875 613 924 Ergo
625 885 667 911 ea
678 885 772 923 aqua
783 885 862 910 non
871 872 1067 923 impudico
1078 872 1202 908 morbi
1211 874 1315 912 vitio,
1331 870 1388 908 sed
1399 871 1631 909 humanitatis
1643 871 1854 911 dulcedine,

254 934 413 971 mollitis
426 933 559 969 animis
570 931 824 968 barbarorum,
838 939 922 967 eam
932 927 1073 966 famam
1085 928 1134 964 est
1145 927 1284 979 adepta.
1299 928 1540 977 Relinquitur
1548 939 1660 972 nunc,
1671 929 1856 976 quoniam

257 990 304 1026 ad
315 989 604 1038 explicationem
616 987 808 1023 moenium
819 996 952 1022 eorum
964 984 1042 1020 sum
1054 983 1236 1027 invectus,
1247 985 1400 1027 tota‚uri
1410 983 1505 1028 sunt,
1517 983 1703 1023 definiam.
1752 995 1859 1020 uem-

257 1044 465 1082 admodum
477 1045 579 1081 enim
589 1044 626 1079 in
639 1042 763 1078 dextra
773 1051 873 1092 parte
886 1039 1016 1077 fanum
1029 1039 1079 1076 est
1091 1040 1260 1084 Veneris,
1272 1041 1309 1077 ὅ(
1318 1039 1404 1076 fons
1413 1038 1669 1090 suprascriptus
1684 1066 1692 1079 ,
1712 1040 1805 1076 itain
1816 1038 1860 1075 si-

257 1100 371 1139 nistro
392 1111 511 1137 cornu
529 1100 631 1148 regia
650 1097 785 1134 domus
796 1122 804 1136 ‚
825 1109 940 1146 quam
959 1107 1022 1133 rex
1039 1094 1230 1133 Mausolus
1251 1096 1298 1132 ad
1321 1094 1420 1132 suam
1432 1097 1618 1134 rationem
1640 1095 1859 1133 collocavit.

260 1156 503 1207 Conspicitur
523 1156 624 1192 enim
638 1165 682 1191 ex
692 1165 734 1190 ea
744 1153 789 1189 ad
803 1154 968 1189 dextram
979 1162 1122 1202 partem
1134 1151 1260 1189 forum
1280 1152 1316 1188 ὅ(
1327 1161 1460 1202 portus
1473 1180 1483 1196 ‚
1500 1152 1765 1200 moeniumque
1777 1160 1861 1187 tota

258 1212 394 1251 finitio,
409 1210 429 1247 s
424 1211 472 1248 ub
483 1210 619 1248 sinistra
627 1209 786 1247 secretus
796 1207 859 1246 sub
870 1208 1063 1246 montibus
1074 1209 1190 1245 latens
1201 1209 1395 1258 portus‚ita
1407 1218 1448 1245 ut
1459 1219 1574 1245 nemo
1586 1205 1709 1258 possit,
1721 1206 1811 1256 quid
1820 1207 1861 1244 in

259 1280 305 1306 ea
314 1276 460 1317 geratur
469 1291 477 1305 ,
500 1266 657 1316 aspicere
668 1276 739 1302 nec
749 1264 854 1301 scire:
877 1274 917 1301 ut
934 1265 1020 1301 Rex
1030 1264 1103 1316 ipse
1123 1263 1168 1301 de
1187 1262 1245 1300 sua
1264 1263 1384 1301 domo
1404 1264 1603 1312 remigibus
1621 1261 1861 1300 &militibus

260 1323 335 1361 fine
346 1324 424 1360 ullo
434 1323 580 1362 sciente,
594 1332 674 1371 quae
686 1332 780 1370 opus
789 1318 917 1364 essent,
944 1322 1152 1370 imperaret.
1180 1321 1307 1369 ltaque
1318 1319 1400 1370 post
1410 1329 1575 1356 mortem
1586 1316 1764 1358 Mausoli,
1785 1317 1862 1355 Ar-

260 1377 405 1416 temisia
416 1390 531 1417 uxore
544 1380 618 1425 ejus
629 1386 809 1426 regnante
823 1402 831 1416 ‚
852 1374 999 1413 Rhodii
1009 1375 1243 1424 indignantes
1256 1376 1450 1413 mulierem
1460 1377 1640 1425 imperare
1651 1373 1862 1411 civitatibus

263 1435 382 1472 Cariae
397 1436 525 1471 totius,
539 1443 678 1471 armata
689 1432 793 1470 classe
802 1430 961 1482 profeffi
972 1431 992 1468 s
989 1441 1055 1469 unt
1065 1459 1076 1476 ,
1091 1441 1131 1468 ur
1143 1432 1178 1468 id
1191 1443 1348 1482 regnum
1360 1440 1600 1481 occuparent.
1631 1430 1737 1467 Tum
1749 1429 1864 1467 Arte-

261 1489 374 1529 misiae
387 1502 474 1527 cum
484 1488 568 1527 effer
577 1489 613 1526 id
624 1489 893 1532 renuntiatum,
902 1488 939 1524 in
949 1498 998 1524 eo
1009 1496 1121 1539 portu
1130 1487 1325 1526 abstrusam
1341 1487 1501 1531 c1aflem,
1513 1487 1636 1524 celatis
1645 1484 1866 1534 remigibus,

263 1546 303 1582 δε
321 1547 481 1596 epibatis
502 1546 726 1597 comparatis
741 1573 751 1589 ‚
771 1545 935 1593 reliquos
955 1553 1083 1581 autem
1103 1545 1201 1581 cives
1212 1545 1251 1581 in
1262 1555 1372 1580 muro
1392 1541 1461 1580 esse
1481 1541 1584 1589 jussit.
1616 1542 1719 1578 Cum
1737 1550 1864 1578 autem

263 1601 413 1639 Rhodii
425 1611 595 1639 ornatam
607 1600 754 1638 classem
765 1600 805 1636 in
815 1610 969 1650 portum
980 1601 1165 1646 maiorem
1177 1597 1431 1650 exposuissent,
1443 1597 1606 1648 plausum
1617 1595 1712 1643 jussit
1723 1597 1769 1634 ab
1782 1607 1864 1633 mu-

265 1669 309 1694 ro
320 1657 375 1694 liis
386 1656 530 1702 darent,
547 1656 759 1707 polliceriq3
772 1656 806 1692 se
817 1656 1004 1707 oppidum
1015 1655 1215 1693 tradituros
1227 1670 1234 1692 :
1246 1656 1310 1704 qui
1323 1666 1413 1692 cum
1423 1653 1669 1705 penetrassent
1678 1654 1771 1689 intra
1781 1664 1865 1689 mu-

266 1724 353 1749 rum
366 1741 375 1756 ,
397 1713 529 1750 rcliffis
543 1712 693 1749 navibus
711 1711 880 1748 inanibus
894 1739 904 1755 ,
924 1709 1119 1748 Artemisia
1129 1720 1279 1762 repente
1289 1710 1381 1747 foffa
1391 1710 1484 1748 faita
1496 1738 1507 1754 ,
1528 1710 1565 1745 in
1578 1710 1729 1760 pelagus
1739 1707 1864 1745 eduxit

268 1766 416 1805 classem
428 1779 470 1804 ex
480 1777 591 1817 portu
601 1769 762 1809 minore,
775 1766 812 1803 δε
823 1768 873 1803 ita
882 1767 1023 1804 invee‘ta
1032 1765 1128 1802 estin
1140 1768 1332 1813 majorem.
1354 1764 1539 1817 Expositis
1549 1775 1673 1802 autem
1684 1762 1863 1800 militibus

270 1825 310 1861 &
322 1823 521 1871 remigibus
535 1851 545 1866 ‚
564 1821 708 1859 classem
728 1822 1131 1859 Rhodioruminanem
1143 1821 1292 1858 abduxit
1304 1823 1341 1858 in
1351 1823 1478 1858 altum.
1509 1821 1564 1856 Ita
1583 1816 1703 1855 Rhodii
1714 1829 1792 1854 non
1803 1817 1866 1854 ha-

269 1878 399 1915 bentes
412 1889 491 1926 quo
502 1877 535 1914 se
545 1879 761 1926 reciperent,
775 1878 813 1912 in
823 1877 952 1913 medio
965 1875 1150 1921 conclusi,
1160 1878 1199 1913 in
1210 1876 1288 1926 ipso
1298 1875 1385 1912 foro
1395 1875 1476 1912 sunt
1486 1875 1668 1912 trucidati.
1689 1875 1746 1911 Ita
1759 1873 1867 1910 Arte-

268 1933 386 1977 misia,
398 1934 435 1969 in
448 1933 603 1971 navibus
616 1931 862 1968 Rhodiorum
875 1931 942 1969 suis
954 1930 1134 1968 militibus
1146 1931 1182 1968 &
1194 1932 1392 1980 remigibus
1403 1929 1584 1980 impositis
1596 1959 1605 1974 ‚
1617 1928 1805 1967 Rhodum
1815 1928 1868 1967 est

269 1989 447 2041 profesta.
483 1987 629 2026 Rhodii
640 1997 766 2025 autem
776 1999 863 2024 cum
877 1985 1135 2038 prospexissent
1144 1985 1165 2022 s
1160 1996 1223 2023 uas
1233 1998 1344 2024 naves
1355 1987 1539 2023 laureatas
1549 1987 1673 2023 venire
1685 2014 1696 2030 ‚
1710 1986 1868 2035 opinan-

272 2056 326 2084 tes
346 2047 446 2082 cives
464 2045 627 2084 victores
647 2044 779 2080 reverti
792 2072 801 2087 ‚
820 2041 943 2080 hostes
959 2052 1191 2092 receperunt.
1236 2044 1351 2079 Tunc
1371 2041 1566 2079 Artemisia
1583 2041 1733 2079 Rhodo
1746 2051 1865 2089 capta,

270 2100 499 2151 principibus
510 2099 657 2143 occisis,
670 2097 881 2149 trophaeum
890 2099 929 2135 in
941 2098 1029 2137 urbe
1041 2096 1188 2134 Rhodo
1199 2097 1265 2135 suae
1276 2098 1434 2135 vic‘toriae
1447 2097 1635 2135 constituit
1647 2123 1655 2136 ,
1677 2095 1867 2146 aeneasque

273 2157 361 2194 duas
374 2156 502 2194 statuas
514 2155 612 2195 fecit,
628 2166 743 2192 unam
753 2154 997 2192 Rhodiorum
1008 2154 1176 2192 civitatis,
1191 2154 1341 2190 alteram
1353 2152 1420 2190 sua:
1431 2152 1654 2202 imagini5‚&
1664 2152 1767 2190 istam
1776 2151 1871 2201 figu-

270 2214 367 2251 ravit
380 2212 628 2249 Rhodiorum
640 2211 778 2247 civitati
796 2209 961 2259 stigmata
972 2210 1250 2260 imponentem.
1279 2209 1407 2246 Postea
1418 2219 1545 2247 autem
1565 2208 1712 2245 Rhodii
1722 2209 1871 2257 religio-

273 2280 322 2305 ne
331 2267 500 2316 impediti
515 2265 637 2316 (quod
647 2265 749 2303 nefas
759 2265 808 2303 est
818 2265 985 2315 trophaea
997 2264 1167 2303 dedicata
1176 2266 1380 2312 removeri)
1402 2267 1499 2302 circa
1510 2277 1597 2302 eum
1613 2265 1744 2301 locum
1756 2262 1870 2300 aedifi-

276 2325 379 2361 cium
394 2322 595 2359 struxerunt
606 2351 615 2366 ‚
640 2322 728 2360 &id
740 2322 857 2360 eresta
867 2321 979 2368 Graia
989 2320 1144 2358 statione
1156 2330 1325 2358 texerunt
1338 2350 1346 2364 ,
1359 2333 1406 2359 ne
1416 2322 1498 2371 quis
1510 2319 1627 2370 posset
1635 2317 1791 2368 aspicere
1802 2347 1812 2363 ‚
1829 2319 1870 2356 &

272 2380 311 2416 id
324 2374 444 2419 αἰζοῐῖον
462 2379 619 2417 vocitari
639 2376 824 2423 jusserunt.
867 2377 969 2414 Cum
980 2388 1071 2426 ergo
1082 2387 1160 2414 tam
1172 2387 1304 2426 magna
1315 2378 1481 2425 porentia
1495 2387 1598 2424 reges
1609 2386 1689 2411 non
1699 2384 1871 2411 contem-

274 2434 381 2473 serint
399 2435 644 2472 lateritiorum
663 2434 846 2484 parietum
869 2432 1057 2470 strunuras
1071 2459 1079 2473 ,
1105 2431 1239 2482 quibus
1251 2434 1286 2470 δ(
1298 2431 1534 2481 vectigalibus
1552 2433 1589 2468 &
1608 2429 1728 2480 ptaeda
1739 2428 1870 2479 saepius

1720 2485 1871 2524 licitum

316 2585 395 2613 debet
408 2585 480 2613 vocis
496 2596 528 2613 ex
545 2588 644 2613 Gra-co
664 2593 791 2613 mutuatae
802 2584 951 2623 usurpatio:
974 2585 1008 2612 fic
1021 2584 1092 2612 enim
1105 2584 1270 2613 monolitlus
1281 2582 1416 2611 columnas
1433 2582 1500 2609 dixit
1513 2582 1638 2611 Laberius
1651 2603 1658 2615 ,
1677 2579 1868 2618 Ζκέμωνολίθεςε

318 2635 375 2651 cum
384 2628 526 2661 provincias
544 2626 688 2663 dispoliavit
700 2646 705 2656 ,
723 2626 851 2653 columnas
861 2625 1010 2653 monolithus
1019 2646 1025 2655 .
1045 2625 1138 2653 tabella
1150 2626 1218 2653 lenis.
1249 2625 1289 2653 Sic
1302 2623 1518 2659 acrolithast'atua
1528 2625 1541 2653 >f
1553 2623 1702 2662 ιιίιςὲλιθίῷ*
1714 2632 1721 2650 :
1739 2620 1870 2660 σίκςόλιῖιν

317 2666 433 2702 gamaria
445 2668 645 2706 Epigrammate
657 2669 754 2695 Graeco
763 2667 883 2694 nondum
895 2665 985 2693 edito:

695 2710 742 2742 Μῆ
764 2710 860 2742 ’κλό-ης
879 2708 984 2748 ανθροηη
1005 2710 1032 2738 π’
1049 2710 1164 2745 χλιᾶνιογ
1176 2733 1182 2742 ,
1203 2711 1268 2739 α’)λσῖ
1283 2708 1350 2747 §adst

694 2750 784 2783 Οἴτης
804 2752 928 2791 α’κξολίθκ
945 2752 1014 2788 κςιῖκὲ
1033 2753 1115 2786 ς’ξὲπυν
1132 2752 1217 2790 goim.

277 2804 304 2838 k]
326 2803 410 2830 Idem.
428 2805 470 2831 De
480 2803 631 2833 Salmacidis
654 2803 730 2833 fonte
739 2804 835 2832 Strabo
848 2803 892 2831 lib.
903 2813 943 2835 ¹4·
964 2801 1061 2831 refutat
1071 2813 1128 2835 eos,
1141 2804 1186 2842 qui
1199 2801 1338 2830 hominum
1350 2800 1496 2828 molliciem
1505 2810 1563 2829 cam
1573 2799 1606 2828 ab
1613 2802 1672 2828 ae're
1681 2808 1725 2827 aut
1736 2810 1802 2838 aqua
1813 2798 1871 2828 fieri

317 2844 467 2870 existimant
477 2865 483 2874 ‚
506 2853 559 2870 non
571 2846 596 2871 in
610 2855 639 2872 ea
649 2846 771 2883 quidem,
785 2844 863 2873 sedin
873 2844 976 2873 divitias
989 2847 1012 2871 &z
1025 2844 1109 2872 viCtus
1128 2842 1352 2871 incontinentiam
1363 2840 1465 2870 causam
1475 2842 1571 2877 rejicit.
1592 2843 1650 2868 Sex.
1664 2842 1805 2878 Pompeius
1817 2850 1873 2869 tra-

313 2883 352 2910 dit
365 2883 419 2918 cjus
433 2881 515 2910 fontis
527 2884 788 2922 aditum,parietibus
800 2886 916 2925 angustis
926 2894 989 2912 cum
1000 2881 1072 2918 esset,
1084 2880 1400 2918 occalionemjuvcnibus
1412 2882 1567 2920 potantibus
1577 2877 1674 2909 dedisse
1685 2881 1871 2910 violandorum

316 2933 469 2962 puerorum.
481 2933 510 2950 ac
522 2925 675 2961 puellarum.

273 2963 296 2998 l]
319 2967 400 2993 Vetus
412 2961 575 3003 Cod›fug‹1ti
584 2966 653 2994 inter
662 2965 829 3006 segregatim
840 2964 1029 2996 discurrebant.
1054 2968 1125 3005 Qae
1135 2965 1216 2995 lectio
1226 2963 1327 3003 optima
1338 2961 1370 2990 ab
1381 2961 1443 2991 lsic.
1455 2958 1548 2991 Vossio
1561 2962 1702 2997 judicatur.

1761 3005 1801 3037 m]
1811 3001 1872 3030 Phi«
