2023 3162
601 69 1324 111 nizPicrvnALin.I.
1690 86 1713 119 9

125 151 206 191 qux
215 139 312 177 ratio
323 139 431 192 partis
442 139 485 177 ad
498 149 642 190 partem
654 140 704 176 sui
715 149 813 177 extat
823 141 860 176 in
874 140 1007 186 majori
1019 139 1351 188 triangulo,eadem
1363 137 1400 174 in
1415 138 1551 175 minori
1561 137 1713 177 extabit.

126 197 226 244 Ergo
237 191 407 245 trianguli
424 222 431 235 ‚
455 198 518 244 qui
537 197 585 233 ita
603 194 636 232 se
648 196 806 233 habeant
815 225 824 239 ‚
845 206 982 232 omnes
993 195 1093 247 apud
1104 205 1175 231 nos
1194 197 1288 232 inter
1302 194 1337 231 se
1348 195 1647 244 proportionales
1660 196 1714 231 dia

126 262 269 288 centur.
299 251 388 288 Hoc
398 263 551 300 quoque
563 262 604 289 ut
617 253 775 301 apertius
787 252 1026 299 intelligatur,
1049 249 1288 287 similitudine
1296 249 1455 299 quadam
1466 260 1626 287 utemur.
1656 250 1716 287 Est

125 307 278 356 quidam
290 307 410 344 homo
422 306 567 358 pusillus
581 333 587 346 ‚
605 307 752 344 homini
763 308 931 344 maximo
942 306 1233 356 proportionalis
1244 305 1288 342 ad
1300 305 1469 343 cubitum
1481 326 1491 353 3
1511 303 1573 341 ubi
1583 305 1715 342 eadem

124 363 234 400 fuerit
244 364 443 413 proportio
453 363 615 412 palmi&
626 362 728 412 pedis
738 363 784 399 ad
794 363 948 411 reliquas
962 363 1129 412 corporis
1139 360 1189 398 sui
1200 372 1331 412 partes,
1345 363 1381 398 in
1392 360 1480 399 hoc,
1493 370 1582 410 puta
1595 361 1715 397 Euan-

126 419 209 462 dr0,
221 431 301 467 qaae
314 418 382 456 fuit
392 420 427 454 in
440 419 507 455 illo
519 447 528 462 ,
540 429 629 468 puta
642 418 818 462 Hercule,
834 430 949 467 quem
962 418 1103 454 Gellius
1114 416 1217 467 supra
1228 419 1320 455 alios
1330 416 1499 454 homines
1512 427 1715 467 procerum

127 473 164 510 δε
178 485 358 524 magnum
369 472 467 511 fuisse
480 474 719 517 conjeeratut.
750 474 889 522 Neque
902 474 1002 510 enim
1015 474 1126 509 etiam
1145 473 1213 510 fuit
1225 474 1292 510 alia
1303 474 1342 509 in
1353 472 1530 509 membris
1544 472 1716 509 Herculis

125 531 326 580 proportio
338 558 348 574 ,
360 541 472 578 quam
486 528 640 566 fueritin
653 528 795 565 Antliei
805 530 960 578 gigantis
973 539 1144 578 corpore.
1177 528 1230 566 Vt
1241 530 1342 566 enim
1355 528 1514 577 utrisque
1526 539 1656 565 manus
1668 527 1714 564 ad

127 586 316 629 cubitum,
328 586 365 621 &
378 584 494 621 cubiti
513 585 558 620 ad
575 587 770 634 proprium
784 595 911 634 caput,
924 586 961 621 &
981 594 1205 622 exterorum
1223 585 1482 621 membrorum
1504 582 1715 632 symmetria

127 643 204 692 pari
213 643 308 677 inter
317 640 350 676 se
362 639 594 677 dimensione
612 640 881 689 congruebant,
895 641 944 676 ita
955 639 1031 676 hoc
1042 638 1158 689 ipsum
1170 641 1205 676 in
1215 640 1343 677 nostris
1354 641 1542 688 triangulis
1555 640 1712 677 eveniet,

125 707 166 733 ut
180 696 218 733 sit
230 697 350 744 aliqua
361 697 453 732 inter
464 697 664 744 triangulos
677 694 1009 738 commensuratio,
1023 707 1087 743 per
1097 707 1208 744 quam
1220 697 1344 732 minor
1355 707 1442 732 cum
1453 697 1594 738 maiori,
1611 706 1719 732 caete-

128 754 175 789 ris
195 752 665 801 iutebus‚praeterquamin
679 749 931 798 magnitudine
943 778 952 793 ‚
965 753 1176 787 conveniat.
1211 752 1301 788 Haec
1314 761 1437 787 autem
1453 750 1475 787 si
1495 750 1575 788 satis
1588 751 1720 787 intelli-

129 819 278 858 guntur,
289 807 484 844 statuamus
497 806 854 843 Mathematicorum
864 805 1237 853 sententia2quantum
1251 806 1295 843 ad
1306 818 1385 842 rem
1397 805 1560 842 nostram
1573 806 1721 843 condu-

129 865 200 900 cit:
222 865 392 900 Omnem
404 861 678 899 intercisionem
689 862 839 907 alicujus
849 861 1034 910 trianguli.
1049 873 1152 910 aeque
1164 860 1358 898 distantem
1370 860 1389 896 a
1400 860 1723 910 basi‚tri.1ngulun1

131 917 356 956 constituere
367 947 376 962 ,
395 919 445 954 illi
457 916 523 954 suo
538 918 671 962 majori
691 918 894 966 triangulo,
917 927 957 953 ut
968 918 1018 953 illi
1029 917 1239 966 loquuntur
1250 947 1259 961 ,
1274 916 1430 954 similem
1443 942 1450 955 ‚
1463 918 1515 953 uti
1528 929 1618 954 vero
1637 928 1722 955 nos»

129 975 466 1025 proportionalem.
499 973 649 1010 Etenim
660 985 744 1021 qua:
754 972 891 1009 intetse
911 973 1208 1023 proportionalia
1219 972 1297 1010 sunt
1309 1001 1318 1017 ,
1332 972 1369 1009 ih
1383 971 1436 1013 his
1447 984 1582 1009 omnes
1602 982 1725 1022 partes

129 1029 366 1082 respondent.
400 1031 439 1066 In
450 1029 586 1077 quibus
599 1040 688 1065 vero
707 1027 850 1066 diversae
861 1030 897 1065 ὃς
917 1040 996 1065 non
1017 1040 1264 1077 congruentes
1283 1039 1403 1078 partes
1416 1027 1546 1065 adsunt
1559 1057 1569 1072 ‚
1587 1027 1640 1065 ha:
1652 1029 1723 1063 mi-

132 1087 233 1123 nime
243 1085 545 1135 proportionales
555 1083 646 1121 sunt.
678 1085 799 1121 Partes
809 1085 982 1133 trianguli
991 1083 1091 1121 visivi
1103 1085 1181 1122 sunt
1192 1093 1324 1135 praeter
1334 1085 1460 1126 lineas,
1471 1086 1584 1121 etiam
1596 1082 1659 1133 ipsi
1669 1094 1723 1120 ra·
1734 1085 1865 1131 Dianam

133 1143 200 1179 dii:
225 1143 287 1190 qui
300 1141 453 1190 quidem
463 1150 569 1177 erunt
581 1142 618 1176 in
640 1141 988 1191 proportionalibus
1010 1141 1156 1191 pisturae
1175 1141 1437 1190 quantitatibus
1448 1138 1647 1191 spectandis
1660 1150 1724 1176 nu-
1734 1125 1855 1163 liparas.

130 1209 238 1236 mero
250 1199 357 1238 veris,
367 1208 486 1246 pares:
499 1198 534 1232 in
547 1208 625 1233 non
638 1197 981 1247 proportionalibus
991 1208 1082 1234 vero
1091 1198 1284 1241 illis‚erunt
1293 1208 1371 1233 non
1383 1207 1495 1246 pareS.
1508 1196 1609 1233 Nam
1617 1196 1728 1233 altera

132 1253 283 1291 istarum
297 1264 374 1288 non
385 1253 729 1303 proportionalium
742 1254 928 1301 quantitas
940 1281 949 1296 ‚
971 1263 1034 1289 aut
1044 1253 1161 1302 plures
1180 1252 1384 1304 occupabit
1396 1251 1522 1289 radios
1537 1281 1546 1296 ‚
1567 1261 1628 1289 aut
1641 1262 1728 1302 pau-

135 1311 269 1346 ciores.
301 1308 410 1345 Nosti
422 1320 512 1356 ergo
524 1309 854 1357 quemadmodum
867 1309 1004 1345 minoi-i
1014 1309 1218 1358 triangulus
1228 1309 1360 1357 aliquis
1370 1308 1501 1352 majori
1512 1308 1728 1358 proportio-

134 1365 225 1402 nalis
247 1363 400 1401 dicatur.
432 1364 479 1401 Et
499 1364 696 1402 meministi
715 1376 759 1401 ex
778 1365 964 1414 triangulis
984 1363 1216 1414 pyramidem
1235 1363 1386 1402 visivam
1405 1362 1589 1400 constitui.
1628 1362 1729 1410 Ergo

134 1422 259 1458 omnis
271 1419 395 1457 noster
406 1418 527 1457 sermo
549 1420 594 1457 de
614 1421 804 1469 triangulis
821 1420 970 1457 habitus
984 1449 993 1464 ‚
1011 1420 1057 1456 ad
1080 1419 1308 1470 pyramidem
1327 1419 1547 1456 traducatur.
1581 1417 1639 1454 Ac
1651 1429 1732 1468 per-

133 1475 274 1514 suasum
289 1475 442 1525 quidem
453 1475 551 1525 apud
563 1488 631 1513 nos
643 1475 683 1513 sit
695 1505 704 1519 ,
726 1476 844 1513 nullas
855 1477 1080 1526 quantitates
1092 1475 1172 1514 vifae
1184 1475 1398 1526 superficiei,
1411 1486 1491 1524 qua:
1505 1485 1609 1523 aeque
1621 1474 1664 1511 ab
1676 1474 1730 1509 in‘

134 1531 333 1569 tercisione
345 1531 495 1576 distent,
514 1533 552 1569 in
572 1532 709 1583 pistura
719 1534 977 1570 alterationem
998 1533 1162 1582 aliquam
1180 1531 1316 1568 facere.
1347 1531 1452 1568 Nam
1471 1529 1629 1567 suntillae
1648 1529 1731 1578 qui-

136 1589 222 1625 dem
232 1600 334 1637 aeque
354 1587 525 1624 distantes
536 1589 756 1637 quantitates
767 1618 777 1633 ,
797 1590 835 1625 in
845 1590 955 1625 omni
973 1601 1076 1638 aeque
1095 1588 1239 1625 distanti
1256 1585 1493 1624 intercisione
1513 1584 1581 1623 suis
1602 1596 1730 1622 corre-

134 1643 400 1695 spondentibus
412 1645 724 1694 proportionales.
738 1657 818 1694 quae
829 1657 885 1682 res
899 1656 990 1683 cum
999 1646 1049 1682 ita
1057 1644 1099 1682 sit
1110 1673 1119 1689 ,
1139 1644 1300 1692 sequitur
1309 1641 1397 1680 illud
1410 1671 1420 1687 ‚
1434 1641 1538 1691 quod
1549 1653 1628 1678 non
1640 1641 1732 1678 alte-

134 1701 221 1738 ratis
234 1699 501 1751 quantitatibus
515 1726 523 1739 ,
549 1702 736 1750 exquibus
755 1712 836 1738 area
853 1701 1068 1751 completur
1080 1730 1090 1745 ‚
1110 1699 1287 1749 quibusve
1303 1698 1449 1736 fimbria
1469 1698 1729 1741 commetitur,

137 1757 239 1792 nulla
248 1755 403 1793 fimbria:
413 1756 579 1793 alteratio
590 1757 628 1793 in
638 1757 777 1808 pistura
787 1756 1078 1806 succedit,atque
1088 1755 1179 1793 illud
1189 1753 1419 1792 manifestum
1433 1752 1492 1793 est,
1502 1764 1659 1790 omnem
1669 1763 1732 1802 py-

136 1812 288 1848 ramidis
309 1810 427 1848 visivae
439 1811 734 1852 intercisionem,
760 1811 862 1851 avisa
872 1812 1061 1862 superficie
1071 1823 1174 1861 aeque
1185 1811 1375 1848 distantem
1387 1835 1395 1849 ‚
1415 1810 1468 1846 illi
1478 1807 1670 1860 perspeetae
1681 1807 1734 1844 su-

131 1865 301 1921 perficiei
323 1867 391 1903 ess'e
413 1869 844 1918 comproportionalem.
877 1869 1049 1905 Diximus
1060 1868 1105 1904 de
1125 1865 1383 1917 superficiebus
1403 1863 1634 1902 intercisioni
1648 1874 1734 1913 pro-

139 1924 430 1974 portionalibu3‚
444 1922 518 1959 hoc
529 1924 579 1960 est
589 1953 599 1967 ‚
612 1923 812 1974 superficiei
824 1923 927 1973 pistae
937 1935 1041 1973 atque
1051 1922 1275 1960 distantibus,
1305 1921 1453 1958 Verum
1467 1929 1555 1957 curn
1566 1919 1734 1970 plurima:

139 1978 333 2028 pingendae
346 1977 552 2028 superficies
565 1991 644 2015 non
654 1991 758 2028 aeque
770 1979 941 2016 distantes
954 1976 1071 2017 assint,
1084 1978 1129 2014 de
1141 1978 1196 2014 his
1206 1976 1318 2015 nobis
1330 1976 1559 2025 investigatio
1580 1976 1734 2023 diligens

144 2035 312 2071 habenda
323 2034 383 2073 est,
398 2045 477 2082 quo
489 2036 613 2071 omnis
623 2036 718 2072 ratio
730 2033 974 2072 intercisionis
987 2035 1199 2084 explicetur.
1212 2033 1364 2070 Etenim
1377 2032 1536 2079 longum
1547 2030 1644 2073 effer,
1654 2041 1734 2078 per-

144 2087 370 2136 difficileque
383 2099 493 2137 atque
504 2089 802 2127 obscurissimum
816 2119 826 2134 ,
837 2092 875 2126 in
885 2090 940 2127 his
950 2090 1224 2138 triangulorum
1238 2117 1248 2131 ‚
1259 2087 1527 2136 pyramidisque
1536 2083 1736 2121 intercisio-

144 2145 253 2182 nibus
266 2145 396 2181 omnia
408 2155 450 2179 ex
461 2144 825 2182 Mathematicorum
836 2146 962 2193 regula
974 2144 1157 2194 prosequi.
1190 2143 1338 2179 Idcirco
1350 2142 1476 2178 nostro
1487 2152 1595 2178 more
1608 2170 1618 2185 ‚
1631 2150 1673 2177 ut
1683 2141 1739 2189 pi-

146 2201 286 2238 &toi-es,
319 2198 483 2235 dicendo
503 2200 763 2248 procedamus.
794 2198 1022 2236 Reseramus
1041 2196 1246 2235 brevissime
1263 2199 1384 2246 aliqua
1405 2196 1450 2233 de
1468 2195 1738 2245 quantitatibus

146 2268 226 2293 non
238 2267 343 2303 aeque
354 2253 568 2291 distantibus
581 2283 591 2298 ,
611 2254 745 2303 quibus
757 2256 939 2305 perceptis
952 2254 1066 2290 facilis
1080 2254 1295 2298 erit‚0mnis
1306 2264 1386 2291 non
1397 2265 1500 2300 aeque
1513 2251 1672 2288 distantis
1683 2249 1737 2287 su-
1766 2280 1769 2284 .
1792 2252 1793 2255 ’

148 2311 310 2363 perfieiei
324 2340 333 2353 ‚
352 2311 534 2358 cognitio.
571 2311 841 2362 Qantitatum
853 2321 942 2358 ergo
964 2321 1043 2346 non
1056 2321 1159 2357 aeque
1179 2309 1387 2345 distantium
1400 2310 1477 2345 aliae
1498 2307 1604 2345 radiis
1616 2305 1737 2345 visivis

149 2369 366 2405 collineares
381 2394 390 2409 ,
408 2366 485 2402 aliae
496 2364 602 2402 radiis
622 2366 806 2414 aliquibus
817 2364 936 2402 vifivis
956 2377 1058 2413 aeque
1070 2365 1239 2402 distantes
1250 2364 1340 2401 sunt.
1371 2365 1611 2416 Qantitates
1632 2363 1741 2399 radiis

150 2424 381 2465 collineares,
393 2423 575 2470 quoniam
585 2419 813 2469 triangulum
824 2433 904 2458 non
914 2420 1088 2465 efficiant,
1098 2420 1362 2468 radiorumque
1374 2431 1578 2457 numerum
1590 2429 1665 2455 non
1676 2429 1740 2454 oc-

151 2488 304 2529 cupent,
316 2479 446 2514 locum
459 2478 602 2514 idcirco
616 2478 759 2514 nullum
770 2475 1006 2514 intercisione
1018 2476 1275 2526 adipiscuntur.
1299 2476 1353 2513 At
1363 2477 1400 2512 in
1412 2475 1677 2524 quantitatibus
1691 2485 1742 2510 ra-

151 2536 218 2572 diis
229 2533 345 2570 visitis
356 2546 458 2582 atque
470 2533 695 2571 distantibus⁷
709 2533 937 2581 quanto,qui
948 2534 1068 2577 major
1079 2531 1128 2569 est
1138 2533 1295 2581 angulus
1305 2531 1350 2568 ad
1362 2530 1475 2568 basim
1485 2530 1741 2578 trianguli‚erit

151 2590 332 2633 obtusior,
345 2599 451 2626 tanto
463 2601 505 2626 ea
516 2590 702 2637 quantitas
714 2590 835 2625 minus
846 2589 1034 2626 radiorum
1047 2589 1220 2638 excipiet,
1230 2599 1339 2637 atque
1352 2586 1494 2623 ideirco
1504 2584 1740 2622 intercisione

154 2648 276 2685 minus
297 2645 483 2682 obtinebit
500 2645 618 2694 spacii.
648 2643 891 2693 Superfieiem
910 2644 1176 2693 quantitatibus
1196 2643 1346 2690 contegi
1357 2641 1532 2679 diximus.
1556 2651 1592 2678 at
1605 2651 1692 2677 cum
1702 2641 1742 2677 in

153 2700 411 2752 superficiebus
423 2712 499 2738 non
513 2711 596 2737 raro
606 2701 748 2737 eveniat
761 2728 769 2742 ‚
790 2701 880 2737 utin
893 2712 936 2738 ea
949 2699 990 2736 sit
1008 2701 1191 2748 quantitas
1208 2700 1327 2747 aliqua
1338 2709 1439 2746 aeque
1450 2697 1494 2732 ab
1504 2695 1742 2734 intercisione

156 2759 304 2796 distans:
321 2767 458 2794 caeterae
470 2768 560 2793 vero
571 2754 731 2799 ejusdem
741 2755 940 2805 superficiei
950 2756 1172 2804 quantitates
1185 2783 1195 2798 ,
1221 2766 1298 2791 non
1311 2764 1417 2802 atque
1428 2752 1576 2789 distent:
1597 2763 1679 2789 eam
1690 2751 1742 2788 ob

157 2827 238 2852 rem
249 2813 302 2858 fit,
313 2824 355 2851 ut
366 2825 447 2862 quae
457 2814 494 2849 iu
504 2810 694 2862 superficie
704 2811 832 2848 adsunt
842 2822 945 2861 aeque
957 2810 1127 2848 distantes
1137 2808 1427 2859 quantitates,hae
1436 2807 1530 2847 solae,
1543 2810 1581 2844 in
1592 2808 1745 2859 pistura,

158 2871 300 2907 nullam
310 2869 565 2919 alterationem
578 2867 725 2903 faciant.
741 2868 836 2916 Qae
846 2878 935 2903 vero
947 2867 1170 2915 quantitates
1183 2877 1262 2902 non
1272 2876 1373 2913 aeque
1383 2863 1527 2908 distant,
1538 2863 1592 2901 hae
1603 2873 1746 2912 quanto

160 2926 355 2975 angulum,
368 2925 483 2976 quiin
495 2923 682 2976 triangulo
695 2922 736 2960 sit
749 2923 794 2960 ad
806 2922 921 2962 basim
933 2923 1070 2971 major,
1084 2920 1318 3014 olbtusiorem
1330 2918 1535 2967 habebunt,
1546 2929 1651 2957 tanto
1663 2919 1748 2966 plus

1626 2974 1753 3010 altera-
