2023 3162
278 102 350 136 23s
632 86 1508 129 ›MViTnuvuPorrionts

280 162 417 210 pati-ize.
448 161 482 196 ls
496 160 617 209 prin-:0
631 158 774 206 negavit
787 153 819 191 se
832 154 1012 191 faciurum
1028 167 1034 188 :
1050 152 1104 190 sed
1118 153 1362 203 posteaquam
1373 155 1539 203 ingenua·
1553 154 1709 204 virgines
1721 152 1756 190 ἃ·
1771 155 1880 205 ephe-

279 217 313 252 bi
328 228 413 252 cum
427 216 673 252 sacci-dotibus
697 221 878 247 venerunt
892 209 934 245 ad
949 210 1247 258 deprecandum,
1264 219 1356 245 tunc
1369 209 1416 245 est
1427 210 1633 259 pollicitus,
1645 209 1698 246 his
1715 211 1878 260 legibus,

278 273 329 308 uti
343 270 365 306 [i
381 283 461 307 cani
474 283 550 306 mat
561 270 685 305 lunam
699 264 858 316 cepisset,
873 265 932 301 sua
946 266 1040 301 eflet.
1057 265 1183 301 Hisira
1199 264 1419 303 constitutis,
1432 276 1502 313 qua
1515 266 1686 302 machina
1699 265 1883 303 accessura

278 338 366 364 erat,
382 338 420 362 ea
435 328 588 374 regione
613 324 688 372 [j]
703 333 854 358 muium
867 321 1029 370 pertudit
1045 349 1053 363 ,
1076 322 1109 357 ὅ(
1127 321 1151 361 it
1164 319 1218 357 ssit
1230 330 1363 357 emnes
1375 321 1522 370 publice
1535 319 1571 356 ἃ
1584 319 1763 370 privatim,
1777 322 1882 370 quod

277 381 430 431 quisquc
443 378 621 416 habuisset
634 390 735 426 aqua*
746 401 755 415 ‚
781 376 962 415 stercoris,
979 377 1044 412 luti
1060 401 1066 412 ,
1082 387 1145 426 fer
1161 388 1242 412 eam
1255 374 1448 412 fenestram
1461 386 1523 427 per
1537 376 1681 412 canales
1694 375 1881 415 effundere

275 448 360 474 aitte
372 447 533 472 murum.
555 435 580 471 C
592 446 655 470 tzm
671 432 719 468 ibi
734 443 870 480 magna
883 434 933 467 vis
949 443 1066 479 aqum,
1081 433 1156 467 luti>
1173 431 1354 472 stercoris,
1368 431 1482 468 rosio
1493 431 1638 480 prosusa
1651 430 1786 469 suisset*¹
1807 445 1875 482 po·

273 493 370 530 [iero
382 491 439 526 die
460 490 653 539 Helepolis
667 487 847 524 accedens
871 498 1070 535 antequam
1092 489 1406 538 appropinquaret
1427 488 1470 522 ad
1485 498 1660 525 muium,
1683 488 1718 522 in
1731 486 1880 524 humida

272 548 453 594 voragine
473 546 551 582 aeta
565 544 746 586 consedit,
761 555 828 579 nec
841 544 1037 592 progredi,
1052 554 1123 579 nec
1136 543 1276 592 regredi
1288 542 1411 592 pellea
1424 544 1558 594 potuit.
1590 542 1720 590 Itaque
1733 542 1876 578 Deme-

273 605 362 640 trius
379 613 467 637 cum
479 600 621 637 vidisset
643 600 815 650 sapientia
834 599 1016 647 Diogneti
1039 596 1072 633 se
1095 598 1294 649 deceptum
1308 597 1389 637 esse,
1406 610 1495 635 cum
1519 597 1623 635 classe
1640 596 1701 634 sua
1713 595 1876 635 discessit.

273 660 390 695 Tunc
403 656 548 693 Rhodii
563 656 747 705 Diogneti
759 653 903 690 solertia
916 654 1057 700 liberati
1075 654 1175 690 bello
1188 682 1198 698 ‚
1219 654 1366 705 publice
1379 655 1510 703 gratias
1523 663 1677 702 egerunt
1690 682 1700 697 ‚
1721 653 1877 690 honori—

275 713 416 761 busque
449 711 629 749 omnibus
661 722 748 747 eum
772 709 808 746 ἃ
837 710 1067 746 ornamentis
1091 720 1385 747 exornaverunt:
1417 710 1633 758 Diognetus
1653 719 1776 745 auttm
1795 719 1878 745 eam

274 769 493 818 Helepolim
506 767 649 804 reduxit
660 768 697 802 in
709 766 839 802 urbem
854 794 864 808 ,
888 764 923 800 8<
936 766 971 801 in
985 764 1143 815 publico
1158 766 1362 802 collocavit
1374 789 1382 802 ‚
1405 766 1440 801 <St
1453 763 1628 815 inscripsit
1639 790 1646 803 ,
1659 765 1876 812 Diognetus

271 822 292 861 ὲ
305 823 489 861 manubiis
502 824 537 860 id
552 822 698 873 populo
712 821 814 857 dedit
828 832 974 857 munus.
1007 821 1059 856 Ita
1072 821 1108 856 in
1122 822 1393 871 repugnatoriis
1406 820 1516 857 rebus
1529 850 1538 864 ‚
1552 831 1627 856 non
1641 830 1785 857 tantum
1797 831 1874 856 ma-

271 880 389 917 cliinae
403 909 412 924 ,
433 878 491 916 sed
502 881 616 917 etiam
629 879 791 914 maxime
804 876 958 913 confilia
974 873 1051 912 fiint
1067 877 1332 926 comparanda.
1348 877 1438 913 Non
1449 877 1571 913 minus
1591 874 1704 913 Chio,
1721 887 1808 911 cum
1819 874 1872 912 su-

271 947 335 986 pra
349 946 459 972 naves
474 937 545 986 [g]
559 933 822 970 sambucarum
836 930 1028 968 machinas
1039 929 1162 967 hostes
1175 930 1483 982 comparavissent
1502 932 1615 968 iios‘tu
1627 930 1712 968 Chii
1723 941 1870 969 tetram,

272 1003 423 1028 arenam
437 1020 446 1034 ‚
457 988 595 1039 lapides
605 990 847 1040 projecerunt
860 988 896 1022 in
910 997 1011 1022 marc
1023 996 1109 1022 ante
1122 998 1285 1024 murum.
1317 988 1368 1023 lta
1378 988 1429 1023 illi
1442 986 1587 1038 postero
1600 988 1657 1023 die
1668 998 1756 1024 cum
1768 997 1873 1023 acce-

270 1046 357 1083 dere
368 1044 578 1089 voluissent,
591 1054 701 1081 naves
713 1041 818 1092 supra
831 1042 1118 1092 aggerationem
1133 1070 1142 1086 ‚
1156 1054 1239 1090 quae
1254 1041 1371 1080 fuerat
1392 1041 1455 1080 sub
1468 1054 1559 1092 aqua
1571 1072 1581 1087 ,
1594 1041 1762 1080 sederunt
1777 1070 1785 1084 ‚
1800 1053 1872 1078 nec

270 1102 316 1138 ad
327 1113 479 1139 mutum
493 1100 693 1139 accedere,
714 1110 783 1134 nec
794 1097 967 1135 retrorsus
991 1095 1023 1133 sc
1036 1099 1199 1146 recipere
1211 1108 1434 1148 potuerunt:
1458 1099 1515 1135 scd
1529 1099 1578 1135 ibi
1599 1095 1661 1142 [Ι]ἱ
1685 1097 1870 1134 malleolis

271 1157 430 1194 coiifixoe
443 1157 618 1192 iuceudlo
630 1154 709 1191 sunt
722 1153 973 1203 conflagratae.
992 1151 1201 1202 Apollonia
1215 1166 1368 1202 quoque
1386 1166 1472 1190 cum
1485 1152 1818 1195 circumsideretur,
1831 1154 1869 1189 δε

269 1213 397 1263 specus
409 1211 529 1249 liostes
542 1211 726 1248 fodiendo
740 1212 946 1258 cogitarent
958 1208 1030 1244 sine
1043 1207 1246 1259 suspicione
1257 1211 1351 1246 intra
1372 1212 1514 1247 moenia
1527 1220 1728 1259 penetrare.
1759 1209 1797 1245 ld
1809 1219 1868 1244 au-

269 1278 344 1305 tem
357 1281 444 1305 cum
455 1268 474 1303 a
487 1267 782 1317 speculatoribus
794 1266 879 1301 effer
894 1264 1203 1312 Apolloniatibus
1214 1266 1469 1303 renunciatum
1482 1295 1491 1309 ‚
1512 1265 1713 1314 perturbati
1728 1264 1868 1300 nuncio

269 1335 421 1373 propter
432 1324 609 1360 timorem
625 1352 633 1367 ,
654 1321 815 1359 consiliis
826 1321 1044 1369 indigentes,
1061 1321 1194 1357 animis
1206 1320 1438 1359 deficiebant,
1452 1321 1560 1369 quod
1572 1332 1693 1369 neque
1703 1330 1866 1369 tempus,

268 1391 390 1428 neque
402 1390 544 1416 certum
555 1381 685 1415 locum
699 1376 785 1414 scire
798 1386 993 1427 poterant,
1013 1387 1092 1423 quo
1106 1375 1286 1413 emersum
1299 1376 1428 1413 facturi
1440 1375 1584 1413 fuissent
1597 1375 1729 1412 hostes.
1760 1376 1867 1411 Tum

267 1446 358 1471 vero
369 1435 527 1485 Trypho
542 1434 818 1470 Alexandrinus
831 1461 839 1475 ,
862 1433 925 1480 qui
938 1432 988 1467 ibi
999 1430 1116 1468 fuerat
1130 1432 1380 1476 Architeetus,
1393 1434 1486 1469 intra
1496 1444 1644 1469 mutum
1657 1434 1778 1481 plures
1788 1431 1867 1480 spe-

269 1502 332 1528 cus
345 1489 568 1539 designavit,
590 1492 627 1527 ὅ(
642 1488 825 1525 fodiendo
836 1498 972 1524 terram
986 1488 1287 1537 progrediebatur
1301 1499 1399 1525 extra
1411 1499 1573 1527 murum,
1589 1490 1764 1524 duntaxat
1777 1488 1866 1523 citra

267 1545 400 1595 sagittae
413 1545 669 1584 emissionem,
694 1545 728 1580 δί
742 1545 777 1579 in
800 1543 978 1580 omnibus
998 1540 1078 1579 vasa
1092 1554 1189 1581 aenea
1209 1542 1402 1594 suspendit.
1436 1544 1486 1580 Ex
1505 1544 1559 1580 his
1577 1544 1612 1580 in
1625 1555 1695 1580 una
1716 1542 1862 1581 fossura,

265 1613 349 1650 quae
362 1611 493 1638 contra
505 1601 665 1638 hostium
677 1599 804 1649 specus
815 1597 937 1636 fuerat
949 1627 958 1643 ,
971 1596 1053 1636 vasa
1064 1600 1266 1648 pendentia
1279 1599 1324 1635 ad
1339 1600 1466 1650 plagas
1479 1598 1792 1637 ferramentorum
1804 1596 1864 1634 so-

266 1668 356 1695 nare
368 1668 579 1707 coeperunt.
609 1658 666 1694 Ita
678 1667 721 1692 ex
734 1666 781 1692 eo
792 1654 1022 1692 intellestum
1037 1654 1104 1693 est,
1127 1667 1198 1705 qua
1209 1657 1360 1705 regione
1372 1656 1558 1692 adversarii
1570 1654 1700 1706 specus
1712 1663 1864 1703 agentes

268 1713 361 1750 intra
378 1723 568 1762 penetrare
583 1711 813 1761 cogitabant.
844 1713 906 1749 Sic
926 1711 1151 1748 limitatione
1172 1713 1323 1761 cognita
1345 1740 1354 1755 ,
1384 1713 1606 1761 temper-mr
1625 1711 1741 1748 ahena
1760 1719 1863 1757 aquae

269 1766 498 1811 ferventis‚&
511 1770 611 1820 picis,
625 1766 826 1819 desuperne
839 1777 972 1805 contra
984 1767 1104 1815 capita
1117 1766 1291 1805 hostium,
1304 1768 1340 1804 &
1352 1767 1518 1805 stercoris
1531 1768 1683 1804 humani
1694 1768 1730 1802 ἃ
1744 1775 1861 1801 atenae

267 1823 382 1860 coc‘tae
396 1822 577 1861 cadentis:
599 1824 682 1860 deiri
696 1823 808 1860 noftu
821 1823 981 1874 pertudit
1002 1823 1130 1860 crebra
1142 1822 1347 1863 foramina,
1369 1825 1406 1861 δε
1423 1835 1488 1873 per
1499 1835 1539 1859 ea
1552 1832 1700 1870 repente
1710 1818 1859 1869 perfun-

267 1877 391 1914 dendo
403 1907 412 1921 ,
423 1880 487 1926 qui
499 1880 535 1915 in
548 1891 595 1916 eo
607 1891 720 1928 opere
732 1878 880 1916 fuerunt
893 1879 1027 1922 hostes,
1039 1890 1174 1915 omues
1187 1880 1344 1915 necavit.
1366 1880 1459 1915 Item
1477 1876 1626 1915 Massilia
1639 1888 1728 1913 cum
1739 1886 1857 1925 oppu-

266 1944 453 1980 gnaretur,
466 1936 501 1969 ὃ(
513 1946 671 1969 numero
684 1930 785 1981 supra
799 1946 881 1970 xxx.
900 1933 1028 1983 specus
1042 1943 1127 1970 tum
1146 1943 1312 1982 agerent,
1328 1932 1534 1970 Massilitani
1547 1931 1724 1981 suspicati,
1736 1940 1859 1966 totam

264 2001 350 2038 qut-e
361 1988 476 2025 fuerat
485 1999 569 2025 ante
582 1999 732 2024 murum
744 1987 877 2023 fossam
889 1990 1020 2025 altiore
1031 1986 1163 2023 fossura
1175 1987 1432 2034 depresserunt3
1441 1988 1487 2023 ita
1497 1986 1624 2037 specus
1638 1998 1774 2023 omnes
1786 1985 1859 2021 exi-

267 2045 374 2081 tusin
385 2043 514 2080 fossam
533 2042 758 2079 habuerunt:
781 2042 918 2090 quibus
929 2052 1054 2078 autem
1068 2040 1262 2078 locisfoffa
1282 2053 1360 2078 non
1373 2053 1548 2092 potuerat
1566 2041 1645 2078 fieri
1663 2044 1757 2078 intra
1777 2052 1860 2077 mu-

265 2111 362 2137 rum,
378 2098 589 2135 barathrum
602 2098 835 2146 longitudine
849 2098 884 2135 ἃ
895 2096 1153 2147 amplitudine,
1165 2099 1218 2134 uti
1228 2096 1416 2146 piscinam,
1429 2097 1614 2141 fecerunt,
1629 2107 1759 2135 contra
1769 2108 1859 2134 eum

266 2155 399 2191 locum
413 2180 420 2194 ‚
433 2165 505 2204 qua
515 2154 641 2204 specus
652 2152 868 2202 agebantur,
881 2164 1040 2202 eamque
1054 2149 1073 2187 ὲ
1086 2155 1207 2202 puteis
1222 2154 1257 2190 Sc
1274 2149 1293 2189 ὲ
1308 2163 1420 2204 portu
1431 2154 1690 2204 impleverunt.
1723 2154 1857 2201 Itaque

1765 2219 1857 2244 cum

262 2281 296 2318 f]
319 2285 402 2313 Idem.
427 2287 511 2313 Aliter
523 2287 662 2314 narratura
677 2287 768 2313 Flavio
781 2286 895 2324 Vegetio
905 2288 1022 2313 Renato.
1046 2288 1118 2314 Cum
1129 2286 1244 2323 (inquit)
1264 2286 1432 2315 Rhodiorum
1442 2288 1535 2315 civitas
1553 2296 1752 2327 oppugnaretur
1761 2286 1795 2313 ab
1806 2285 1857 2312 ho-

300 2325 391 2357 stibus,
400 2328 511 2354 &turris
522 2327 698 2354 ambulatoria
709 2326 782 2365 super
795 2335 932 2354 murorum
944 2326 1113 2354 altitudinem
1124 2336 1154 2354 ac
1173 2334 1288 2354 turrium
1300 2328 1422 2355 omnium
1434 2336 1577 2364 pararetur.
1588 2327 1733 2355 mechanici
1745 2327 1856 2366 ingenio

299 2365 440 2393 inventurn
460 2367 494 2393 cst
506 2367 556 2394 tal:
568 2369 724 2395 remedium.
745 2368 793 2394 Per
803 2367 911 2394 nostem
930 2365 975 2394 sub
984 2365 1160 2395 fundamento
1177 2369 1244 2395 muri
1263 2368 1419 2396 cuniculum
1428 2366 1496 2396 fodit
1508 2389 1514 2400 ‚
1533 2372 1557 2396 ἃ
1568 2368 1642 2396 illum
1653 2389 1659 2399 ,
1681 2368 1712 2395 ad
1722 2376 1801 2406 quem
1813 2366 1856 2393 die

300 2406 406 2446 postero
421 2406 498 2434 turris
509 2404 591 2434 suerat
601 2407 783 2445 promovenda
795 2428 801 2438 ‚
823 2407 895 2434 nullo
907 2406 1021 2435 hostium
1032 2407 1177 2438 sentiente,
1194 2408 1282 2446 egesta
1299 2417 1367 2436 terra
1380 2410 1483 2436 cavavit
1495 2407 1649 2436 intrinsecus
1663 2421 1668 2439 ;
1683 2412 1706 2436 ἃ·
1717 2417 1778 2435 cum
1789 2407 1857 2434 rotis

300 2445 352 2473 suis
363 2446 447 2474 moles
457 2445 544 2474 fuisset
554 2447 672 2485 impulsa,
684 2457 762 2486 atque
773 2448 803 2475 ad
813 2447 914 2479 locum,
926 2449 971 2486 qui
979 2447 1068 2476 subtus
1079 2458 1187 2476 cavatus
1197 2446 1297 2481 fuerat,
1318 2446 1430 2476 veniffet
1440 2470 1446 2480 ‚
1465 2458 1542 2476 tanto
1553 2449 1667 2486 pondere
1678 2448 1733 2476 solo
1744 2448 1856 2477 cedente

301 2485 423 2519 subsedit,
436 2496 464 2515 ut
476 2497 524 2514 nec
536 2488 610 2527 jungi
623 2489 764 2519 niuri5,aut
776 2488 878 2515 moveri
887 2488 995 2516 ulterius
1007 2490 1133 2527 potuerit.
1159 2491 1199 2516 lta
1209 2489 1302 2516 civitas
1312 2488 1420 2516 liberata
1430 2490 1475 2518 cst,
1487 2489 1664 2528 dereliCtaque
1677 2488 1806 2516 machina.

260 2529 292 2565 g]
327 2527 410 2555 Idem.
430 2527 588 2555 Sambueam
600 2528 749 2555 machinam
761 2524 828 2556 eise.
845 2538 896 2566 qua
906 2528 981 2556 urbes
1000 2538 1188 2568 expugnentur
1199 2550 1205 2560 ,
1217 2530 1289 2568 quod
1298 2550 1305 2559 ‚
1320 2538 1349 2556 ut
1360 2529 1384 2556 in
1396 2539 1497 2569 organo
1508 2529 1632 2558 sambuca
1643 2530 1749 2557 chordae
1760 2549 1767 2560 ,
1784 2528 1818 2555 fic
1827 2527 1853 2554 in

304 2566 426 2596 machina
439 2568 612 2596 intenduntur
624 2567 707 2598 funes.
720 2569 812 2596 auftor
822 2569 857 2595 est
868 2570 961 2596 Sextus
973 2570 1118 2607 Pompejus
1129 2570 1226 2597 Festus.
1240 2570 1433 2597 Meminerant
1447 2570 1599 2598 Plutarchus
1610 2571 1636 2597 in
1648 2569 1789 2601 Marcello,
1800 2570 1852 2594 Ve-

303 2609 392 2647 getius
402 2607 462 2636 libri
474 2609 559 2647 quarti
571 2618 627 2647 cap.
644 2618 685 2643 23.
702 2608 803 2646 &apud
824 2608 982 2636 Athenaeum
1001 2608 1228 2649 Dipnosophiston
1240 2619 1302 2637 xiV.
1315 2611 1368 2637 Pro
1379 2610 1482 2637 murico
1492 2612 1667 2638 instrumento
1685 2608 1854 2646 Euphorion,

303 2659 351 2686 pro
363 2649 486 2677 machina
496 2659 560 2677 vero
572 2650 661 2682 Biton,
674 2650 790 2676 Andreas
804 2649 1006 2678 Panormitanus
1019 2670 1025 2681 .
1047 2650 1173 2688 Polybius
1182 2649 1230 2678 lib.
1239 2659 1308 2678 vtu.
1320 2653 1345 2678 ὃ.-
1357 2649 1484 2679 Moschus
1495 2664 1500 2682 ;
1512 2653 1557 2690 qui
1566 2651 1601 2679 ait
1611 2651 1783 2679 Heraclidem
1795 2649 1853 2675 Ta-

304 2690 442 2716 rentinum
452 2686 589 2717 invenisse.

262 2727 292 2762 lJ]
322 2728 405 2757 Idem.
423 2729 543 2757 Malleoli
557 2751 562 2762 ,
575 2739 603 2757 ut
615 2728 708 2757 scribit
725 2730 828 2757 Nonius
839 2729 982 2756 Marcellus
992 2750 998 2762 ,
1010 2728 1068 2757 sunt
1080 2730 1307 2769 manipulispartei
1317 2731 1373 2769 pice
1386 2731 1504 2758 contest}
1515 2751 1521 2761 ,
1540 2730 1584 2768 qui
1594 2729 1690 2757 incensi
1699 2738 1743 2757 aut
1754 2729 1780 2755 in
1792 2738 1851 2755 uiu-

306 2778 349 2795 ros
358 2789 365 2799 ,
376 2771 458 2797 autin
470 2770 610 2798 testudines
622 2771 759 2803 jaciuntur.
783 2772 938 2797 Ammianus
949 2778 1037 2798 autem
1048 2770 1093 2799 lib.
1106 2781 1198 2799 xxitt.
1208 2772 1288 2799 tradit
1301 2771 1346 2798 hac
1360 2771 1443 2809 specie
1454 2770 1577 2804 figuram
1597 2771 1697 2807 Sagitta
1707 2770 1741 2796 est
1752 2778 1850 2795 eat-nea

305 2809 509 2847 interspiculum
520 2814 544 2838 8<
557 2811 720 2839 arundinem.
733 2809 865 2837 multifido
877 2808 948 2837 ferro
957 2820 1155 2845 coagmentata,
1165 2812 1250 2850 quain
1263 2812 1399 2839 muliebris
1410 2804 1593 2839 coli'formam
1602 2831 1608 2839 ‚
1622 2802 1676 2848 q⁸uo
1694 2818 1789 2837 nentur
1800 2809 1850 2835 lin-

303 2857 345 2875 tea
355 2849 464 2876 stamina
474 2871 479 2880 ,
501 2860 663 2878 concavatur
674 2860 765 2877 venter
775 2850 912 2880 subtiliter.
925 2855 947 2878 ἃ
960 2845 1120 2887 pluii'fm'am
1129 2861 1220 2890 patens
1231 2873 1238 2884 ,
1251 2861 1329 2891 atque
1339 2852 1450 2879 inalveo
1459 2850 1514 2888 ipso
1525 2851 1617 2889 ignem
1628 2859 1691 2877 cum
1701 2850 1788 2888 aliquo
1799 2849 1851 2876 sus-

303 2890 368 2926 cipit
378 2889 522 2921 alimento·y
543 2895 566 2918 3<
579 2891 595 2917 li
606 2890 696 2918 emissa
709 2891 804 2917 lentius
817 2900 876 2917 areu
896 2892 1012 2918 invalido
1032 2892 1099 2925 (iou
1111 2893 1183 2920 enim
1192 2893 1321 2931 rapidiore
1331 2891 1512 2930 extinguitur)
1524 2889 1623 2917 haescrit
1633 2889 1739 2927 usquam
1749 2899 1849 2917 tenaci-

304 2937 354 2960 rer,
367 2938 467 2956 cremat
477 2940 586 2968 qua-que
596 2931 698 2967 eorispfi
707 2931 746 2961 sa,
765 2941 852 2957 acrior
861 2933 960 2958 excitat
972 2932 1046 2959 aestus
1055 2931 1251 2966 incendiorum,
1262 2941 1309 2961 ricc
1321 2932 1440 2960 remedio
1451 2930 1506 2959 ullo
1517 2951 1524 2962 ,
1541 2939 1622 2969 quam
1630 2930 1777 2969 superjefto
1790 2931 1847 2968 pul—

305 2979 364 2998 vere
376 2968 537 3009 consopitur.
564 2972 603 2998 Fit
616 2975 637 2999 ἅ
652 2971 829 3009 nienrioapud
843 2973 984 3010 Vegeriuin
995 2971 1040 2999 lib.
1055 2981 1092 3001 tv.
1105 2981 1161 3011 cap.
1175 2976 1212 2999 iS.

263 3047 288 3071 ,ἥ
308 3036 417 3066 §gh-2.
433 3042 565 3059 ιιψνιι,
594 3026 711 3057 {ihu-0
737 3024 836 3061 mm?
860 3037 886 3056 ἐι
908 3039 910 3050 ³
929 3016 1203 3076 ¹²57·¹>⁰·{:2-ss}¹'-
1232 3020 1445 3071 dums‘h'v-n
1461 3051 1468 3059 ,
1747 3011 1846 3039 1³⁵3*

388 3074 400 3084 !
787 3068 792 3073 ¹
1045 3068 1080 3075 ⁷—-
