2023 3162
300 104 369 139 158
641 83 1495 126 M.V1‘rizUVI1P01.1.10N13

290 158 451 197 inflativi
474 151 537 211 [f]
553 158 666 201 venti,
678 154 798 192 coacti
820 152 1012 189 bullientes
1023 153 1155 190 crebro
1169 164 1233 202 per
1249 152 1372 189 fontes
1390 153 1636 202 egrediuntur.
1666 153 1719 192 Ex
1739 154 1792 193 his
1811 152 1875 195 auss

292 226 371 252 tem
390 215 453 264 qui
466 224 541 249 non
552 211 632 250 sunt
643 211 777 261 aperti,
797 207 854 245 sed
872 218 936 245 aut
945 209 1034 245 saxis
1045 237 1054 252 ‚
1072 218 1136 245 aut
1145 210 1214 246 alia
1225 208 1498 248 videtinentur,
1513 221 1577 258 per
1588 210 1753 259 angustas
1764 224 1874 249 venas

291 271 526 308 vehementia
546 267 686 318 spiritus
703 263 949 302 extruduntur
960 263 1004 300 ad
1024 262 1190 301 summos
1211 266 1291 315 [g]
1312 275 1531 313 grumorum
1551 267 1724 303 tumulos.
1739 269 1871 318 ltaque

291 328 356 375 qui
374 334 506 376 putant
523 333 621 360 tanta
632 322 664 358 se
675 319 881 364 altitudine,
892 332 964 369 qua
974 318 1055 355 sunt
1068 320 1187 368 gtumi
1199 348 1209 363 ,
1222 321 1341 369 capita
1352 318 1513 357 fontium
1528 319 1673 365 habere5
1687 333 1774 360 cum
1785 335 1872 374 ape-

290 384 390 419 riunt
410 379 557 417 fossuras
568 379 692 415 latius,
709 375 950 426 decipiuntur.
970 375 1141 424 Namque
1154 377 1208 411 uti
1219 387 1361 412 aeneum
1372 386 1448 415 vas,
1464 387 1541 412 non
1559 378 1596 413 in
1606 375 1754 414 summis
1764 379 1872 417 labris

293 439 445 488 plenum
458 464 467 478 ‚
486 433 542 470 sed
562 445 663 482 aquae
676 430 884 469 mensutam
895 429 963 467 suae
976 432 1192 481 capacitatis
1204 429 1341 468 habens
1354 426 1498 468 eti-ibus
1511 431 1600 469 duas
1612 441 1728 482 partes
1741 461 1752 477 ‚
1767 445 1873 484 oper-

295 494 499 538 culumque
510 491 548 525 in
558 500 606 525 eo
619 488 963 531 collocatum‚cum
974 487 1068 535 ignis
1078 485 1293 524 vehementi
1302 485 1445 524 fervore
1456 497 1636 536 tangatur,
1650 488 1885 538 percalefieri·

296 550 398 596 cogit
408 557 539 593 aquam
554 572 565 588 ,
581 555 621 580 ea
640 553 763 580 autem
782 553 935 593 propter
944 542 1148 580 naturalem
1158 543 1344 580 raritatem
1364 544 1401 579 in
1419 542 1452 579 se
1464 545 1643 592 recipiens
1653 542 1807 581 fervoris
1816 556 1873 582 va-

291 604 406 639 lidam
426 599 659 636 inflationem
672 628 683 644 ‚
702 610 782 635 non
795 598 915 635 modo
935 598 1067 649 implet
1085 609 1148 636 vas
1161 627 1170 642 ‚
1190 597 1250 635 sed
1259 597 1440 648 spiritibus
1458 600 1639 636 extollens
1649 599 1874 649 operculum

288 655 499 694 &crescens
511 654 672 692 abundat
688 680 694 693 ,
714 653 858 691 sublato
881 664 1006 691 autem
1025 654 1211 704 operculo
1230 653 1364 691 emissis
1381 655 1635 692 inflationibus
1654 656 1691 690 in
1710 655 1795 691 aere
1815 667 1875 706 pa-

286 714 399 756 tenti,
422 709 539 747 rursus
551 711 594 748 ad
606 711 712 748 suum
724 711 855 748 locum
865 709 1014 746 residet:
1044 709 1105 746 Ad
1117 710 1279 747 eundem
1291 710 1452 748 modum
1464 712 1584 762 capita
1594 710 1773 755 fontium,
1785 721 1875 749 cum

285 768 368 805 sunt
381 766 552 816 angustiis
571 765 777 817 compressa
789 792 796 806 ‚
809 775 919 803 ruunt
935 767 972 802 iu
984 764 1135 803 summo
1151 765 1293 816 spiritus
1311 778 1413 816 aquae
1426 766 1598 804 bullitus:
1623 766 1743 803 Simul
1760 775 1875 815 atque

287 825 392 861 latius
411 822 491 860 sunt
502 823 630 874 aperti,
643 823 819 859 exinaniti
829 834 894 872 per
914 822 1076 859 raritates
1088 820 1235 870 liquidae
1248 822 1437 871 potestatis
1449 821 1616 860 residunt,
1632 823 1669 859 ὅ(
1682 820 1876 859 restituun-

287 889 346 916 tur
358 878 614 916 inlibramenti
630 878 680 916 sui
692 881 970 928 proprietatem.
1001 877 1137 914 Omnis
1154 888 1279 914 autem
1290 890 1382 927 aqua
1395 877 1530 917 calida,
1551 877 1638 915 ideo
1649 877 1800 927 quidem
1824 877 1876 916 est

284 933 621 974 medicamentosa,
648 935 752 983 quod
770 936 807 970 in
824 929 881 984 [h]
898 933 1038 984 praeviiS
1048 932 1155 969 rebus
1168 933 1360 983 percocta,
1378 935 1486 971 aliam
1503 934 1678 973 virtutem
1690 934 1819 983 recipit
1828 933 1876 971 ad

284 990 401 1028 usum.
432 991 614 1040 Namque
633 988 837 1040 sulphurosi
847 988 972 1026 fontes
985 999 1185 1025 nervorum
1198 988 1341 1025 labores
1353 989 1535 1029 reficiunt,
1552 988 1874 1041 percalefaciendo

282 1046 555 1096 exugendoque
568 1046 753 1083 caloribus
767 1042 786 1081 ὲ
801 1043 1023 1096 corporibus
1035 1043 1210 1082 humores
1220 1045 1384 1083 vitiosos.
1406 1044 1622 1083 Aluminosi
1632 1054 1771 1089 autem,
1784 1056 1875 1083 cum

285 1103 453 1140 dissoluta
471 1102 642 1140 membra
656 1113 863 1152 corporum
885 1099 1033 1151 paralysi
1052 1109 1115 1136 aut
1132 1100 1252 1150 aliqua
1263 1102 1299 1138 vi
1310 1101 1434 1138 morbi
1444 1111 1661 1154 receperunt
1676 1127 1684 1141 ‚
1705 1099 1873 1138 fovendo

283 1170 348 1208 pet
368 1168 530 1209 patentes
540 1169 651 1195 venas
663 1157 980 1207 refrigerationem
995 1157 1179 1193 contraria
1192 1157 1325 1193 caloris
1336 1158 1370 1193 vi
1390 1156 1569 1201 reficiunt,
1586 1159 1622 1194 ὅ(
1634 1169 1676 1193 ex
1692 1156 1769 1193 hoc
1781 1167 1874 1194 con-

282 1215 442 1251 tinenter
461 1214 742 1251 restituunturin
753 1214 943 1262 antiquam
962 1212 1220 1249 membrorum
1232 1214 1477 1250 curationem.
1499 1211 1722 1249 Bituminosi
1732 1222 1870 1252 autem.

282 1270 467 1306 interioris
486 1270 655 1319 corporis
665 1270 752 1306 vitia
763 1268 983 1319 potionibus
997 1267 1192 1316 purgando
1206 1296 1216 1312 ‚
1235 1266 1352 1305 solent
1363 1268 1510 1305 mederi.
1542 1267 1601 1304 Est
1621 1277 1748 1305 autem
1769 1279 1874 1318 aquae

282 1323 421 1373 frigidae
441 1336 556 1373 genus
577 1323 760 1362 nitrosum
775 1353 785 1368 ,
810 1325 862 1361 uti
884 1325 953 1369 [i]
976 1322 1100 1360 Pinnae
1120 1322 1300 1368 Vestime,
1327 1324 1399 1370 [k]
1423 1324 1587 1363 Cutiliis,
1613 1323 1760 1372 aliisque
1777 1324 1874 1361 locis

281 1378 477 1419 similibus,
498 1379 601 1430 quod
614 1378 834 1430 potionibus
846 1379 1043 1429 depurgat,
1056 1390 1121 1429 per
1132 1379 1329 1428 alvumque
1341 1379 1560 1417 transeundo
1571 1405 1579 1419 ‚
1595 1380 1707 1416 etiam
1724 1377 1769 1428 [l]
1785 1378 1875 1417 stru·

281 1447 426 1473 marum
439 1437 572 1473 minuit
588 1446 769 1473 tumores.
799 1434 882 1473 Ubi
901 1446 992 1473 vero
1021 1431 1090 1486 [m]
1105 1445 1237 1473 aurum
1249 1460 1257 1474 ,
1273 1446 1470 1485 argentum
1485 1435 1641 1480 ‚ferrum
1654 1460 1662 1474 ,
1674 1445 1736 1479 aes,
1747 1436 1875 1485 plum-

283 1490 398 1535 bum,
416 1492 637 1541 reliquaeque
656 1504 710 1529 res
722 1503 848 1529 earum
861 1490 994 1528 similes
1006 1489 1217 1531 fodiuntur,
1237 1490 1361 1528 fontes
1373 1493 1607 1529 inveniuntur
1628 1490 1791 1542 copiosi,
1811 1488 1872 1527 sed

283 1545 322 1583 hi
337 1548 499 1584 maxime
521 1546 599 1584 sunt
616 1547 738 1585 vitiosi
753 1576 759 1583 .
793 1546 944 1584 Habent
961 1547 1060 1583 enim
1078 1548 1166 1584 vitia
1184 1542 1367 1585 contraria
1387 1560 1493 1597 aquae
1511 1545 1654 1586 calidae,
1670 1557 1783 1596 quam
1803 1545 1873 1584 sul-

283 1602 396 1652 phur,
418 1603 587 1647 alumen,
605 1604 780 1640 bitumen
796 1603 954 1645 emittit3
975 1603 1040 1652 qui
1054 1615 1118 1653 per
1128 1604 1326 1652 potiones,
1351 1615 1442 1641 cum
1455 1604 1493 1639 in
1507 1614 1643 1652 corpus
1661 1604 1811 1642 ineunt,
1833 1603 1873 1640 ὃς

284 1669 348 1708 per
358 1669 468 1696 venas
484 1658 752 1710 permanando,
771 1670 908 1697 nervos
921 1660 1108 1708 attingunt
1127 1660 1162 1696 ὅ(
1178 1667 1275 1695 artus
1288 1683 1297 1698 ,
1317 1670 1382 1696 eos
1399 1658 1530 1697 durant
1547 1657 1728 1696 inflando.
1756 1659 1873 1708 Igitur

1766 1723 1870 1750 nervi

1688 1792 1740 1799 .—

273 1823 315 1860 f]
340 1824 421 1852 Idem.
445 1825 477 1852 Vi
486 1827 611 1865 concepti
620 1826 724 1865 spiritus
733 1848 740 1860 ,
756 1828 801 1866 qui
811 1837 905 1866 aquam
914 1827 1041 1866 exprimit
1055 1848 1061 1860 ,
1073 1827 1132 1856 &in
1144 1827 1227 1855 altum
1238 1827 1324 1866 cogit.
1342 1836 1374 1854 ex
1386 1829 1532 1864 quoincitu
1545 1831 1569 1856 &⁷
1579 1826 1653 1854 vario
1663 1823 1869 1861 vehementique

313 1873 393 1892 motu
401 1864 476 1892 illisas
484 1868 598 1905 angustis
610 1868 675 1895 locis
686 1869 816 1895 existimat
827 1867 976 1903 hujusmodi
987 1877 1066 1906 aquas
1077 1867 1243 1899 incalescere,
1255 1865 1357 1894 diverso
1367 1865 1467 1896 scilicet
1478 1868 1570 1901 modo,
1581 1875 1660 1904 atque
1673 1873 1719 1898 εἲ»
1730 1873 1793 1903 <lu-³5
1803 1873 1870 1902 Pau·

313 1904 341 1932 lo
351 1913 412 1932 ante
423 1905 535 1933 credidit
545 1907 608 1945 igne
619 1907 752 1945 supposito
762 1906 941 1936 effervescere.

275 1947 309 1983 g]
341 1945 424 1973 Idem.
447 1945 506 1972 Lib.
518 1956 551 1974 ii.
561 1947 734 1975 indicavimus
747 1957 874 1987 grumum
885 1945 935 1975 effe
947 1947 1136 1975 collectionem
1145 1956 1230 1976 terrae.
1252 1948 1309 1976 Hic
1326 1959 1374 1987 pro
1384 1946 1521 1976 montibus
1533 1947 1690 1986 accipimus.
1712 1948 1802 1973 Docet
1816 1944 1868 1973 ita-

319 1995 382 2025 que,
393 1995 448 2013 non
460 1986 591 2014 continuo
602 1987 733 2015 librandos
744 1984 795 2015 else
806 1985 893 2015 fontes
904 2007 910 2018 ,
924 1987 991 2015 unde
1002 1997 1139 2026 emergere
1149 1988 1280 2016 videntur.
1305 1990 1374 2016 Fieri
1383 1989 1454 2016 enim
1464 1989 1617 2027 plerumque
1626 2009 1633 2019 .
1644 1996 1673 2015 ut
1684 1995 1797 2025 quorum
1806 1983 1871 2012 fon-

321 2027 392 2054 tium
401 2026 524 2054 videntur
533 2024 584 2055 esse
594 2027 679 2066 capita
690 2029 716 2055 in
725 2027 833 2056 summis
844 2027 992 2060 montibus,
1004 2028 1020 2055 fi
1033 2029 1089 2066 quis
1099 2028 1165 2056 latus
1176 2030 1285 2066 aperiat,
1296 2030 1444 2067 experiatur
1452 2039 1484 2056 eo
1494 2028 1641 2057 altitudinis
1650 2026 1775 2055 extolli&
1786 2025 1870 2054 veluti

321 2066 427 2095 extrudi
438 2066 604 2095 vehementia
612 2070 737 2107 concepti
747 2068 859 2106 spiritus,
870 2068 934 2096 dum
942 2078 1007 2106 aqua
1014 2067 1078 2095 saxis
1089 2077 1134 2096 aut
1144 2069 1192 2096 alia
1202 2069 1227 2097 vi
1238 2070 1436 2108 retinetur,quo
1446 2070 1532 2097 minus
1543 2068 1693 2097 libramenti
1702 2066 1738 2095 sui
1749 2067 1871 2105 proprie-

320 2116 373 2134 tare
384 2115 468 2138 exeat,
480 2111 504 2135 ὃ(
515 2117 559 2146 per
567 2110 687 2148 angustas
698 2119 776 2137 venas
787 2109 944 2148 exprimitur
954 2129 960 2141 ‚
973 2118 1037 2147 quas
1047 2109 1064 2137 si
1073 2105 1182 2138 fossuris
1190 2110 1385 2147 patentioribus
1395 2111 1525 2149 aperueris
1539 2131 1544 2144 ,
1556 2109 1642 2138 relidit
1652 2117 1719 2147 aqua
1728 2128 1735 2141 ,
1750 2116 1779 2135 ut
1791 2106 1870 2135 multi

319 2148 486 2185 decipiantur
495 2148 520 2175 iu
531 2147 655 2176 librandis
665 2147 783 2177 fontium
796 2148 935 2187 capitibus.

279 2188 310 2222 h]
339 2188 424 2215 Idem.
446 2188 475 2215 Id
487 2188 521 2215 est
535 2209 541 2221 ,
552 2199 597 2227 per
607 2199 668 2227 quas
680 2198 806 2228 permeat,
821 2188 970 2228 priusquam
981 2189 1012 2217 ad
1021 2198 1170 2228 aperturam
1182 2190 1299 2228 prodeat.

280 2235 312 2267 i]
341 2233 423 2260 Idem·
445 2233 565 2261 Vestinos
577 2233 646 2261 ultra
657 2235 784 2262 Picenum
795 2231 845 2262 effe
857 2234 937 2262 tradit
949 2233 1033 2262 Strab.
1044 2234 1090 2262 lib.
1100 2245 1125 2262 v.
1148 2235 1258 2264 Pinnam
1269 2245 1357 2265 autem
1369 2233 1420 2265 effe
1431 2236 1557 2276 oppidum
1567 2244 1673 2275 apparet
1685 2235 1863 2267 Pinneufium,

320 2282 386 2311 quos
396 2273 422 2299 in
431 2273 542 2300 Vestinis
553 2274 669 2302 collocat
681 2275 748 2302 Plin.
761 2274 806 2302 lib.
817 2285 862 2303 ιιι.
872 2284 927 2313 cap.
941 2285 980 2302 12.
995 2285 1088 2313 quarta
1098 2276 1178 2304 ltalia:
1188 2286 1213 2304 re
1237 2277 1306 2305 ione.
1329 2278 1421 2306 Hodie
1436 2282 1523 2306 Penna
1532 2277 1640 2306 dicitur.

279 2315 308 2348 k]
334 2313 418 2340 ldcm.
443 2313 537 2341 Strabo
548 2314 622 2341 lib.v.
635 2325 687 2343 non
700 2316 812 2343 Cutilias
824 2325 912 2347 vocat,
921 2314 962 2343 scd
975 2315 1171 2345 Cotiscolias.t-Jv
1182 2286 1364 2349 Κωῇσκολίαως,
1375 2316 1577 2359 inquit‚frigidae
1587 2327 1661 2356 aquae
1668 2315 1738 2350 sunt,
1753 2326 1867 2356 quarum

321 2362 399 2392 potus
411 2356 435 2380 ἃ
446 2350 547 2381 insessio
557 2354 667 2382 morbos
677 2365 780 2384 curant.
802 2356 866 2384 Plin.
879 2355 923 2383 lib.
933 2366 1008 2384 xxxi.
1019 2366 1075 2395 cap.
1085 2367 1109 2383 2.
1123 2357 1235 2385 Cutilias
1245 2368 1307 2386 cum
1318 2359 1442 2387 Vitruvio
1451 2359 1528 2387 dixit.
1553 2358 1650 2386 Cutilia
1659 2376 1666 2386 .
1674 2358 1719 2390 ait,
1731 2362 1757 2385 in
1768 2357 1869 2385 Sabinis

318 2392 560 2433 gchdfflmaesuffiu
567 2395 677 2433 quodam
688 2404 785 2433 corpora
792 2397 923 2424 invadunt
935 2418 942 2430 ,
954 2404 984 2424 ut
990 2404 1061 2434 prope
1067 2400 1159 2434 morsus
1178 2398 1262 2426 videri
1265 2397 1336 2436 poffit
1350 2412 1356 2431 ς
1370 2398 1637 2437 aptiffimaestamacho,
1647 2399 1742 2431 nervis,
1752 2397 1867 2435 universe

318 2437 418 2471 corpori.
442 2436 489 2462 Eas
497 2444 575 2473 aquas
587 2445 618 2462 ex
630 2434 762 2464 vinecesse
775 2437 809 2464 est
823 2436 978 2465 aluminosas
990 2441 1014 2465 St
1025 2437 1133 2466 nitrosas
1143 2435 1206 2469 esse,
1216 2437 1257 2466 sed
1267 2439 1324 2477 plus
1332 2439 1452 2469 aluminis
1463 2450 1542 2479 quam
1554 2440 1616 2468 nitri
1626 2438 1730 2467 habere.

278 2475 300 2510 I]
331 2475 414 2502 Idem.
435 2477 557 2507 Strumae,
567 2484 658 2504 aurore
670 2477 800 2515 Aegincta
811 2476 856 2504 lib.
868 2488 907 2504 iv.
920 2487 976 2516 cap.
989 2487 1028 2511 33.
1039 2477 1096 2506 suut
1106 2478 1238 2518 glandula:
1249 2479 1384 2508 obdurarae
1395 2501 1402 2513 ,
1414 2481 1507 2519 quibus
1519 2480 1618 2509 collum
1629 2501 1635 2511 ,
1646 2479 1730 2507 axillae
1741 2500 1748 2512 ,
1759 2478 1870 2518 inguina

321 2524 494 2554 occupantur.
507 2516 730 2554 Graecisaengq'd'u
742 2517 874 2545 dicuntur.
893 2519 973 2546 nostri
983 2519 1064 2546 etiam
1074 2519 1198 2555 scrofidas
1208 2520 1291 2559 vulgo
1300 2520 1432 2560 appellant
1443 2542 1449 2554 ,
1459 2518 1573 2548 fortassis
1584 2520 1656 2554 quod
1665 2519 1703 2547 his
1713 2517 1805 2548 scrofae
1815 2539 1822 2553 ‚
1841 2519 1869 2547 id

320 2557 355 2583 est
366 2566 452 2594 porcae
463 2565 599 2584 tentantur
608 2561 631 2585 δι’
643 2557 773 2584 laborant.
791 2557 856 2585 Vide
867 2557 973 2586 Celsum
984 2558 1029 2586 lib.
1044 2569 1068 2586 v.
1080 2569 1136 2597 cap.
1152 2563 1192 2594 38.
1203 2563 1227 2588 St
1240 2560 1333 2588 Galen.
1345 2560 1389 2588 lib.
1405 2572 1465 2589 xiv.
1477 2560 1612 2589 Methodi-

275 2598 314 2630 m]
343 2597 423 2624 Idem.
450 2597 513 2625 Hoc
521 2597 585 2625 dicit
598 2618 604 2627 ,
625 2598 685 2636 quia
696 2598 819 2625 videntur
830 2608 903 2636 aquae
915 2599 1008 2626 attritu
1020 2598 1101 2631 infici,
1113 2599 1266 2639 aliquidque
1276 2601 1366 2628 odoris
1379 2622 1386 2634 ,
1395 2601 1490 2640 saporis
1500 2623 1507 2634 ‚
1518 2602 1630 2632 coloris,
1639 2598 1773 2637 facultatis
1784 2599 1867 2628 etiam

316 2646 404 2664 earum
417 2647 580 2676 rerum‚quas
592 2638 725 2671 alluerint,
739 2638 854 2666 induere.
880 2639 991 2667 Metalla
1000 2648 1089 2667 autem
1102 2650 1154 2668 tion
1165 2637 1216 2668 effe
1227 2641 1279 2669 sine
1288 2640 1386 2680 sapore,
1396 2643 1496 2670 indicio
1507 2643 1555 2669 erit
1567 2641 1654 2679 liquor
1663 2642 1689 2668 in
1700 2651 1742 2669 vas
1753 2639 1867 2676 cujusvis

317 2676 416 2703 metalli
427 2678 563 2713 conjectus
577 2699 583 2710 ,
595 2678 611 2706 si
622 2679 771 2716 aliquandiu
784 2679 891 2707 steterit.
913 2679 954 2707 Est
968 2689 1031 2708 vero
1048 2680 1103 2707 :cris
1115 2680 1234 2720 ingratus
1245 2684 1269 2709 8<
1280 2691 1382 2710 amarus
1394 2683 1462 2710 odor
1473 2703 1480 2715 ,
1497 2682 1590 2710 deinde
1599 2679 1660 2709 ferri
1671 2702 1678 2713 ‚
1697 2682 1752 2719 post
1763 2681 1868 2719 plumbi

316 2716 429 2749 candidi,
442 2719 526 2745 minus
537 2727 707 2746 caeterorum.
721 2720 844 2748 Odorem
855 2730 957 2750 aurum,
970 2729 1031 2748 cum
1041 2719 1116 2747 senlit
1128 2721 1204 2760 ignes
1214 2742 1220 2754 ‚
1231 2732 1262 2749 ex
1272 2721 1296 2749 se
1309 2723 1393 2750 mittit
1404 2723 1508 2750 suavem
1518 2743 1525 2755 ‚
1539 2720 1581 2750 sed
1592 2722 1636 2759 qui
1648 2722 1691 2749 vix
1698 2721 1770 2749 sensu
1782 2722 1868 2759 perci-

314 2756 402 2794 piatur
415 2778 420 2786 ,
432 2767 572 2796 argeutum
583 2757 759 2787 subfoetiduni
771 2780 777 2791 .
790 2770 824 2787 :cs
836 2763 858 2787 S:
871 2758 969 2788 feirum
978 2756 1062 2799 magis
1071 2759 1218 2794 foetidum,
1230 2761 1354 2790 hebetem
1365 2763 1465 2802 plumbi
1476 2772 1582 2801 genera.
1604 2762 1669 2790 Auri
1680 2761 1757 2789 color
1766 2762 1802 2789 est
1812 2759 1867 2789 ful-

316 2806 373 2826 vus.
385 2799 489 2836 argenti
501 2799 634 2829 candidus,
646 2801 703 2827 aeris
713 2798 849 2832 sulfureus,
859 2798 920 2828 ferri
931 2799 1062 2840 subniger,
1074 2801 1174 2839 plumbi
1185 2802 1424 2843 candidiargenteo
1434 2804 1518 2830 miuus
1529 2802 1652 2830 candidus
1663 2822 1669 2834 ,
1682 2801 1785 2840 plumbi
1796 2803 1869 2839 nigri

313 2833 406 2863 fuscus.
433 2837 578 2865 Facultates
589 2839 684 2867 horum
695 2843 719 2868 3<
732 2841 896 2879 reliquorum
909 2841 1105 2869 metallicotum
1121 2844 1253 2880 (quarum
1265 2843 1291 2870 in
1300 2844 1383 2880 aquis,
1396 2843 1470 2882 quod
1480 2842 1530 2881 ipsa
1543 2842 1660 2870 lambant
1675 2864 1681 2873 ,
1691 2844 1805 2870 maxima
1817 2836 1866 2871 lia-

311 2875 395 2903 benda
416 2877 450 2904 est
469 2877 551 2911 ratio)
574 2878 690 2907 scribunt
704 2880 853 2908 Dioscorid.
865 2880 911 2908 lib.
923 2892 947 2909 v.
966 2885 989 2909 &
1003 2882 1094 2909 Galen.
1108 2882 1152 2909 lib.
1164 2882 1244 2911 ix.de
1257 2883 1367 2923 simplic.
1378 2884 1563 2912 medicantem.
1584 2883 1714 2912 Haecille.
1737 2883 1790 2911 Adi
1801 2886 1867 2913 Bac<

311 2917 384 2945 cium
393 2916 424 2945 de
437 2916 560 2946 Thermis
570 2939 577 2952 ,
604 2920 647 2958 qui
658 2918 860 2961 diligentissime
875 2922 906 2950 tle
918 2921 957 2949 liis
967 2922 1091 2951 omnibu<
1102 2921 1202 2951 scribit.

1766 2990 1796 3024 n]
1804 2988 1866 3018 Phi..
