2023 3162
112 337 145 362 Ci
149 344 219 363 rcum
224 350 235 357 ·

103 376 214 414 scriptio.

256 100 301 135 16
592 90 789 131 Lzoms
834 91 1106 130 BArrts-rffi
1155 101 1223 129 DE
1269 90 1524 131 ALBrn-rrs

255 175 342 200 neas
354 158 582 200 subtilissime
598 159 815 199 examinasse
826 162 938 206 ajunt.
969 160 1009 196 In
1020 159 1089 196 hac
1099 171 1190 196 veto
1205 160 1552 210 circumscriptione
1572 146 1858 215 illu'd‘praecipue

251 218 470 256 servandum
482 216 614 254 censeo
626 245 636 261 ,
648 227 687 254 ut
699 227 741 252 ca
753 215 816 253 fiat
827 216 930 252 lineis
943 227 1053 264 quam
1066 213 1307 255 tenuissimis,
1325 226 1435 264 atque
1450 200 1657 254 admotffim
1670 208 1787 256 vitriis:
1799 212 1858 257 fur

251 274 448 325 gientibus‚
464 271 672 319 cujusmodi
686 271 860 321 Apellem
872 271 1054 321 piCtorem
1068 272 1231 308 exerceri
1241 270 1392 308 solitum
1407 300 1416 314 ,
1440 283 1484 308 ac
1507 283 1596 308 cum
1618 272 1858 324 Prothogene

255 331 402 368 certasse
414 329 584 366 referunt.
594 328 693 365 Nam
705 329 741 365 ὃ(
752 327 1045 376 circumscriptio
1056 328 1152 364 aliud
1164 326 1253 363 nihil
1265 339 1380 376 quam
1392 326 1621 363 fimbriarum
1635 331 1781 366 notatio
1793 330 1856 370 est,

256 400 336 437 quae
348 386 501 436 quidem
514 383 538 420 si
552 383 660 422 valde
671 385 857 434 apparenti
872 384 971 420 linea
980 382 1056 427 fiat,
1071 394 1152 419 non
1165 385 1346 431 margines
1360 381 1634 432 superficierum
1648 384 1683 419 in
1695 385 1832 432 pictura
1845 415 1856 430 ‚

252 443 312 480 sed
324 441 463 479 rimula:
483 440 613 488 aliquae
630 439 872 489 apparebunt.
895 439 1001 475 Tum
1014 450 1191 488 cuperem
1205 438 1301 475 aliud
1316 438 1405 474 nihil
1417 437 1780 489 circumscriptione,
1793 441 1857 479 nisi

253 498 484 536 fimbriarum
494 495 677 533 ambitum
688 494 916 545 prosequi.1n
929 507 1000 544 qua
1017 495 1172 543 quidem
1183 494 1422 531 vehementer
1433 494 1689 531 exercendum
1700 494 1856 533 affirmo.

254 555 369 593 Nulla
380 553 481 589 enim
493 550 725 600 compositio
737 580 745 595 ,
760 551 936 599 nullaque
950 552 1139 587 luminum
1153 552 1333 600 receptio,
1352 561 1431 586 non
1444 549 1604 586 adhibita
1624 550 1857 588 circumscri-

256 611 386 661 ptione
398 638 407 652 ‚
429 607 651 644 laudabitur.
682 608 738 644 At
748 605 823 644 sola
843 606 1143 656 circumscriptio
1156 607 1361 655 plerunque
1383 603 1580 654 gratissima
1591 605 1651 642 est.
1681 607 1858 644 Circum-

253 665 448 716 scriptioni
460 675 551 713 ergo
563 674 676 713 opera
689 662 807 707 detur,
821 662 867 698 ad
879 673 994 711 quam
1007 661 1162 711 quidem
1174 660 1370 699 bellissime
1383 660 1692 700 tenendam,nihil
1703 674 1859 700 accom-

252 719 443 758 modatius
455 720 608 757 inveniri
619 718 719 768 posse
731 718 1031 767 existimo,quam
1044 717 1081 753 id
1092 718 1339 767 velum‚quocl
1349 716 1421 767 ipse
1432 719 1528 754 inter
1538 717 1734 755 familiares
1746 731 1857 756 meos

254 775 333 814 sum
353 774 479 813 solitus
499 776 679 826 appellare
700 773 989 812 intercisionem.
1022 774 1144 819 Cujus
1166 786 1239 823 ego
1260 774 1363 810 usum
1383 774 1656 822 nuncprimum
1669 773 1857 812 adinveni.

251 832 292 869 Id
304 830 505 868 istiusmodi
516 830 585 873 est3
609 831 748 869 Velum
759 830 824 866 filo
837 828 1065 873 tenuissimo,
1077 831 1115 865 δε
1129 841 1206 866 rare
1217 839 1371 873 textum,
1386 829 1523 878 quovis
1537 830 1670 867 colore
1683 830 1855 876 tinnitum,

251 887 321 924 filis
333 886 574 937 grossioribus
586 886 624 922 in
637 887 824 935 parallelas
837 887 1035 936 portiones
1056 885 1203 933 quadris
1225 895 1322 934 quot
1333 886 1442 922 libeat
1454 884 1661 922 distinerum
1673 909 1681 923 ‚
1706 886 1859 924 telario·

254 956 331 992 que
343 943 559 980 distentum:
574 941 677 991 quod
689 941 846 989 quidem
857 942 950 977 iuter
964 951 1103 989 corpus
1117 939 1451 989 repraesentandum
1473 950 1587 989 atque
1599 941 1754 979 oculum
1766 953 1859 979 con-

253 999 385 1044 stituo,
404 1009 444 1035 ut
461 1011 526 1048 per
544 998 787 1034 veliraritates
805 997 965 1046 pyramis
985 995 1098 1033 viiiva
1109 1004 1289 1045 penetret.
1324 995 1450 1032 Habet
1459 998 1559 1032 enim
1574 998 1651 1034 haec
1664 998 1859 1035 veliinter-

252 1055 354 1093 cisio,
369 1054 540 1104 profesto
553 1051 762 1090 commoda
774 1053 811 1088 in
821 1051 854 1088 se
864 1063 944 1088 non
955 1063 1097 1101 pauca:
1117 1053 1243 1101 primo
1254 1050 1360 1100 quod
1372 1050 1515 1088 easdem
1529 1050 1670 1103 semper
1679 1055 1858 1091 immotas

250 1110 459 1160 superficies
470 1108 610 1146 referat.
628 1119 718 1144 nam
730 1106 855 1157 positis
867 1109 1032 1144 terminis
1044 1107 1134 1144 ilico
1148 1106 1334 1156 pristinam
1347 1106 1546 1157 pyramidis
1558 1107 1743 1159 cuspidem
1755 1121 1858 1159 repe-

252 1169 342 1203 ries,
367 1178 449 1214 qua:
461 1177 517 1202 res
536 1162 668 1212 absque
681 1162 917 1206 intercisione
927 1163 1008 1201 sane
1028 1161 1314 1214 perdifficillima
1334 1163 1395 1201 est.
1428 1163 1473 1199 Et
1485 1162 1581 1200 nosti
1602 1176 1717 1212 quam
1739 1163 1858 1202 sitim-

253 1221 426 1273 poffibile
451 1221 589 1270 aliquid
611 1220 802 1271 pingendo
830 1220 927 1256 reete
945 1221 1080 1256 imitari
1099 1244 1106 1257 ‚
1135 1218 1244 1267 quod
1272 1231 1351 1256 non
1371 1219 1415 1255 de
1435 1218 1468 1255 se
1488 1230 1669 1268 perpetuo
1698 1221 1858 1259 eandem

255 1279 423 1330 pingenti
442 1275 577 1313 faciem
598 1275 722 1312 servet.
755 1276 857 1313 Hinc
877 1275 927 1312 est
947 1274 1053 1324 quod
1070 1274 1185 1325 pidias
1203 1274 1249 1311 ab
1260 1276 1336 1312 aliis
1356 1286 1426 1318 res,
1445 1286 1534 1312 cum
1546 1273 1687 1325 semper
1698 1276 1859 1314 eandem

255 1334 394 1372 faciem
413 1333 551 1369 servent
565 1361 575 1376 ‚
597 1330 742 1368 facilius
760 1342 876 1381 quam
897 1330 1052 1381 sculptas
1065 1331 1298 1368 aemulantur.
1330 1330 1437 1368 Tum
1456 1330 1571 1370 nosti,
1598 1342 1728 1380 quam,
1742 1331 1859 1369 inter-

256 1390 356 1426 vallo
380 1400 424 1425 ac
446 1389 565 1426 centri
585 1386 774 1438 positione
794 1389 947 1425 mutatis
964 1416 973 1431 ,
993 1398 1050 1424 res
1070 1385 1142 1438 ipsa
1160 1386 1233 1425 visa
1252 1387 1402 1424 alterata
1424 1385 1494 1423 esse
1517 1397 1701 1438 appareat.
1731 1387 1859 1436 Itaque

255 1445 351 1483 hanc
363 1456 443 1482 non
456 1445 704 1481 mediocrem,
718 1454 835 1492 quam
848 1442 921 1480 dixi
932 1443 1132 1480 utilitatem
1144 1471 1154 1487 ‚
1174 1443 1302 1480 velum
1314 1442 1493 1493 praestabit
1502 1471 1513 1485 ,
1525 1452 1565 1480 ut
1574 1454 1631 1480 res
1644 1443 1786 1492 semper
1797 1454 1860 1480 ea-

254 1501 341 1538 dem
353 1498 373 1537 e
386 1498 590 1549 conspeetu
601 1498 772 1549 persistat.
794 1500 970 1536 Proxima
982 1499 1120 1536 utilitas
1131 1497 1195 1543 est,
1208 1498 1315 1548 quod
1325 1497 1557 1536 fimbriarum
1567 1497 1652 1535 situs
1663 1500 1699 1536 ὅ(
1711 1498 1732 1534 s
1727 1498 1861 1549 uperfi-

254 1559 397 1594 cierum
409 1556 573 1598 termini,
582 1553 787 1592 certislimis
798 1557 835 1592 in
847 1555 1030 1607 pingenda
1040 1555 1165 1593 tabula
1176 1554 1398 1600 locis‚facile
1412 1553 1585 1591 constitui
1595 1552 1742 1604 possint.
1752 1554 1858 1592 Nam

255 1624 343 1650 cum
356 1611 449 1649 istoc
461 1613 497 1648 in
511 1612 686 1663 parallelo
698 1637 706 1651 ‚
728 1611 914 1649 frontem:
935 1613 971 1648 in
983 1612 1175 1662 proximo,
1187 1611 1332 1650 nasum:
1354 1612 1391 1647 in
1404 1612 1620 1661 propinquo
1632 1640 1642 1655 ‚
1665 1621 1795 1659 genas:
1818 1611 1859 1648 in

253 1669 431 1707 inferiori,
446 1678 630 1707 mentum,
648 1667 685 1704 ἃ
695 1666 897 1706 istiusmodi
907 1669 1050 1712 omnia,
1061 1668 1097 1704 in
1109 1667 1204 1704 locis
1217 1667 1284 1704 suis
1297 1666 1466 1717 disposita
1477 1667 1650 1704 intucaris
1661 1680 1669 1701 :
1682 1665 1811 1703 itidem
1821 1667 1860 1704 in

255 1724 381 1762 tabula
395 1734 457 1761 aut
469 1721 694 1774 pariete,suis
706 1735 860 1773 quoque
870 1723 1051 1774 parallelis
1063 1722 1187 1768 divisa,
1197 1723 1287 1760 ilico
1298 1721 1494 1761 bellissime
1506 1723 1634 1759 omnia
1646 1722 1857 1759 collocaris.

256 1780 452 1817 Postremo
464 1780 539 1817 hoc
550 1780 650 1817 idem
661 1781 800 1825 velum,
814 1781 1034 1823 maximum,
1047 1779 1092 1816 ad
1104 1778 1371 1829 perficiendam
1391 1778 1580 1830 pisturam
1597 1777 1856 1824 adjumentum

257 1836 410 1885 pra-stat,
424 1836 577 1884 quando
588 1835 741 1885 quidem
754 1848 833 1873 rem
857 1835 969 1887 ipsam
983 1836 1263 1886 prominentem
1277 1864 1286 1879 ,
1307 1836 1345 1872 δε
1362 1833 1548 1884 turgidam
1558 1835 1595 1870 in
1605 1833 1690 1871 istac
1701 1833 1857 1882 planitie

259 1891 334 1928 veli
355 1892 625 1941 conscriptam,
647 1893 685 1928 ὃ(
706 1892 888 1942 ἀερίξὶαιῃ
902 1921 911 1936 ,
933 1891 1068 1928 videas.
1101 1891 1247 1945 Qibus
1259 1903 1303 1928 ex
1316 1889 1423 1927 rebus
1444 1899 1624 1938 quantam
1635 1888 1679 1925 ad
1699 1888 1806 1925 facile
1819 1890 1858 1925 δε

260 1946 358 1983 reste
369 1946 597 1995 pingendum
608 1947 805 1984 utilitatem
819 1948 944 1984 velum
955 1946 1128 1984 exhibeat
1139 1976 1148 1990 ‚
1168 1945 1250 1983 satis
1263 1948 1299 1983 &
1315 1945 1453 1989 judicio
1465 1944 1500 1980 δέ
1514 1945 1736 1993 experientia
1748 1944 1858 1981 intel-

259 2003 374 2050 ligere
386 2001 585 2051 poffiimus.
615 2001 703 2037 Nec
715 2013 780 2037 eos
800 2002 965 2039 audiam,
989 2002 1194 2049 quidicunt
1210 2003 1367 2037 minime
1381 2000 1593 2036 conducere
1611 1999 1791 2048 pistorem
1802 1998 1859 2036 his

261 2056 374 2094 rebus
385 2055 556 2094 assuefieri
571 2085 580 2100 ‚
592 2067 672 2104 quae
684 2057 719 2092 ὃ(
732 2054 757 2091 si
769 2057 978 2092 maximum
990 2055 1035 2092 ad
1046 2055 1275 2105 pingendum
1286 2054 1543 2100 adjumentum
1554 2053 1720 2099 afferant,
1730 2065 1856 2092 tamen

261 2111 581 2156 hujusmodisunt,
603 2120 644 2147 ut
654 2109 787 2159 absque
809 2113 877 2148 illis
895 2112 954 2148 vix
974 2112 1176 2159 quicquam
1194 2122 1259 2160 per
1279 2110 1310 2146 se
1322 2109 1451 2147 artifex
1462 2108 1586 2159 possit.
1616 2110 1712 2147 Non
1725 2111 1857 2149 enima

262 2169 417 2219 pietore,
431 2170 468 2205 ni
480 2166 599 2210 fallor,
609 2165 796 2204 infinitum
808 2166 977 2203 laborem
988 2164 1237 2215 exposcimus,
1249 2163 1307 2201 sed
1319 2165 1496 2215 picturam
1509 2166 1760 2214 expectamus,
1773 2178 1858 2204 eam

263 2237 344 2273 quce
364 2225 525 2261 maxime
543 2223 762 2272 prominens
776 2251 786 2267 ‚
803 2223 840 2259 &
862 2221 954 2258 datis
973 2222 1198 2270 corporibus
1216 2220 1404 2270 persimilis
1423 2220 1598 2257 videatur.
1631 2222 1759 2273 Qm
1778 2234 1858 2259 rem

262 2279 417 2329 quidem
430 2291 510 2315 non
528 2276 607 2315 satis
619 2279 787 2327 intelligo
800 2307 809 2322 ,
830 2289 999 2325 quonam
1011 2277 1121 2327 pasto
1142 2288 1308 2326 unquam
1319 2275 1391 2313 sine
1411 2276 1728 2315 veliadminiculo
1746 2276 1860 2328 possit

261 2334 442 2384 quispiam
460 2335 519 2371 vel
539 2335 779 2371 mediocriter
799 2333 945 2382 assequi.
976 2334 1088 2382 Igitur
1109 2331 1345 2369 intercisione
1360 2331 1429 2368 hac
1442 2361 1453 2376 ,
1475 2331 1512 2368 id
1523 2331 1571 2369 est
1582 2334 1690 2373 velo,
1716 2333 1858 2378 utdixi‚

263 2401 412 2428 utantur
424 2419 433 2434 ‚
452 2389 561 2438 hiqui
573 2389 765 2427 studentin
782 2390 921 2439 pistura
935 2387 1126 2440 proficere.
1159 2388 1277 2441 Qod
1289 2387 1312 2424 si
1325 2386 1463 2437 absque
1472 2388 1560 2426 velo
1579 2389 1737 2440 experiri
1755 2390 1858 2438 inge-

263 2448 371 2484 nium
383 2445 549 2483 deiceret,
564 2444 658 2482 hanc
669 2444 780 2495 ipsam
793 2445 1053 2495 parallelorum
1067 2445 1249 2481 rationem
1262 2444 1396 2480 intuitu
1408 2445 1698 2492 consequantur,
1713 2455 1753 2481 ut
1764 2445 1857 2481 sern-

263 2513 328 2553 pcr
339 2503 474 2538 lineam
494 2501 571 2537 illic
586 2501 831 2545 transversam,
843 2501 889 2538 ab
901 2501 1009 2538 altera
1021 2499 1314 2551 perpendiculari
1326 2498 1526 2549 perfectam
1542 2500 1783 2549 imaginetur,
1793 2499 1857 2537 ubi

262 2557 502 2608 pros‘peC'tum
512 2557 675 2594 terminu
687 2558 722 2593 in
735 2557 874 2607 pieiura
885 2556 1049 2594 statuant.
1075 2555 1148 2592 Sed
1160 2567 1248 2592 cum
1262 2556 1428 2605 plerunq3
1440 2556 1637 2606 inexpertis
1649 2555 1854 2606 piC‘toribus

262 2613 409 2660 fimbrie
420 2612 698 2661 superficierum
709 2612 821 2659 dubie
835 2613 872 2648 &
882 2613 1020 2659 incerte
1033 2610 1228 2654 sint‚vcluti
1242 2611 1278 2648 in
1289 2610 1533 2659 vultibus‚qui
1543 2623 1619 2647 non
1633 2612 1849 2648 decernunt,

266 2681 347 2717 quo
360 2667 592 2720 potissimum
610 2668 700 2705 loco
711 2679 880 2717 tempora
891 2666 910 2703 a
926 2666 1047 2704 fronte
1065 2666 1361 2704 discriminentur
1375 2695 1383 2711 ,
1403 2666 1588 2704 edocendi
1600 2667 1742 2703 idcirco
1758 2663 1852 2709 sunt,

264 2736 433 2772 quonam
444 2734 666 2773 argumento
685 2735 769 2761 eam
781 2725 832 2760 tei
844 2724 1066 2772 cognitione
1080 2721 1322 2770 assequantur.
1342 2723 1481 2759 Natura
1491 2722 1527 2758 id
1538 2722 1686 2770 quidem
1697 2718 1852 2769 pulchre

264 2779 475 2816 demostrat.
489 2780 589 2816 Nam
601 2789 641 2816 ut
650 2780 685 2815 in
696 2780 812 2829 planis
823 2778 1085 2829 superficiebus
1097 2780 1342 2817 intuemur,ut
1355 2777 1422 2815 suis
1434 2778 1589 2827 propriis
1599 2775 1798 2813 luminibus
1810 2777 1849 2812 δε

265 2833 406 2870 umbris
419 2834 572 2883 insignes
583 2833 661 2873 sint.
670 2837 719 2872 ita
730 2836 767 2872 ὃ(
780 2835 818 2871 in
830 2834 1008 2884 sphaericis
1020 2844 1093 2883 atq,
1111 2835 1289 2871 concavis
1300 2831 1558 2883 superficiebus
1569 2829 1666 2879 quasi
1678 2830 1715 2865 in
1726 2831 1850 2879 plures

264 2888 470 2939 superficies
490 2888 634 2926 easdem
645 2889 793 2928 diversis
813 2891 1026 2928 umbrarum
1036 2889 1269 2926 &luminum
1280 2889 1446 2928 maculis,
1461 2887 1651 2935 quadratas
1668 2884 1847 2924 videmus.

263 2946 363 2995 Ergo
376 2944 519 2994 singulae
529 2955 646 2995 partes
659 2947 823 2983 claritate
834 2974 845 2991 ‚
867 2947 905 2983 δε
918 2945 1140 2983 obscuritate
1150 2941 1358 2982 differentes
1368 2972 1380 2989 ‚
1397 2954 1465 2994 pro
1475 2941 1622 2991 singulis
1643 2939 1850 2992 superficie-

1782 2996 1851 3037 bus
