2023 3162
339 99 825 139 VOCABVLORVM
884 98 1446 138 VITRUVIANORVM.
1617 110 1660 142 81

91 179 151 210 aut
164 166 340 207 verticalis
357 167 548 222 dqscriptaes.
577 168 758 219 Apposite
777 171 930 218 inquam
951 167 1060 212 dixit,
1090 168 1150 205 sed
1167 169 1204 204 in
1227 179 1274 205 eo
1297 165 1541 216 castigandus,
1560 172 1663 218 quod

91 225 311 278 hyperbolas
330 225 457 262 dixerit
477 224 542 261 esse
562 224 754 276 descriptas
773 226 810 261 in
840 225 981 261 circulo
1000 223 1157 262 finitoris
1177 223 1214 259 &
1232 224 1411 261 verticalis
1424 249 1432 262 ,
1455 225 1604 272 quando
1624 229 1662 264 in

90 287 202 334 plano
221 282 413 330 horologii
433 281 538 330 quod
553 293 617 330 per
644 292 815 318 centrum
829 292 908 318 non
927 278 1068 319 transit,
1098 279 1277 317 sectiones
1305 279 1372 316 illae
1399 278 1661 318 describantur.

90 341 184 377 Sunt
202 339 309 387 igitur
333 338 439 388 plana
459 346 540 373 tum
560 335 800 373 horizontalis
819 335 1027 384 horologii,
1064 345 1146 372 tum
1173 335 1354 373 verticalis
1372 360 1380 374 ,
1403 336 1661 384 aeqtiidistantia

90 394 243 444 quidem
255 393 506 429 horizontis&
526 392 707 428 verticalis
719 392 833 442 planis
845 421 855 435 ‚
874 391 931 428 sed
943 402 1019 427 non
1031 391 1161 429 cadem
1174 391 1349 428 cumillis.
1380 389 1470 428 Haec
1481 392 1554 429 ille.
1584 392 1660 430 Sed

90 462 168 488 non
187 449 300 487 video
319 448 408 497 quid
430 447 560 484 securis
579 446 651 483 huc
671 447 778 484 faciat
794 469 803 495 3
820 446 845 483 sl
866 447 1017 484 codices
1036 448 1221 492 juvarent,
1243 446 1393 482 mallem
1405 446 1525 496 legere
1539 446 1663 500 pelican

90 519 168 543 non.
198 500 347 540 Πελικοίν
366 504 464 540 enim
482 501 530 538 est
542 514 653 551 genus
672 503 761 540 vasis
781 512 843 539 aut
863 504 987 552 pelvis,
1018 501 1240 549 Hesychius:
1259 496 1429 547 Πελιιιαὶν,
1452 498 1531 542 εἶδός
1548 503 1591 542 {en
1608 520 1660 539 m-

90 558 192 609 wglg
210 559 350 611 ξυλίνε,
370 554 436 595 zm*
452 560 499 595 τὲ
514 557 734 613 πῖπῑλεκῖοξῖζ.
746 556 968 608 ά’)λοι,ξυλι’νη
981 555 1225 600 λεκάνηᾶηάε
1235 554 1421 594 mnemosynon
1431 569 1564 597 vocata
1574 561 1660 597 loca

93 617 336 672 profundiora
346 613 489 664 paludis
504 613 524 649 a
534 616 647 665 pelvis
659 614 924 664 profunditate.
955 612 1026 652 Sed
1039 612 1115 650 haec
1127 622 1269 651 tanturn
1280 614 1491 660 comestura
1502 615 1561 652 est.

147 674 319 710 PENTA
335 681 520 707 DORON.
552 669 649 707 Vide
670 671 924 707 DIDORoN.

146 730 495 766 PENTAMIRON.
526 725 623 761 Vide
643 726 681 761 D
699 736 844 763 [MIRO
859 737 897 761 N.

145 785 506 822 PENTEPASTOS.
537 780 635 817 Vide
653 781 838 818 TRISPA
855 791 979 816 sros.

147 841 174 877 P
187 853 205 876 E
218 852 242 875 N
259 848 281 875 v
292 849 357 875 LA.
385 835 469 872 Lib.
482 847 516 871 x.
538 847 616 885 cap.
635 848 647 871 1
660 851 692 873 2.
723 841 837 887 Supra
857 835 1006 871 catinum
1030 832 1156 886 penula
1169 864 1178 878 ‚
1205 843 1246 870 ut
1261 833 1523 885 infundibulum
1541 839 1662 874 inven-

80 894 184 947 ficm,
214 895 263 930 eft
278 899 510 943 attemperata,
541 891 692 928 Baldus:
715 892 797 928 Pars
814 889 863 927 est
875 889 1066 928 Ctesibicae
1077 890 1276 929 machinae,
1301 903 1380 939 quae
1393 891 1528 929 cuifini
1539 895 1575 930 ὅ(
1587 892 1664 930 usui

91 953 222 988 valeat,
238 961 281 986 cx
294 947 373 997 ipsis
385 947 542 984 auetoris
553 948 672 985 verbis
682 945 761 984 satis
772 956 881 998 patet.
913 946 1100 983 Caeterum
1111 958 1175 983 cur
1185 947 1320 996 penula
1329 947 1471 984 dicatur
1484 976 1493 991 ,
1514 950 1550 985 δ(
1561 959 1605 984 an
1617 959 1662 984 ea

91 1019 164 1044 vox
176 1018 222 1043 eo
234 1002 331 1041 sensu
350 1002 448 1053 apud
460 1002 574 1040 alium
586 1004 762 1040 Latinum
779 1002 996 1052 scriptorem
1014 1001 1178 1052 usurpata
1194 1003 1422 1047 inveniatur,
1444 1015 1504 1040 mc
1526 1002 1663 1040 nescire

93 1072 216 1113 aperte
228 1061 357 1097 fateor.
388 1058 536 1103 penula,
547 1068 586 1096 ut
595 1059 749 1102 videtur,
761 1057 781 1094 {1
793 1058 926 1096 Graeco
934 1058 1124 1095 vocabulo
1136 1056 1303 1108 φαανὸλη,
1318 1070 1400 1106 quae
1414 1059 1523 1096 etiam
1535 1051 1662 1108 μοωὸύη

91 1119 225 1154 dicitur
235 1143 243 1156 ‚
255 1114 358 1153 vestis
369 1114 418 1152 est
428 1126 543 1163 genus
557 1143 566 1159 ,
576 1127 653 1164 quo
665 1115 833 1151 Romani
844 1114 974 1164 pluvio
986 1122 1154 1162 tempore
1166 1114 1370 1151 utebantur.
1402 1114 1552 1151 Nonius
1562 1115 1663 1151 Mat-

92 1174 205 1210 cellus
224 1171 268 1208 dc
288 1182 422 1220 genere
433 1169 735 1208 vestimentorum
747 1195 755 1208 ,
780 1167 908 1205 penula
921 1198 930 1212 ‚
947 1171 1012 1207 ait,
1037 1168 1086 1206 est
1097 1168 1220 1208 vestis,
1243 1182 1357 1218 quam
1377 1168 1480 1219 supra
1498 1171 1663 1208 tunicam

91 1230 305 1280 accipimus.
321 1226 455 1276 Pomp.
467 1226 709 1264 Pannucialis.
728 1225 907 1262 Penulam
916 1225 954 1260 in
967 1234 1079 1273 caput
1089 1225 1241 1262 induere
1253 1253 1264 1270 ,
1277 1237 1322 1262 ne
1332 1235 1368 1262 te
1379 1225 1522 1263 noscat.
1534 1226 1658 1263 Lucil.

91 1285 162 1323 Sat.
176 1285 198 1321 1.
216 1296 228 1319 1
246 1295 276 1327 5.

313 1335 442 1374 penula
452 1361 460 1376 ‚
459 1335 498 1387 sl
503 1339 618 1388 quaeris
629 1366 638 1382 ‚
651 1338 821 1374 canterius
832 1366 843 1382 ,
850 1333 998 1388 servus,
1008 1336 1169 1392 figcstre,

314 1392 433 1431 thior
443 1389 530 1429 mlht
540 1406 643 1444 quam
653 1390 805 1445 stzpiens.

93 1449 217 1487 Varro
229 1478 239 1493 ,
258 1450 412 1497 Virgula
434 1449 573 1486 divina:
603 1454 692 1496 Ἆζοη
713 1446 893 1500 quaerenda
913 1450 960 1484 cs‘l
977 1445 1109 1485 homini
1127 1448 1187 1501 qui
1204 1443 1301 1484 habet
1319 1447 1489 1484 virtutem
1501 1477 1510 1493 ,
1534 1446 1666 1500 penula

93 1507 131 1542 in
152 1501 265 1540 imbri.
296 1504 368 1541 Sed
388 1503 432 1540 de
453 1516 585 1553 genere
603 1503 710 1541 vestis
728 1506 885 1555 plurima
904 1504 1000 1555 apud
1012 1507 1189 1542 Oratores
1201 1506 1238 1541 ὃ(
1252 1504 1407 1548 Poenis,
1427 1516 1506 1552 quae
1518 1515 1596 1539 non
1614 1503 1666 1539 fa*

94 1561 200 1597 ciunt
219 1560 264 1597 ad
282 1571 358 1596 rem
381 1555 552 1596 nostram.
583 1559 700 1597 Caesar
712 1560 934 1597 Caesarianus
947 1562 1200 1599 Vitruvianam
1213 1559 1307 1596 hanc
1318 1561 1493 1608 penulam
1505 1558 1525 1595 a
1544 1559 1666 1596 forma

93 1618 132 1652 ὃς
151 1614 386 1652 fimilitudine
415 1617 579 1665 penulae,
609 1628 723 1666 quam
744 1617 892 1666 pluviali
911 1615 1067 1654 similem
1089 1615 1191 1653 fuisse
1209 1614 1371 1652 affirmat
1391 1643 1402 1659 ‚
1433 1613 1569 1651 dinam
1597 1626 1666 1663 pu-

94 1680 165 1709 tat,
192 1683 241 1708 eo
259 1671 362 1720 quod
385 1673 421 1707 in
443 1672 615 1721 superiori
635 1682 736 1722 parte
757 1671 904 1722 angusta
917 1701 928 1717 ‚
947 1674 984 1709 in
1002 1672 1166 1709 inferiori
1185 1671 1365 1708 dilatetur.
1399 1669 1470 1706 Sed
1492 1667 1567 1706 hoc
1586 1681 1665 1707 non

95 1727 257 1763 multum
275 1726 468 1763 satisfacit.
506 1726 636 1763 penula
651 1725 806 1777 fiumen,
839 1729 889 1764 ait
910 1727 1054 1775 Bayfius
1073 1757 1084 1772 ‚
1113 1735 1260 1763 utuntur
1279 1726 1307 1761 ii
1327 1754 1338 1770 ‚
1369 1726 1428 1776 qui
1445 1721 1587 1776 [δίωκε
1604 1721 1666 1760 ha»

95 1779 171 1817 beat
190 1779 305 1831 visere
329 1780 430 1818 aedem
458 1788 502 1819 D.
522 1780 628 1818 Iacobt
649 1781 779 1818 Calect':
807 1792 958 1819 utuntur
984 1776 1029 1820 ὠ·
1052 1780 1223 1835 pegafizrz'l
1238 1778 1408 1830 cut‘fires,
1435 1781 1497 1832 qui
1521 1778 1537 1817 ὲ
1563 1779 1669 1816 Gallia

95 1833 324 1888 Lugduszenst
336 1838 454 1888 quinto
473 1846 532 1873 aut
546 1835 649 1888 sexto
674 1836 812 1873 demum
831 1835 886 1875 dle
910 1843 1046 1874 Romam
1065 1835 1250 1881 advolant,
1267 1832 1416 1887 fitbinde
1430 1834 1667 1887 perstationes

96 1896 233 1928 mutatu
245 1895 347 1943 equs's.
377 1893 585 1941 Intelligere
602 1893 747 1931 videtur
757 1894 802 1930 de
819 1905 933 1943 parvo
950 1894 1128 1931 mantello
1138 1892 1287 1929 scorteo
1299 1919 1309 1935 ‚
1330 1903 1443 1939 quam
1454 1899 1669 1927 mozzettam

96 1948 225 1985 dicunt
235 1946 368 1986 nostri,
392 1949 453 1984 vel
465 1949 508 1984 cle
520 1949 643 1985 villosa
655 1949 749 1986 veste
762 1978 771 1993 ‚
783 1960 897 1998 quam
909 1949 1111 1986 Sclavinam
1120 1948 1316 1997 appell-ant.
1347 1946 1428 1994 Ego
1439 1947 1475 1981 in
1487 1946 1583 1982 hanc
1593 1943 1671 1982 sen-

97 2004 251 2040 tentiam
271 2003 516 2052 conquiesco:
543 2004 630 2040 ideo
650 2005 864 2042 Vitruvium
880 2014 1024 2053 partem
1044 2004 1146 2040 illam
1166 2003 1341 2053 penulam
1362 2000 1484 2037 dixisse
1500 2000 1669 2044 arbitror,

99 2058 203 2105 quod
214 2058 254 2094 sit
265 2059 482 2107 operculum
492 2058 702 2108 quoddam:
726 2062 762 2097 δε
774 2061 845 2105 jam
857 2059 1002 2099 scimus,
1015 2059 1146 2096 Nonio
1157 2059 1330 2096 docente,
1344 2057 1517 2107 penulam
1527 2055 1672 2093 abusive

101 2112 148 2149 ad
159 2123 273 2148 omne
294 2114 397 2160 quod
407 2115 516 2162 tegit,
542 2114 789 2152 nobilissimos
801 2125 943 2152 veteres
963 2113 1184 2152 transtulisse.
1216 2113 1396 2151 Varronis
1414 2111 1558 2148 inducit
1577 2109 1673 2146 testi-

101 2168 277 2205 monium
292 2168 328 2203 in
341 2168 492 2204 Manio:
511 2181 586 2204 cum
595 2171 753 2221 corrigias
771 2167 942 2220 dfiuptas
950 2179 1043 2205 tenet
1054 2167 1183 2220 penula
1195 2197 1205 2212 ‚
1223 2166 1392 2218 reliquum
1406 2164 1526 2217 pedem
1536 2163 1675 2214 sc'ortea

94 2231 283 2276 pertegere.
315 2222 440 2274 Qm
452 2223 582 2260 locum
594 2235 782 2273 exponens
793 2223 989 2260 Turnebus
1003 2253 1013 2269 ‚
1026 2222 1155 2274 penula
1165 2221 1256 2274 apud
1263 2227 1449 2261 Varronem
1459 2229 1673 2272 campartem

101 2275 202 2314 calcet
210 2275 395 2330 significat,
412 2289 482 2329 quae
485 2276 607 2329 pedem
615 2277 794 2313 involucro
794 2275 855 2326 fici
864 2275 993 2330 obtegit.

158 2332 185 2370 P
198 2344 302 2371 ERiA
315 2344 340 2370 c
352 2344 417 2368 Tr.
449 2332 572 2369 Lib.v.
594 2344 672 2382 cap.
685 2347 720 2377 7.
751 2330 949 2368 Secundum
968 2341 1081 2368 autem
1090 2344 1128 2367 ea
1138 2332 1254 2383 spatia
1269 2328 1315 2366 ad
1328 2338 1468 2368 ornatus
1482 2341 1675 2383 comparata

107 2386 273 2441 (quaeloca
284 2387 388 2425 Graect'
398 2383 712 2428 wfflodn‘lsc‘dz'cum,
734 2383 773 2423 ab
782 2399 816 2422 eo
825 2385 916 2438 quod
930 2384 1090 2423 machinae
1100 2385 1236 2438 suntin
1246 2383 1593 2436 halocisverfitiles‚
1612 2390 1677 2423 tri-

100 2456 207 2496 gonos
228 2440 407 2484 habentes)
429 2444 466 2479 in
473 2440 613 2496 singula
631 2452 700 2479 tres
708 2442 783 2494 sint
791 2443 917 2494 species
936 2444 1134 2479 ornationis.
1157 2443 1310 2480 Baldus:
1333 2442 1506 2479 Graecum
1516 2442 1673 2480 verbum

108 2495 255 2547 a-sstdydv
275 2498 490 2538 estversare‚
516 2510 675 2542 vertere,
697 2498 977 2536 circumducere
991 2528 1000 2543 ‚
1019 2498 1271 2536 circumferre:
1293 2497 1378 2535 hinc
1389 2493 1574 2542 wf'ecsoen'l&
1594 2510 1676 2535 ver-

109 2553 237 2592 satilis:
259 2554 295 2591 &
315 2550 475 2595 wssioen'lov
493 2554 625 2593 dicitur
642 2554 687 2591 de
697 2556 823 2603 quavis
838 2556 1052 2605 revulgata‚
1070 2554 1300 2603 quaescilicct
1315 2566 1380 2603 per
1389 2553 1588 2590 hominum
1609 2565 1675 2590 ora

110 2609 376 2648 circumfertur.
410 2611 519 2648 Erant
544 2621 667 2647 autem
687 2605 841 2651 πῧὲαιίῖσι
860 2611 955 2660 (quae
975 2623 1053 2648 vox
1073 2609 1122 2646 est
1141 2609 1338 2660 promiscui
1355 2609 1511 2657 generis)
1531 2609 1617 2644 loca
1635 2610 1676 2645 in

109 2665 257 2703 theatro
270 2695 279 2710 ‚
295 2665 484 2715 dequibus
495 2667 628 2703 Pollux
648 2666 708 2703 lib.
727 2679 784 2703 1v.
809 2678 888 2715 cap.
905 2679 963 2710 19.
997 2665 1266 2709 Huiuscemodi
1286 2665 1356 2700 istae
1374 2662 1553 2701 maehinae
1574 2673 1677 2702 erant

111 2720 218 2758 firma
233 2723 382 2771 trigona
395 2751 405 2766 ‚
426 2721 463 2758 &
480 2722 607 2758 axibus
625 2721 780 2772 adpactae
792 2721 1022 2759 versabantur
1033 2722 1078 2757 ad
1087 2721 1278 2757 scenarum
1291 2721 1529 2756 mutationes.
1557 2720 1597 2756 In
1608 2718 1679 2757 fin-

114 2778 207 2827 gulis
226 2779 326 2814 enirn
346 2776 531 2814 frontibus
552 2777 699 2825 picturae
719 2788 839 2817 erant,
864 2779 962 2824 juxta
981 2777 1111 2813 fabulae
1124 2805 1133 2817 ,
1152 2787 1231 2823 quae
1242 2774 1434 2823 agebatur,
1456 2777 1680 2825 opportuni-

116 2842 250 2871 tatem,
270 2832 330 2870 seu
347 2832 493 2881 satyrica
512 2831 616 2876 esset,
634 2833 693 2869 seu
711 2834 859 2870 comica
869 2834 926 2871 vel
937 2835 1086 2881 tragica.
1119 2831 1265 2867 Putavit
1282 2830 1498 2870 Philandet‚
1520 2842 1561 2867 ea
1571 2830 1681 2868 verba

118 2887 277 2927 Vitruvii
294 2889 382 2927 eod.
403 2901 481 2940 cap.
511 2887 706 2925 secundum
725 2901 761 2924 ea
787 2886 855 2924 loca
873 2884 1024 2939 verfizrae
1057 2894 1122 2922 unt
1133 2894 1374 2938 procurrentes
1386 2914 1398 2932 ‚
1426 2898 1496 2938 quae
1516 2883 1683 2936 efficiunt,

1070 2947 1099 2978 L
1387 2946 1395 2951 '
1617 2952 1685 2976 rma
