2023 3162
487 64 918 103 COMMENTARIVS
961 72 1020 102 οε
1059 64 1388 105 SevLPTvRA.
1698 82 1748 120 49·

146 141 240 171 eata.
269 131 458 170 Cementa
468 132 569 169 enim
583 130 631 168 sic
641 131 758 182 posita
769 130 936 169 efficiunt
946 132 1112 170 imbricis
1123 133 1298 183 speciem,
1311 134 1348 170 in
1359 144 1470 184 quam
1483 142 1563 184 pars
1573 139 1746 186 quaedam

145 189 241 226 tertii
251 188 414 225 cementi
428 187 596 225 inseritur
606 216 616 232 ‚
635 189 723 225 utin
734 188 888 225 lateritia
900 186 1071 226 struCiura
1088 187 1168 226 fieri
1178 187 1359 226 videmus.
1390 189 1482 226 Inde
1492 190 1673 232 structurae
1683 207 1744 244 gea

143 255 212 281 nus
223 243 399 280 insertum
411 242 616 282 dicebatur.
646 244 719 281 Sed
733 243 830 281 unde
840 241 986 293 digressi
997 243 1132 284 sumus,
1147 243 1192 281 ad
1201 244 1380 294 plasticen
1393 245 1601 284 redeamus,
1624 262 1742 298 quam

142 311 222 336 non
243 299 438 337 immerito
460 298 630 337 Pasiteles
652 308 813 337 matrem
832 298 1010 337 statuariae
1022 328 1032 344 ‚
1050 299 1265 351 sculpturae,
1291 302 1328 338 ὅ(
1348 302 1530 340 caelaturae
1551 302 1618 340 esse
1637 305 1738 343 dixit,

142 356 280 405 quippe
292 367 374 404 quae
387 354 433 392 ab
446 366 488 391 ea
499 365 679 404 tanquam
692 354 712 391 a
722 355 867 393 surculo
879 355 1082 405 prodeant,
1104 355 1254 394 utidem
1273 356 1412 394 Plinius
1423 358 1496 394 alio
1507 358 1599 396 loeo
1610 359 1738 402 docet,

142 412 188 448 de
201 410 412 448 Zenodoto
432 411 498 447 illo
508 410 689 455 scribens,
709 413 772 459 qui
794 410 970 449 Arvernis
991 412 1156 450 immane
1167 411 1257 449 illud
1276 413 1454 450 Mercurii
1474 413 1741 456 simulachrum

140 465 327 505 immenso
345 467 466 516 pretio
487 478 552 516 per
571 478 690 504 annos
709 467 840 504 decem
861 466 967 504 finxit
985 466 1126 517 pedum
1146 481 1261 510 cccc;
1281 467 1346 505 nisi
1365 470 1491 519 potius
1503 472 1744 521 quadraginta

140 534 212 573 pro
234 521 600 572 quadringentorum
612 523 772 571 legimus
787 551 797 567 ‚
819 534 937 571 quum
948 534 1049 560 error
1058 534 1102 559 ex
1110 534 1256 561 vocum
1267 523 1502 562 similitudine
1512 525 1622 565 facile
1633 528 1744 565 obre-

138 590 225 629 pere
242 578 419 629 potuerit.
451 578 588 615 Lector
606 581 706 615 enim
728 576 853 615 secum
872 587 977 628 putet
994 579 1107 616 molis
1127 579 1347 617 immensam
1366 581 1614 620 altitudinem.
1652 585 1736 622 lmo

136 633 388 684 proculdubio
401 633 450 670 ita
461 633 663 683 legendum
673 633 722 670 est
732 644 772 670 ut
781 634 931 671 dico:ex
941 633 1061 672 verbis
1071 636 1172 671 enim
1183 634 1291 672 Plinii
1299 647 1460 686 apparet,
1470 637 1738 678 simulachrum

136 689 230 727 illud
242 690 327 727 artis
340 690 643 739 experimentum
663 688 860 726 dumtaxat
876 687 980 726 fuifl'e
993 718 1003 733 ‚
1022 691 1060 726 ὃ(
1071 700 1253 740 tanquam
1274 692 1563 731 meditationem
1584 696 1736 741 majoris

136 744 327 789 cujusdam
340 745 476 795 operis.
487 746 535 781 ait
546 745 660 788 enim,
672 755 792 792 quum
802 753 920 781 artem
932 742 1010 781 satis
1020 744 1072 781 ibi
1083 746 1370 797 approbavisset,
1393 746 1564 786 Romam
1574 753 1737 789 accitum

136 800 157 837 ἐι
170 801 337 844 Nerone,
348 799 567 838 destinatum
579 800 673 836 illius
691 799 870 850 Principis
880 798 1147 837 simulachrum
1159 801 1367 842 colosseum
1378 803 1496 842 feciss'e
1515 819 1535 843 c
1548 819 1568 842 x
1588 807 1732 856 pedum

134 856 380 906 longitudine.
412 856 508 909 Qis
527 856 627 892 enim
648 854 793 893 credat,
816 866 938 903 quum
960 854 1142 893 Arvernis
1160 857 1519 906 quadringentorum
1538 862 1677 911 pedum
1692 863 1734 900 si—

134 911 370 951 mulaehtum
381 910 518 948 feciss'et
530 936 538 949 ‚
553 909 599 947 de
612 909 688 947 hoc
697 911 815 948 altero
825 911 939 959 longe
950 912 1098 949 minore
1111 911 1285 960 cogitasse
1297 913 1423 964 postea
1434 917 1655 954 Neronem?
1679 918 1732 957 At

135 979 248 1017 quem
262 967 494 1016 Principem?
515 965 721 1006 tumidum,
744 977 882 1004 vanum
894 995 904 1011 ‚
928 967 1141 1016 prodigum.
1174 968 1247 1005 Sed
1259 970 1296 1006 ὅ(
1309 969 1540 1008 colossiisille
1553 972 1732 1011 Rhodio-

131 1036 218 1061 rum
228 1023 454 1073 septuaginta
465 1023 682 1072 cubitorum
695 1031 842 1059 tantum
853 1021 933 1059 fuit.
944 1024 1008 1072 qui
1019 1032 1232 1061 terraemotu
1243 1024 1440 1074 prostratus
1452 1055 1462 1070 ‚
1484 1028 1607 1078 jacens
1618 1030 1730 1067 etiam

132 1079 316 1116 miraculo
329 1077 408 1116 fuit.
439 1076 612 1115 Profe&o
634 1089 714 1115 non
725 1077 775 1114 est
793 1077 947 1115 librariis
967 1079 1123 1130 pronior
1141 1080 1180 1115 in
1191 1091 1357 1118 errorem
1376 1081 1494 1132 lapsus
1509 1111 1518 1126 ‚
1538 1095 1650 1132 quam
1664 1085 1729 1122 ubi

131 1143 340 1171 occurrunt
352 1134 520 1178 numeri,
539 1134 697 1182 quitum
716 1143 893 1171 notarum
904 1163 914 1179 ‚
933 1144 1015 1172 tum
1026 1135 1140 1172 etiam
1151 1146 1294 1172 vocum
1307 1135 1543 1176 similitudine
1562 1140 1650 1190 saepe
1661 1141 1731 1178 fal-

129 1191 220 1228 lunt.
251 1189 445 1238 Ejusmodi
454 1190 569 1227 multa
579 1188 761 1240 scripturae
773 1190 860 1227 vitia
873 1189 1090 1228 detersimus
1100 1192 1138 1227 in
1149 1192 1191 1227 iis
1202 1203 1282 1240 quae
1295 1192 1428 1230 edituri
1439 1193 1563 1231 sumus
1573 1194 1618 1232 de
1630 1199 1730 1234 notis

129 1257 392 1283 numerorum.
426 1244 543 1297 Qod
555 1246 668 1294 igitur
679 1243 800 1282 scribit
813 1245 951 1282 Plinius
963 1257 1123 1284 omnem
1135 1247 1423 1296 amplitudinem
1439 1249 1637 1288 statuarum
1649 1253 1730 1299 ejus

129 1302 274 1351 generis
284 1299 403 1338 vicisse
414 1301 664 1338 Zenodorum
680 1329 689 1344 ‚
708 1300 754 1338 de
765 1300 965 1352 simulacro
978 1303 1144 1341 Neronis
1155 1304 1440 1352 intelligendum
1452 1305 1500 1342 est
1512 1334 1522 1350 ‚
1543 1307 1651 1356 quod
1660 1320 1728 1346 co-

130 1357 267 1395 loss'um
279 1357 385 1394 illum
397 1355 645 1394 Rhodiorum
656 1355 846 1406 superabat
857 1388 866 1402 ,
878 1369 1000 1407 quum
1013 1357 1120 1396 fuerit
1133 1359 1376 1398 Neronianus
1389 1361 1630 1410 longitudinis
1642 1365 1727 1414 ped.

131 1427 152 1450 c
166 1427 187 1450 x
203 1438 211 1452 .
245 1412 422 1451 Rhodius
432 1424 522 1451 Vero
547 1427 567 1450 L
581 1426 601 1449 x
617 1426 650 1449 x.
672 1414 888 1450 cubitorum
900 1442 910 1458 ,
922 1415 986 1463 qui
1006 1427 1026 1451 c
1037 1426 1072 1451 v.
1087 1413 1198 1465 pedes
1209 1424 1354 1453 tantum
1367 1415 1544 1455 efficiunt.
1577 1420 1727 1458 Omnes

128 1469 239 1519 igitur
257 1468 388 1507 statuas
409 1469 520 1506 molis
547 1469 804 1517 magnitudine
824 1468 1006 1519 superavit
1037 1469 1258 1508 destinatum
1278 1471 1368 1509 illud
1397 1473 1558 1512 Neronis
1577 1474 1725 1513 simula-

128 1524 284 1568 chrum3
309 1524 413 1574 quod
425 1525 558 1562 Plinius
568 1524 601 1561 se
621 1524 742 1562 vidisse
751 1524 899 1563 testatur
912 1552 920 1566 ,
942 1524 1049 1563 simul
1067 1526 1294 1565 admiratum
1314 1539 1394 1565 non
1407 1529 1528 1567 modo
1548 1542 1591 1568 ex
1602 1531 1727 1581 argilla

127 1580 406 1618 similitudinem
426 1580 607 1629 insignem
621 1607 629 1622 ,
652 1593 782 1619 vetum
795 1583 832 1619 ὃς
845 1594 888 1619 ex
900 1583 1016 1632 parvis
1037 1581 1244 1621 admodum
1255 1581 1418 1625 surculis,
1443 1585 1548 1635 quod
1559 1587 1727 1636 primum

126 1638 250 1687 operis
261 1636 368 1674 instar
378 1635 460 1674 fuit.
494 1637 624 1674 Potuit
634 1638 743 1685 igitur
753 1636 827 1674 sola
839 1638 987 1688 plastice
999 1636 1240 1689 spectantium
1251 1641 1387 1677 oeulos
1398 1650 1523 1678 tenere
1537 1667 1546 1686 ,
1559 1644 1596 1680 &
1615 1644 1651 1680 in
1662 1643 1724 1681 ad-

127 1694 368 1730 mirationem
387 1693 581 1730 adducere.
613 1693 700 1730 Nec
720 1694 877 1731 mirum:
900 1694 1131 1733 coloss'orum
1152 1696 1253 1733 enim
1273 1696 1426 1734 audacia
1437 1697 1601 1747 primum
1622 1700 1659 1735 in
1670 1711 1723 1736 ar-

127 1749 214 1797 gilla
223 1749 379 1799 spee‘tata
391 1747 460 1786 fuit
471 1778 479 1793 ‚
500 1751 537 1787 ἃ
551 1760 605 1785 ars
615 1750 651 1786 in
662 1760 704 1786 ea
716 1760 796 1788 tota
806 1749 991 1802 perspecta
1002 1775 1011 1790 ,
1034 1761 1074 1788 ut
1085 1750 1176 1787 nihil
1189 1753 1344 1802 amplius
1358 1781 1367 1796 ,
1386 1763 1515 1802 praeter
1525 1755 1602 1790 aeris
1614 1753 1722 1792 fufio-

122 1815 210 1841 nem
227 1833 236 1849 ‚
263 1807 301 1842 ὃ(
324 1804 633 1843 emendationem
646 1835 654 1849 ‚
675 1805 853 1844 accedere
878 1805 1015 1858 posset.
1047 1807 1131 1844 Imo
1151 1819 1222 1845 nec
1242 1810 1421 1845 marmori
1441 1820 1573 1847 manus
1591 1810 1723 1848 audeat

123 1859 326 1897 admovere
345 1860 473 1898 artifex
486 1886 494 1902 ,
506 1859 569 1897 nisi
592 1863 690 1912 prius
703 1891 712 1906 ‚
725 1862 829 1911 quod
848 1863 966 1900 totius
979 1864 1101 1913 operis
1113 1863 1219 1901 instat
1231 1863 1272 1900 sit
1285 1893 1293 1908 ,
1310 1876 1353 1901 ex
1365 1865 1487 1914 argilla
1496 1865 1723 1915 proplasma-

123 1924 159 1952 ta
178 1915 411 1953 formaverit:
436 1917 622 1953 interdum
642 1918 763 1967 plura,
785 1926 828 1956 ut
846 1917 950 1967 quod
965 1919 1004 1955 in
1022 1917 1168 1967 singulis
1187 1921 1350 1957 maxime
1360 1921 1589 1970 probaverit,
1611 1920 1648 1958 id
1658 1920 1724 1959 sibi

122 1971 348 2009 imitandum
360 1982 560 2022 proponat.
584 1972 710 2021 Atque
722 1975 770 2010 ita
782 1986 824 2010 ex
842 1974 885 2010 iis
905 1973 1051 2011 surculis
1062 1974 1171 2023 surgit
1181 1987 1289 2023 opus.
1312 1975 1431 2011 Recte
1441 1977 1540 2013 enim
1552 1975 1722 2013 Pasiteles

122 2025 298 2074 plasticen
319 2038 479 2065 matrem
491 2027 669 2065 statuaria:
690 2028 726 2064 &
747 2028 937 2080 sculpturae
957 2029 1026 2066 esse
1046 2030 1147 2067 dixit.
1179 2031 1371 2078 Quocirca
1383 2043 1470 2068 cum
1483 2033 1519 2067 in
1531 2031 1585 2069 his
1596 2034 1723 2068 omni-

125 2081 191 2117 bus
204 2080 366 2118 summus
376 2082 479 2120 essct.
504 2084 597 2120 nihil
609 2095 777 2131 unquam
789 2083 878 2122 feeit
887 2095 1088 2134 antequam
1100 2085 1267 2122 finxiss'et.
1283 2086 1319 2122 δε
1331 2086 1438 2122 multi
1451 2087 1511 2122 alii
1524 2088 1658 2135 egregii
1669 2089 1721 2137 pi-

123 2136 244 2173 &ores
266 2136 302 2173 id
314 2135 430 2186 ipsum
441 2137 653 2175 faffitarunt
666 2137 765 2176 felici
786 2139 997 2177 admodum
1007 2139 1179 2176 success'u.
1203 2141 1243 2176 In
1255 2150 1469 2178 toreumate
1482 2143 1583 2178 enim
1597 2143 1721 2180 videre

121 2193 209 2229 licet
220 2221 229 2235 ‚
240 2192 566 2241 quemadmodum
577 2203 750 2230 extremae
762 2194 868 2230 lineae
878 2193 1080 2241 figurarum
1091 2194 1264 2234 desinant,
1278 2196 1369 2244 quid
1381 2196 1502 2236 lateat,
1516 2197 1604 2246 quid
1616 2200 1717 2235 cerni

121 2246 246 2298 possit‚
263 2247 466 2296 quomodo
481 2247 620 2285 umbrae
632 2248 698 2285 sint
710 2248 883 2285 alumine
895 2248 1201 2298 dividendae‚quae
1214 2261 1331 2301 partes
1345 2253 1513 2301 corporis
1526 2253 1713 2294 recedant,

121 2316 204 2353 quae
218 2304 419 2340 emineant.
451 2303 572 2354 Qod
583 2303 741 2352 denique
754 2313 886 2341 natura
895 2303 1086 2343 fictoriest,
1099 2305 1136 2342 id
1146 2305 1254 2343 fictor
1263 2305 1312 2342 est
1323 2307 1466 2355 pistori.
1497 2309 1584 2346 Nec
1595 2311 1715 2359 piguit

121 2360 270 2397 nobiles
279 2359 436 2397 artifices
447 2369 582 2396 terram
596 2359 764 2397 manibus
778 2360 939 2397 tractare.
953 2360 976 2397 si
986 2361 1139 2410 quidem
1151 2362 1247 2398 olim
1259 2362 1388 2399 fictiles
1402 2364 1573 2401 Deorum
1584 2367 1716 2416 imagi-

121 2426 187 2452 nes
197 2415 345 2452 fuerunt
356 2414 621 2453 laudatissimae.
654 2416 737 2451 Fuit
750 2417 844 2452 lovis
859 2417 895 2452 in
908 2416 1103 2467 Capitolio
1125 2415 1145 2452 a
1156 2418 1367 2466 Tarquinio
1379 2419 1498 2457 dicata
1511 2448 1520 2464 ‚
1535 2419 1663 2458 fictiles
1677 2423 1714 2460 in

121 2471 266 2521 fastigio
279 2472 409 2521 templi
422 2471 607 2519 quadrigae
619 2500 627 2515 ‚
640 2470 758 2508 siculis
771 2471 967 2515 Hercules,
980 2474 1046 2521 qui
1060 2472 1079 2508 a
1091 2475 1243 2511 materia
1253 2485 1393 2511 nomen
1405 2476 1444 2512 in
1465 2475 1554 2512 urbe
1564 2475 1715 2515 sortitus

122 2527 183 2564 est.
221 2528 323 2580 Qun
336 2529 373 2564 ὅ(
387 2527 524 2576 fastigia
543 2528 774 2578 templorum
792 2528 829 2563 in
840 2527 929 2564 urbe
949 2527 1051 2566 fuere
1071 2529 1197 2567 crebra
1211 2558 1221 2573 ‚
1245 2531 1336 2567 mira
1357 2532 1550 2582 caelatura,
1575 2533 1711 2570 ‹Scarte⁴

122 2584 315 2621 Caeterum
335 2582 648 2628 Dubitiadesille,
670 2583 883 2633 quiptimus
903 2583 1281 2633 hominisimaginem
1294 2586 1406 2635 gypso
1427 2583 1446 2622 ὲ
1466 2585 1639 2636 facieipsa
1653 2601 1714 2626 ex-

119 2637 246 2689 pressit
261 2668 270 2683 ,
281 2650 439 2688 ceraque
450 2640 488 2675 in
500 2650 581 2676 eam
592 2637 756 2675 formam
769 2637 883 2676 infusa
893 2639 1092 2677 emendate
1104 2639 1274 2680 instituit,
1297 2652 1413 2678 artem
1426 2643 1599 2692 aperuisse
1610 2644 1712 2682 videa

120 2704 199 2737 tur3
222 2695 301 2732 hoe
312 2696 413 2731 enim
425 2705 501 2731 erat
512 2694 601 2731 huic
613 2695 663 2732 rei
676 2703 797 2744 caput.
829 2694 900 2732 Sed
912 2707 983 2732 nec
994 2705 1138 2734 tautum
1149 2697 1375 2746 excipiendis
1394 2697 1525 2734 formis
1546 2699 1633 2737 utile
1645 2700 1714 2738 fuit

120 2751 273 2800 gypsum
287 2765 294 2792 3
319 2752 526 2799 quinetiam
537 2748 783 2800 exscalpendis
795 2751 971 2788 caelaturis
982 2752 1136 2788 materia
1153 2751 1359 2790 admodum
1372 2763 1561 2802 oportuna
1571 2754 1714 2806 semper

121 2805 191 2843 visa
205 2806 271 2845 est,
293 2804 350 2843 sed
364 2805 507 2856 fragilis.
539 2804 636 2842 Usus
647 2808 721 2847 eius
732 2807 768 2842 in
787 2805 908 2842 Gallia
920 2806 1091 2855 frequens
1103 2806 1153 2843 est
1163 2836 1172 2852 ‚
1191 2809 1227 2844 ὅ(
1240 2807 1435 2856 quondam
1456 2808 1555 2847 fuisse
1568 2823 1712 2849 nomen

33 2850 36 2853 ¹
68 2870 71 2873 ⁴
120 2862 277 2900 indicat.
293 2861 531 2913 plastreenim
544 2860 988 2912 proculdubioaplastice
1000 2862 1143 2899 dicitur.
1175 2864 1309 2900 Plinius
1321 2874 1430 2901 autor
1442 2865 1508 2906 est,
1534 2869 1711 2915 antiquos

119 2916 253 2956 statuas
265 2917 449 2959 bitumine
461 2917 611 2969 pinxisse
623 2946 633 2964 ‚
647 2917 682 2956 ὅ(
695 2916 1075 2957 Deorumdumtaxat
1094 2918 1311 2958 simulachra
1331 2921 1493 2973 primum
1504 2920 1582 2960 fieri
1595 2921 1708 2960 [blita.

1050 2987 1078 3028 g
1557 2977 1595 3016 A
1613 2978 1712 3033 Diis?
